<?xml version="1.0" encoding="UTF-8"?>
<!DOCTYPE html PUBLIC "-//W3C//DTD XHTML 1.0 Transitional//EN"
    "http://www.w3.org/TR/xhtml1/DTD/xhtml1-transitional.dtd">
<html xmlns="http://www.w3.org/1999/xhtml" xml:lang="en" lang="en">
 <head>
  <title>
</title>
<meta http-equiv="Content-Type" content="text/html;charset=utf-8" />
  <meta name='ocr-system' content='tesseract 3.04.00' />
  <meta name='ocr-capabilities' content='ocr_page ocr_carea ocr_par ocr_line ocrx_word'/>
</head>
<body>
  <div class='ocr_page' id='page_1' title='image "./quintihoratiifl00unkngoog_0526.png"; bbox 0 0 3059 4909; ppageno 0'>
   <div class='ocr_carea' id='block_1_1' title="bbox 526 428 656 494">
    <p class='ocr_par' dir='ltr' id='par_1_1' title="bbox 526 428 656 494">
     <span class='ocr_line' id='line_1_1' title="bbox 526 428 656 494; baseline 0.008 -1"><span class='ocrx_word' id='word_1_1' title='bbox 526 428 656 494; x_wconf 79' lang='lat'>516</span> 
     </span>
    </p>
   </div>
   <div class='ocr_carea' id='block_1_2' title="bbox 873 589 2142 780">
    <p class='ocr_par' dir='ltr' id='par_1_2' title="bbox 873 589 2142 780">
     <span class='ocr_line' id='line_1_2' title="bbox 874 589 2142 667; baseline -0.001 -13"><span class='ocrx_word' id='word_1_2' title='bbox 874 589 1195 656; x_wconf 89' lang='lat' dir='ltr'>Imbrimn</span> <span class='ocrx_word' id='word_1_3' title='bbox 1226 590 1454 657; x_wconf 77' lang='lat' dir='ltr'>divina</span> <span class='ocrx_word' id='word_1_4' title='bbox 1483 590 1633 658; x_wconf 75' lang='lat' dir='ltr'>avis</span> <span class='ocrx_word' id='word_1_5' title='bbox 1660 591 2142 667; x_wconf 84' lang='lat' dir='ltr'>imminentum‚</span> 
     </span>
     <span class='ocr_line' id='line_1_3' title="bbox 873 684 2100 780; baseline -0.001 -22"><span class='ocrx_word' id='word_1_6' title='bbox 873 692 1188 760; x_wconf 85' lang='lat' dir='ltr'>Oscinem</span> <span class='ocrx_word' id='word_1_7' title='bbox 1220 713 1492 760; x_wconf 86' lang='lat' dir='ltr'>corvum</span> <span class='ocrx_word' id='word_1_8' title='bbox 1521 714 1721 780; x_wconf 81' lang='lat' dir='ltr'>prece</span> <span class='ocrx_word' id='word_1_9' title='bbox 1751 684 2100 760; x_wconf 81' lang='lat' dir='ltr'><strong>suscitabo</strong></span> 
     </span>
    </p>
   </div>
   <div class='ocr_carea' id='block_1_3' title="bbox 1241 440 1991 506">
    <p class='ocr_par' dir='ltr' id='par_1_3' title="bbox 1241 440 1991 506">
     <span class='ocr_line' id='line_1_4' title="bbox 1241 440 1991 506; baseline -0.003 -14"><span class='ocrx_word' id='word_1_10' title='bbox 1241 445 1308 506; x_wconf 88' lang='lat' dir='ltr'>Q.</span> <span class='ocrx_word' id='word_1_11' title='bbox 1357 442 1674 492; x_wconf 73' lang='grc' dir='ltr'><strong>ιιοῐιΑτιι</strong></span> <span class='ocrx_word' id='word_1_12' title='bbox 1727 440 1991 492; x_wconf 56' lang='lat' dir='ltr'>resecr</span> 
     </span>
    </p>
   </div>
   <div class='ocr_carea' id='block_1_4' title="bbox 2635 589 2718 654">
    <p class='ocr_par' dir='ltr' id='par_1_4' title="bbox 2635 589 2718 654">
     <span class='ocr_line' id='line_1_5' title="bbox 2635 589 2718 654; baseline 0.024 -2"><span class='ocrx_word' id='word_1_13' title='bbox 2635 589 2718 654; x_wconf 87' lang='grc'>10</span> 
     </span>
    </p>
   </div>
   <div class='ocr_carea' id='block_1_5' title="bbox 871 797 2066 984">
    <p class='ocr_par' dir='ltr' id='par_1_5' title="bbox 871 797 2066 984">
     <span class='ocr_line' id='line_1_6' title="bbox 1384 797 1890 863; baseline 0 0"><span class='ocrx_word' id='word_1_14' title='bbox 1384 797 1567 863; x_wconf 87' lang='lat' dir='ltr'>Solis</span> <span class='ocrx_word' id='word_1_15' title='bbox 1599 797 1687 863; x_wconf 83' lang='lat' dir='ltr'>ab</span> <span class='ocrx_word' id='word_1_16' title='bbox 1718 804 1890 863; x_wconf 87' lang='lat' dir='ltr'>ortu.</span> 
     </span>
     <span class='ocr_line' id='line_1_7' title="bbox 871 895 2066 984; baseline 0.001 -23"><span class='ocrx_word' id='word_1_17' title='bbox 871 895 979 962; x_wconf 86' lang='lat' dir='ltr'>Sis</span> <span class='ocrx_word' id='word_1_18' title='bbox 1001 897 1166 964; x_wconf 89' lang='lat' dir='ltr'>licet</span> <span class='ocrx_word' id='word_1_19' title='bbox 1193 898 1360 965; x_wconf 81' lang='lat' dir='ltr'>felix</span> <span class='ocrx_word' id='word_1_20' title='bbox 1389 899 1794 984; x_wconf 85' lang='lat' dir='ltr'>ubicumque</span> <span class='ocrx_word' id='word_1_21' title='bbox 1823 898 2066 975; x_wconf 74' lang='lat' dir='ltr'>maviS,</span> 
     </span>
    </p>
   </div>
   <div class='ocr_carea' id='block_1_6' title="bbox 519 1056 2725 1224">
    <p class='ocr_par' dir='ltr' id='par_1_6' title="bbox 519 1056 2725 1224">
     <span class='ocr_line' id='line_1_8' title="bbox 519 1056 2725 1124; baseline -0.001 -15"><span class='ocrx_word' id='word_1_22' title='bbox 519 1056 2551 1124; x_wconf 52' lang='lat' dir='ltr'>mmmmm-nummummmmuomoemm</span> <span class='ocrx_word' id='word_1_23' title='bbox 2606 1058 2725 1123; x_wconf 62' lang='grc' dir='ltr'>εει.</span> 
     </span>
     <span class='ocr_line' id='line_1_9' title="bbox 1448 1186 1809 1224; baseline 0.003 -1"><span class='ocrx_word' id='word_1_24' title='bbox 1448 1186 1809 1224; x_wconf 49' lang='lat' dir='ltr'>ommno</span> 
     </span>
    </p>
   </div>
   <div class='ocr_carea' id='block_1_7' title="bbox 527 1301 2731 1435">
    <p class='ocr_par' dir='ltr' id='par_1_7' title="bbox 527 1301 2731 1435">
     <span class='ocr_line' id='line_1_10' title="bbox 528 1301 2731 1371; baseline -0.002 -16"><span class='ocrx_word' id='word_1_25' title='bbox 528 1303 623 1356; x_wconf 62' lang='lat' dir='ltr'>bo!</span> <span class='ocrx_word' id='word_1_26' title='bbox 654 1305 924 1359; x_wconf 47' lang='lat' dir='ltr'>saule—10</span> <span class='ocrx_word' id='word_1_27' title='bbox 957 1305 1064 1356; x_wconf 82' lang='lat' dir='ltr'>Sex</span> <span class='ocrx_word' id='word_1_28' title='bbox 1100 1304 1257 1357; x_wconf 82' lang='lat' dir='ltr'>codd.</span> <span class='ocrx_word' id='word_1_29' title='bbox 1295 1305 1559 1357; x_wconf 83' lang='lat' dir='ltr'>Torrentii</span> <span class='ocrx_word' id='word_1_30' title='bbox 1608 1313 1662 1356; x_wconf 88' lang='lat' dir='ltr'>et</span> <span class='ocrx_word' id='word_1_31' title='bbox 1698 1305 1841 1371; x_wconf 82' lang='lat' dir='ltr'>Lips.</span> <span class='ocrx_word' id='word_1_32' title='bbox 1879 1309 1927 1357; x_wconf 89' lang='lat'>1.</span> <span class='ocrx_word' id='word_1_33' title='bbox 1957 1309 2007 1357; x_wconf 97' lang='grc'>8.</span> <span class='ocrx_word' id='word_1_34' title='bbox 2053 1304 2417 1356; x_wconf 65' lang='lat' dir='ltr'>imminentiam.</span> <span class='ocrx_word' id='word_1_35' title='bbox 2418 1306 2551 1352; x_wconf 76' lang='lat'>—12</span> <span class='ocrx_word' id='word_1_36' title='bbox 2584 1301 2731 1352; x_wconf 68' lang='lat' dir='ltr'>Lude</span> 
     </span>
     <span class='ocr_line' id='line_1_11' title="bbox 527 1364 2729 1435; baseline -0.002 -14"><span class='ocrx_word' id='word_1_37' title='bbox 527 1371 588 1421; x_wconf 74' lang='lat' dir='ltr'>ab</span> <span class='ocrx_word' id='word_1_38' title='bbox 620 1377 730 1421; x_wconf 70' lang='lat' dir='ltr'>ortu</span> <span class='ocrx_word' id='word_1_39' title='bbox 767 1371 862 1434; x_wconf 84' lang='lat' dir='ltr'>Lip</span> <span class='ocrx_word' id='word_1_40' title='bbox 865 1386 907 1420; x_wconf 92' lang='lat' dir='ltr'>s.</span> <span class='ocrx_word' id='word_1_41' title='bbox 937 1374 987 1421; x_wconf 76' lang='grc' dir='ltr'>Δ.</span> <span class='ocrx_word' id='word_1_42' title='bbox 1018 1377 1075 1420; x_wconf 92' lang='lat' dir='ltr'>et</span> <span class='ocrx_word' id='word_1_43' title='bbox 1111 1371 1344 1422; x_wconf 77' lang='lat' dir='ltr'>nonnulli</span> <span class='ocrx_word' id='word_1_44' title='bbox 1380 1386 1466 1435; x_wconf 75' lang='lat' dir='ltr'>up.</span> <span class='ocrx_word' id='word_1_45' title='bbox 1502 1371 1863 1422; x_wconf 49' lang='lat' dir='ltr'>Huncine-18</span> <span class='ocrx_word' id='word_1_46' title='bbox 1897 1370 2024 1423; x_wconf 83' lang='lat' dir='ltr'>Vet.</span> <span class='ocrx_word' id='word_1_47' title='bbox 2061 1369 2178 1421; x_wconf 85' lang='lat' dir='ltr'>cod.</span> <span class='ocrx_word' id='word_1_48' title='bbox 2218 1369 2292 1421; x_wconf 89' lang='lat' dir='ltr'>H.</span> <span class='ocrx_word' id='word_1_49' title='bbox 2326 1369 2453 1432; x_wconf 82' lang='lat' dir='ltr'>Step</span> <span class='ocrx_word' id='word_1_50' title='bbox 2455 1369 2507 1418; x_wconf 81' lang='lat' dir='ltr'>b.</span> <span class='ocrx_word' id='word_1_51' title='bbox 2539 1364 2729 1434; x_wconf 73' lang='lat' dir='ltr'>(Praef.</span> 
     </span>
    </p>
   </div>
   <div class='ocr_carea' id='block_1_8' title="bbox 530 1434 2300 1501">
    <p class='ocr_par' dir='ltr' id='par_1_8' title="bbox 530 1434 2300 1501">
     <span class='ocr_line' id='line_1_12' title="bbox 530 1434 2300 1501; baseline -0.001 -16"><span class='ocrx_word' id='word_1_52' title='bbox 530 1434 596 1485; x_wconf 80' lang='lat' dir='ltr'>ud</span> <span class='ocrx_word' id='word_1_53' title='bbox 636 1435 811 1499; x_wconf 88' lang='lat' dir='ltr'>Lect.)</span> <span class='ocrx_word' id='word_1_54' title='bbox 845 1435 1118 1499; x_wconf 58' lang='lat' dir='ltr'>abicam-e</span> <span class='ocrx_word' id='word_1_55' title='bbox 1146 1436 1318 1497; x_wconf 52' lang='lat' dir='ltr'>navim</span> <span class='ocrx_word' id='word_1_56' title='bbox 1365 1435 1502 1486; x_wconf 91' lang='lat' dir='ltr'>uude</span> <span class='ocrx_word' id='word_1_57' title='bbox 1544 1437 1790 1501; x_wconf 86' lang='lat' dir='ltr'>Rutgers.</span> <span class='ocrx_word' id='word_1_58' title='bbox 1828 1436 1977 1486; x_wconf 87' lang='lat' dir='ltr'>Lect.</span> <span class='ocrx_word' id='word_1_59' title='bbox 2001 1449 2054 1486; x_wconf 81' lang='lat' dir='ltr'>v.</span> <span class='ocrx_word' id='word_1_60' title='bbox 2078 1438 2126 1486; x_wconf 84' lang='grc'>8.</span> <span class='ocrx_word' id='word_1_61' title='bbox 2161 1434 2300 1499; x_wconf 79' lang='lat' dir='ltr'>conj.</span> 
     </span>
    </p>
   </div>
   <div class='ocr_carea' id='block_1_9' title="bbox 2348 1433 2730 1497">
    <p class='ocr_par' dir='ltr' id='par_1_9' title="bbox 2348 1433 2730 1497">
     <span class='ocr_line' id='line_1_13' title="bbox 2348 1433 2730 1497; baseline -0.005 -14"><span class='ocrx_word' id='word_1_62' title='bbox 2348 1433 2611 1497; x_wconf 68' lang='lat' dir='ltr'>ubicunque</span> <span class='ocrx_word' id='word_1_63' title='bbox 2643 1446 2730 1481; x_wconf 77' lang='lat' dir='ltr'>na·</span> 
     </span>
    </p>
   </div>
   <div class='ocr_carea' id='block_1_10' title="bbox 529 1495 2733 1631">
    <p class='ocr_par' dir='ltr' id='par_1_10' title="bbox 529 1495 2733 1631">
     <span class='ocr_line' id='line_1_14' title="bbox 529 1495 2733 1574; baseline -0.001 -26"><span class='ocrx_word' id='word_1_64' title='bbox 529 1500 621 1561; x_wconf 82' lang='lat' dir='ltr'>bis,</span> <span class='ocrx_word' id='word_1_65' title='bbox 659 1507 716 1550; x_wconf 90' lang='lat' dir='ltr'>ut</span> <span class='ocrx_word' id='word_1_66' title='bbox 748 1500 986 1563; x_wconf 79' lang='lat' dir='ltr'>soepius‘</span> <span class='ocrx_word' id='word_1_67' title='bbox 1010 1498 1164 1550; x_wconf 77' lang='lat' dir='ltr'>nare&#39;</span> <span class='ocrx_word' id='word_1_68' title='bbox 1210 1499 1278 1550; x_wconf 85' lang='lat' dir='ltr'>de</span> <span class='ocrx_word' id='word_1_69' title='bbox 1312 1501 1689 1564; x_wconf 73' lang='lat' dir='ltr'>navigantibus.</span> <span class='ocrx_word' id='word_1_70' title='bbox 1753 1501 1952 1552; x_wconf 73' lang='lat' dir='ltr'>Probat</span> <span class='ocrx_word' id='word_1_71' title='bbox 1979 1501 2094 1551; x_wconf 82' lang='lat' dir='ltr'>Nic.</span> <span class='ocrx_word' id='word_1_72' title='bbox 2125 1499 2308 1552; x_wconf 84' lang='lat' dir='ltr'>Heius.</span> <span class='ocrx_word' id='word_1_73' title='bbox 2329 1514 2416 1562; x_wconf 78' lang='lat' dir='ltr'>ap.</span> <span class='ocrx_word' id='word_1_74' title='bbox 2438 1498 2621 1548; x_wconf 81' lang='lat' dir='ltr'>Benti.</span> <span class='ocrx_word' id='word_1_75' title='bbox 2642 1495 2733 1574; x_wconf 69' lang='lat' dir='ltr'>qui</span> 
     </span>
     <span class='ocr_line' id='line_1_15' title="bbox 530 1534 2732 1631; baseline -0.001 -18"><span class='ocrx_word' id='word_1_76' title='bbox 530 1534 899 1630; x_wconf 69' lang='lat' dir='ltr'>sus&#39;picabetur</span> <span class='ocrx_word' id='word_1_77' title='bbox 926 1564 1124 1617; x_wconf 77' lang='lat' dir='ltr'>amabis.</span> <span class='ocrx_word' id='word_1_78' title='bbox 1192 1564 1211 1593; x_wconf 86' lang='lat'>‘</span> <span class='ocrx_word' id='word_1_79' title='bbox 1234 1564 1593 1617; x_wconf 76' lang='lat' dir='ltr'>Febriculom</span> <span class='ocrx_word' id='word_1_80' title='bbox 1616 1564 1981 1631; x_wconf 78' lang='lat' dir='ltr'>conjecturss’</span> <span class='ocrx_word' id='word_1_81' title='bbox 2016 1572 2169 1617; x_wconf 76' lang='lat' dir='ltr'>vocet</span> <span class='ocrx_word' id='word_1_82' title='bbox 2199 1564 2512 1616; x_wconf 87' lang='lat' dir='ltr'>Beut1.nec</span> <span class='ocrx_word' id='word_1_83' title='bbox 2546 1563 2732 1613; x_wconf 78' lang='lat' dir='ltr'>melius</span> 
     </span>
    </p>
   </div>
   <div class='ocr_carea' id='block_1_11' title="bbox 1511 1696 1732 1748">
    <p class='ocr_par' dir='ltr' id='par_1_11' title="bbox 1511 1696 1732 1748">
     <span class='ocr_line' id='line_1_16' title="bbox 1511 1696 1732 1748; baseline -0.005 0"><span class='ocrx_word' id='word_1_84' title='bbox 1511 1696 1732 1748; x_wconf 79' lang='lat' dir='ltr'>NOTAE</span> 
     </span>
    </p>
   </div>
   <div class='ocr_carea' id='block_1_12' title="bbox 529 1791 1596 1939">
    <p class='ocr_par' dir='ltr' id='par_1_12' title="bbox 529 1791 1596 1939">
     <span class='ocr_line' id='line_1_17' title="bbox 529 1791 1591 1858; baseline 0.003 -16"><span class='ocrx_word' id='word_1_85' title='bbox 529 1804 684 1857; x_wconf 76' lang='lat' dir='ltr'>spera</span> <span class='ocrx_word' id='word_1_86' title='bbox 715 1791 929 1857; x_wconf 82' lang='lat' dir='ltr'>Jupiter</span> <span class='ocrx_word' id='word_1_87' title='bbox 957 1792 1038 1844; x_wconf 86' lang='lat' dir='ltr'>bis</span> <span class='ocrx_word' id='word_1_88' title='bbox 1072 1792 1274 1844; x_wconf 83' lang='lat' dir='ltr'>dextris</span> <span class='ocrx_word' id='word_1_89' title='bbox 1304 1791 1591 1858; x_wconf 74' lang='lat' dir='ltr'><strong>fulgoribus</strong></span> 
     </span>
     <span class='ocr_line' id='line_1_18' title="bbox 531 1867 1596 1939; baseline 0.004 -21"><span class='ocrx_word' id='word_1_90' title='bbox 531 1867 679 1920; x_wconf 85' lang='lat' dir='ltr'>edit.’</span> <span class='ocrx_word' id='word_1_91' title='bbox 743 1868 827 1919; x_wconf 74' lang='lat' dir='ltr'>ltu</span> <span class='ocrx_word' id='word_1_92' title='bbox 869 1869 1017 1920; x_wconf 85' lang='lat' dir='ltr'>nobis</span> <span class='ocrx_word' id='word_1_93' title='bbox 1063 1869 1292 1939; x_wconf 73' lang='lat' dir='ltr'>sinistra,</span> <span class='ocrx_word' id='word_1_94' title='bbox 1331 1870 1503 1920; x_wconf 74' lang='lat' dir='ltr'>Graiis</span> <span class='ocrx_word' id='word_1_95' title='bbox 1539 1878 1596 1923; x_wconf 91' lang='lat' dir='ltr'>et</span> 
     </span>
    </p>
   </div>
   <div class='ocr_carea' id='block_1_13' title="bbox 448 1944 1592 2005">
    <p class='ocr_par' dir='ltr' id='par_1_13' title="bbox 448 1944 1592 2005">
     <span class='ocr_line' id='line_1_19' title="bbox 448 1944 1592 2005; baseline 0.002 -10"><span class='ocrx_word' id='word_1_96' title='bbox 448 1988 457 1995; x_wconf 92' lang='lat'>.</span> <span class='ocrx_word' id='word_1_97' title='bbox 529 1944 769 1994; x_wconf 73' lang='lat' dir='ltr'>Barbaris</span> <span class='ocrx_word' id='word_1_98' title='bbox 790 1944 978 1997; x_wconf 76' lang='lat' dir='ltr'>dextre</span> <span class='ocrx_word' id='word_1_99' title='bbox 1009 1946 1224 1997; x_wconf 76' lang='lat' dir='ltr'>meliors</span> <span class='ocrx_word' id='word_1_100' title='bbox 1261 1960 1376 2005; x_wconf 80' lang='lat' dir='ltr'>esse</span> <span class='ocrx_word' id='word_1_101' title='bbox 1412 1947 1592 1997; x_wconf 75' lang='lat' dir='ltr'>videu-</span> 
     </span>
    </p>
   </div>
   <div class='ocr_carea' id='block_1_14' title="bbox 470 2021 1601 4298">
    <p class='ocr_par' dir='ltr' id='par_1_14' title="bbox 531 2021 1594 2545">
     <span class='ocr_line' id='line_1_20' title="bbox 531 2021 1591 2087; baseline 0.003 -17"><span class='ocrx_word' id='word_1_102' title='bbox 531 2028 634 2072; x_wconf 92' lang='lat' dir='ltr'>tur.</span> <span class='ocrx_word' id='word_1_103' title='bbox 678 2021 980 2087; x_wconf 73' lang='lat' dir='ltr'><strong>Quanquam</strong></span> <span class='ocrx_word' id='word_1_104' title='bbox 1001 2021 1138 2073; x_wconf 82' lang='lat' dir='ltr'>baud</span> <span class='ocrx_word' id='word_1_105' title='bbox 1161 2022 1338 2085; x_wconf 84' lang='lat' dir='ltr'>ignoro</span> <span class='ocrx_word' id='word_1_106' title='bbox 1361 2037 1478 2087; x_wconf 76' lang='lat' dir='ltr'>quoe</span> <span class='ocrx_word' id='word_1_107' title='bbox 1500 2022 1591 2073; x_wconf 89' lang='lat' dir='ltr'>bo·</span> 
     </span>
     <span class='ocr_line' id='line_1_21' title="bbox 531 2097 1592 2170; baseline 0.003 -25"><span class='ocrx_word' id='word_1_108' title='bbox 531 2111 597 2145; x_wconf 81' lang='lat' dir='ltr'>nu</span> <span class='ocrx_word' id='word_1_109' title='bbox 635 2097 741 2147; x_wconf 89' lang='lat' dir='ltr'>siut</span> <span class='ocrx_word' id='word_1_110' title='bbox 780 2097 994 2147; x_wconf 76' lang='lat' dir='ltr'>sinistra</span> <span class='ocrx_word' id='word_1_111' title='bbox 1021 2112 1115 2148; x_wconf 87' lang='lat' dir='ltr'>nos</span> <span class='ocrx_word' id='word_1_112' title='bbox 1153 2097 1351 2170; x_wconf 75' lang='lat' dir='ltr'>dicere,</span> <span class='ocrx_word' id='word_1_113' title='bbox 1385 2098 1592 2149; x_wconf 85' lang='lat' dir='ltr'>etiamsi</span> 
     </span>
     <span class='ocr_line' id='line_1_22' title="bbox 531 2173 1593 2226; baseline 0.005 -5"><span class='ocrx_word' id='word_1_114' title='bbox 531 2173 722 2223; x_wconf 77' lang='lat' dir='ltr'>dextra</span> <span class='ocrx_word' id='word_1_115' title='bbox 758 2173 879 2224; x_wconf 91' lang='lat' dir='ltr'>sint.</span> <span class='ocrx_word' id='word_1_116' title='bbox 931 2174 1036 2224; x_wconf 87' lang='lat' dir='ltr'>Sed</span> <span class='ocrx_word' id='word_1_117' title='bbox 1082 2182 1224 2226; x_wconf 87' lang='lat' dir='ltr'>certe</span> <span class='ocrx_word' id='word_1_118' title='bbox 1269 2175 1431 2224; x_wconf 85' lang='lat' dir='ltr'>nostri</span> <span class='ocrx_word' id='word_1_119' title='bbox 1471 2176 1593 2226; x_wconf 89' lang='lat' dir='ltr'>sini-</span> 
     </span>
     <span class='ocr_line' id='line_1_23' title="bbox 531 2250 1594 2317; baseline 0.004 -19"><span class='ocrx_word' id='word_1_120' title='bbox 531 2258 697 2299; x_wconf 87' lang='lat' dir='ltr'>strum</span> <span class='ocrx_word' id='word_1_121' title='bbox 717 2250 1134 2314; x_wconf 77' lang='lat' dir='ltr'>nominaverunt,</span> <span class='ocrx_word' id='word_1_122' title='bbox 1148 2250 1312 2317; x_wconf 87' lang='lat' dir='ltr'>(quod</span> <span class='ocrx_word' id='word_1_123' title='bbox 1331 2267 1361 2302; x_wconf 82' lang='lat' dir='ltr'>a</span> <span class='ocrx_word' id='word_1_124' title='bbox 1375 2252 1594 2302; x_wconf 86' lang='lat' dir='ltr'>sinendo</span> 
     </span>
     <span class='ocr_line' id='line_1_24' title="bbox 532 2324 1594 2393; baseline 0.006 -20"><span class='ocrx_word' id='word_1_125' title='bbox 532 2324 727 2376; x_wconf 88' lang='lat' dir='ltr'>dictum</span> <span class='ocrx_word' id='word_1_126' title='bbox 752 2326 983 2393; x_wconf 59' lang='grc' dir='ltr'>μήκη.)</span> <span class='ocrx_word' id='word_1_127' title='bbox 1003 2328 1312 2392; x_wconf 76' lang='lat' dir='ltr'><strong>externique</strong></span> <span class='ocrx_word' id='word_1_128' title='bbox 1331 2328 1594 2392; x_wconf 83' lang='lat' dir='ltr'>dextrum,</span> 
     </span>
     <span class='ocr_line' id='line_1_25' title="bbox 533 2403 1591 2469; baseline 0.004 -18"><span class='ocrx_word' id='word_1_129' title='bbox 533 2403 653 2467; x_wconf 80' lang='lat' dir='ltr'>quia</span> <span class='ocrx_word' id='word_1_130' title='bbox 677 2404 980 2469; x_wconf 77' lang='lat' dir='ltr'>plerumque</span> <span class='ocrx_word' id='word_1_131' title='bbox 1002 2405 1183 2454; x_wconf 87' lang='lat' dir='ltr'>melius</span> <span class='ocrx_word' id='word_1_132' title='bbox 1206 2404 1257 2453; x_wconf 91' lang='lat' dir='ltr'>id</span> <span class='ocrx_word' id='word_1_133' title='bbox 1284 2404 1591 2456; x_wconf 55' lang='lat' dir='ltr'>videbatur?</span> 
     </span>
     <span class='ocr_line' id='line_1_26' title="bbox 531 2478 1593 2553; baseline 0.005 -26"><span class='ocrx_word' id='word_1_134' title='bbox 531 2478 665 2528; x_wconf 84' lang='lat' dir='ltr'>Vide</span> <span class='ocrx_word' id='word_1_135' title='bbox 681 2480 818 2532; x_wconf 87' lang='lat' dir='ltr'>Just.</span> <span class='ocrx_word' id='word_1_136' title='bbox 842 2480 980 2545; x_wconf 84' lang='lat' dir='ltr'>Lips.</span> <span class='ocrx_word' id='word_1_137' title='bbox 1008 2482 1177 2533; x_wconf 86' lang='lat' dir='ltr'>Elect.</span> <span class='ocrx_word' id='word_1_138' title='bbox 1200 2496 1262 2531; x_wconf 87' lang='grc' dir='ltr'>ιι.</span> <span class='ocrx_word' id='word_1_139' title='bbox 1283 2486 1333 2532; x_wconf 80' lang='lat'>2.</span> <span class='ocrx_word' id='word_1_140' title='bbox 1393 2483 1473 2532; x_wconf 82' lang='lat' dir='ltr'>Ex</span> <span class='ocrx_word' id='word_1_141' title='bbox 1496 2483 1593 2553; x_wconf 85' lang='lat' dir='ltr'>his,</span> 
     </span>
    </p>

    <p class='ocr_par' dir='ltr' id='par_1_15' title="bbox 531 2556 1591 2702">
     <span class='ocr_line' id='line_1_27' title="bbox 532 2556 1591 2626; baseline 0.005 -21"><span class='ocrx_word' id='word_1_142' title='bbox 532 2556 744 2619; x_wconf 84' lang='lat' dir='ltr'>Lector,</span> <span class='ocrx_word' id='word_1_143' title='bbox 783 2558 927 2608; x_wconf 78' lang='lat' dir='ltr'>vides</span> <span class='ocrx_word' id='word_1_144' title='bbox 961 2573 1063 2608; x_wconf 88' lang='lat' dir='ltr'>uon</span> <span class='ocrx_word' id='word_1_145' title='bbox 1086 2559 1359 2609; x_wconf 76' lang='lat' dir='ltr'><strong>absurdam</strong></span> <span class='ocrx_word' id='word_1_146' title='bbox 1383 2575 1591 2626; x_wconf 85' lang='lat' dir='ltr'>quoque</span> 
     </span>
     <span class='ocr_line' id='line_1_28' title="bbox 531 2634 1592 2702; baseline 0.004 -21"><span class='ocrx_word' id='word_1_147' title='bbox 531 2634 842 2684; x_wconf 77' lang='lat' dir='ltr'>sententium</span> <span class='ocrx_word' id='word_1_148' title='bbox 865 2635 1088 2698; x_wconf 82' lang='lat' dir='ltr'><strong>priorem</strong></span> <span class='ocrx_word' id='word_1_149' title='bbox 1126 2636 1329 2686; x_wconf 79' lang='lat' dir='ltr'>illorum</span> <span class='ocrx_word' id='word_1_150' title='bbox 1365 2636 1454 2702; x_wconf 83' lang='lat' dir='ltr'>qui</span> <span class='ocrx_word' id='word_1_151' title='bbox 1477 2651 1592 2688; x_wconf 89' lang='lat' dir='ltr'>cor-</span> 
     </span>
    </p>

    <p class='ocr_par' dir='ltr' id='par_1_16' title="bbox 470 2710 1601 4298">
     <span class='ocr_line' id='line_1_29' title="bbox 532 2710 1593 2778; baseline 0.005 -21"><span class='ocrx_word' id='word_1_152' title='bbox 532 2724 652 2758; x_wconf 82' lang='lat' dir='ltr'>vum</span> <span class='ocrx_word' id='word_1_153' title='bbox 676 2710 902 2761; x_wconf 78' lang='lat' dir='ltr'>oscinem</span> <span class='ocrx_word' id='word_1_154' title='bbox 927 2711 994 2761; x_wconf 76' lang='lat' dir='ltr'>ab</span> <span class='ocrx_word' id='word_1_155' title='bbox 1010 2720 1148 2775; x_wconf 88' lang='lat' dir='ltr'>ortu,</span> <span class='ocrx_word' id='word_1_156' title='bbox 1168 2710 1296 2763; x_wconf 78' lang='lat' dir='ltr'>felix</span> <span class='ocrx_word' id='word_1_157' title='bbox 1319 2714 1593 2778; x_wconf 69' lang='lat' dir='ltr'>augurium</span> 
     </span>
     <span class='ocr_line' id='line_1_30' title="bbox 530 2784 1594 2852; baseline 0.007 -17"><span class='ocrx_word' id='word_1_158' title='bbox 530 2784 689 2838; x_wconf 82' lang='lat' dir='ltr'>fuisse</span> <span class='ocrx_word' id='word_1_159' title='bbox 710 2789 1048 2852; x_wconf 82' lang='lat' dir='ltr'>scripserunt,</span> <span class='ocrx_word' id='word_1_160' title='bbox 1076 2790 1289 2840; x_wconf 71' lang='lat' dir='ltr'>tametsi</span> <span class='ocrx_word' id='word_1_161' title='bbox 1321 2791 1388 2842; x_wconf 76' lang='lat' dir='ltr'>sd</span> <span class='ocrx_word' id='word_1_162' title='bbox 1409 2791 1594 2842; x_wconf 75' lang='lat' dir='ltr'>loevam</span> 
     </span>
     <span class='ocr_line' id='line_1_31' title="bbox 533 2865 1594 2929; baseline 0.005 -16"><span class='ocrx_word' id='word_1_163' title='bbox 533 2871 701 2915; x_wconf 79' lang='lat' dir='ltr'>esset:</span> <span class='ocrx_word' id='word_1_164' title='bbox 743 2865 831 2915; x_wconf 86' lang='lat' dir='ltr'>ubi</span> <span class='ocrx_word' id='word_1_165' title='bbox 877 2872 934 2916; x_wconf 91' lang='lat' dir='ltr'>et</span> <span class='ocrx_word' id='word_1_166' title='bbox 977 2865 1396 2929; x_wconf 82' lang='lat' dir='ltr'>distinguendum</span> <span class='ocrx_word' id='word_1_167' title='bbox 1446 2867 1594 2918; x_wconf 78' lang='lat' dir='ltr'>aiunt</span> 
     </span>
     <span class='ocr_line' id='line_1_32' title="bbox 533 2940 1594 3004; baseline 0.005 -16"><span class='ocrx_word' id='word_1_168' title='bbox 533 2940 669 2989; x_wconf 84' lang='lat' dir='ltr'>inter</span> <span class='ocrx_word' id='word_1_169' title='bbox 718 2941 945 3004; x_wconf 84' lang='lat' dir='ltr'>Auguris</span> <span class='ocrx_word' id='word_1_170' title='bbox 985 2941 1222 2992; x_wconf 80' lang='lat' dir='ltr'>dextram</span> <span class='ocrx_word' id='word_1_171' title='bbox 1261 2956 1470 2993; x_wconf 78' lang='lat' dir='ltr'>manum</span> <span class='ocrx_word' id='word_1_172' title='bbox 1505 2944 1594 2993; x_wconf 58' lang='grc' dir='ltr'>Ιπ-</span> 
     </span>
     <span class='ocr_line' id='line_1_33' title="bbox 535 3018 1593 3082; baseline 0.005 -17"><span class='ocrx_word' id='word_1_173' title='bbox 535 3031 771 3081; x_wconf 83' lang='lat' dir='ltr'>vamque,</span> <span class='ocrx_word' id='word_1_174' title='bbox 807 3024 861 3067; x_wconf 84' lang='lat' dir='ltr'>et</span> <span class='ocrx_word' id='word_1_175' title='bbox 893 3018 1070 3067; x_wconf 90' lang='lat' dir='ltr'>mundi</span> <span class='ocrx_word' id='word_1_176' title='bbox 1110 3024 1309 3082; x_wconf 74' lang='lat' dir='ltr'>purtem</span> <span class='ocrx_word' id='word_1_177' title='bbox 1350 3018 1593 3070; x_wconf 79' lang='lat' dir='ltr'>dextrum</span> 
     </span>
     <span class='ocr_line' id='line_1_34' title="bbox 470 3092 1595 3147; baseline 0.004 -6"><span class='ocrx_word' id='word_1_178' title='bbox 470 3140 483 3147; x_wconf 65' lang='lat'><em>„</em></span> <span class='ocrx_word' id='word_1_179' title='bbox 533 3107 595 3142; x_wconf 81' lang='lat' dir='ltr'>uc</span> <span class='ocrx_word' id='word_1_180' title='bbox 628 3093 921 3143; x_wconf 75' lang='lat' dir='ltr'>sinistram:</span> <span class='ocrx_word' id='word_1_181' title='bbox 957 3108 1074 3143; x_wconf 89' lang='lat' dir='ltr'>cum</span> <span class='ocrx_word' id='word_1_182' title='bbox 1108 3092 1292 3144; x_wconf 61' lang='lat' dir='ltr'>Poetae</span> <span class='ocrx_word' id='word_1_183' title='bbox 1326 3109 1462 3144; x_wconf 84' lang='lat' dir='ltr'>nunc</span> <span class='ocrx_word' id='word_1_184' title='bbox 1495 3094 1595 3147; x_wconf 86' lang='lat' dir='ltr'>hoc</span> 
     </span>
     <span class='ocr_line' id='line_1_35' title="bbox 534 3168 1595 3236; baseline 0.007 -19"><span class='ocrx_word' id='word_1_185' title='bbox 534 3183 669 3217; x_wconf 89' lang='lat' dir='ltr'>nunc</span> <span class='ocrx_word' id='word_1_186' title='bbox 693 3169 780 3219; x_wconf 82' lang='lat' dir='ltr'>ilio</span> <span class='ocrx_word' id='word_1_187' title='bbox 796 3168 951 3219; x_wconf 89' lang='lat' dir='ltr'>modo</span> <span class='ocrx_word' id='word_1_188' title='bbox 974 3170 1270 3236; x_wconf 82' lang='lat' dir='ltr'>loquuntur.</span> <span class='ocrx_word' id='word_1_189' title='bbox 1301 3170 1454 3222; x_wconf 84' lang='lat' dir='ltr'>Adde</span> <span class='ocrx_word' id='word_1_190' title='bbox 1467 3173 1595 3224; x_wconf 87' lang='lat' dir='ltr'><strong>Plu·</strong></span> 
     </span>
     <span class='ocr_line' id='line_1_36' title="bbox 490 3245 1595 3300; baseline 0.007 -8"><span class='ocrx_word' id='word_1_191' title='bbox 490 3270 498 3279; x_wconf 92' lang='lat'><strong>·</strong></span> <span class='ocrx_word' id='word_1_192' title='bbox 535 3245 768 3294; x_wconf 72' lang='lat' dir='ltr'>turcinum</span> <span class='ocrx_word' id='word_1_193' title='bbox 791 3245 843 3294; x_wconf 88' lang='lat' dir='ltr'>iu</span> <span class='ocrx_word' id='word_1_194' title='bbox 866 3245 1070 3298; x_wconf 73' lang='lat' dir='ltr'>Quoest.</span> <span class='ocrx_word' id='word_1_195' title='bbox 1095 3247 1313 3298; x_wconf 78' lang='lat' dir='ltr'>centur.</span> <span class='ocrx_word' id='word_1_196' title='bbox 1338 3249 1488 3300; x_wconf 86' lang='lat' dir='ltr'>Rom.</span> <span class='ocrx_word' id='word_1_197' title='bbox 1518 3250 1595 3300; x_wconf 83' lang='lat' dir='ltr'>its</span> 
     </span>
     <span class='ocr_line' id='line_1_37' title="bbox 535 3320 1596 3377; baseline 0.006 -6"><span class='ocrx_word' id='word_1_198' title='bbox 535 3320 884 3372; x_wconf 75' lang='lat' dir='ltr'>scribentemz</span> <span class='ocrx_word' id='word_1_199' title='bbox 939 3323 954 3351; x_wconf 79' lang='lat'>⁸</span> <span class='ocrx_word' id='word_1_200' title='bbox 977 3321 1084 3372; x_wconf 89' lang='lat' dir='ltr'>Cur</span> <span class='ocrx_word' id='word_1_201' title='bbox 1128 3322 1236 3373; x_wconf 83' lang='lat' dir='ltr'>svis</span> <span class='ocrx_word' id='word_1_202' title='bbox 1271 3324 1478 3375; x_wconf 74' lang='lat' dir='ltr'>sinistre</span> <span class='ocrx_word' id='word_1_203' title='bbox 1511 3333 1596 3377; x_wconf 84' lang='lat' dir='ltr'>est</span> 
     </span>
     <span class='ocr_line' id='line_1_38' title="bbox 533 3397 1596 3452; baseline 0.005 -5"><span class='ocrx_word' id='word_1_204' title='bbox 533 3397 795 3448; x_wconf 81' lang='lat' dir='ltr'>secunda?</span> <span class='ocrx_word' id='word_1_205' title='bbox 820 3433 834 3449; x_wconf 94' lang='lat'>.</span> <span class='ocrx_word' id='word_1_206' title='bbox 860 3433 875 3450; x_wconf 94' lang='lat'>.</span> <span class='ocrx_word' id='word_1_207' title='bbox 897 3434 912 3450; x_wconf 97' lang='lat'>.</span> <span class='ocrx_word' id='word_1_208' title='bbox 933 3431 948 3448; x_wconf 85' lang='lat'>.</span> <span class='ocrx_word' id='word_1_209' title='bbox 970 3398 1105 3450; x_wconf 77' lang='lat' dir='ltr'>Nem</span> <span class='ocrx_word' id='word_1_210' title='bbox 1122 3399 1388 3452; x_wconf 86' lang='lat' dir='ltr'>sinistrum</span> <span class='ocrx_word' id='word_1_211' title='bbox 1407 3401 1596 3452; x_wconf 81' lang='lat' dir='ltr'>laevum</span> 
     </span>
     <span class='ocr_line' id='line_1_39' title="bbox 533 3473 1595 3538; baseline 0.007 -15"><span class='ocrx_word' id='word_1_212' title='bbox 533 3473 800 3538; x_wconf 78' lang='lat' dir='ltr'>significet.</span> <span class='ocrx_word' id='word_1_213' title='bbox 838 3477 1025 3527; x_wconf 87' lang='lat' dir='ltr'>Potest</span> <span class='ocrx_word' id='word_1_214' title='bbox 1036 3476 1194 3527; x_wconf 84' lang='lat' dir='ltr'>etism</span> <span class='ocrx_word' id='word_1_215' title='bbox 1217 3477 1407 3529; x_wconf 90' lang='lat' dir='ltr'>deduci</span> <span class='ocrx_word' id='word_1_216' title='bbox 1429 3494 1460 3529; x_wconf 75' lang='lat' dir='ltr'><strong>u</strong></span> <span class='ocrx_word' id='word_1_217' title='bbox 1481 3494 1595 3530; x_wconf 83' lang='lat' dir='ltr'>ver-</span> 
     </span>
     <span class='ocr_line' id='line_1_40' title="bbox 536 3552 1599 3621; baseline 0.004 -20"><span class='ocrx_word' id='word_1_218' title='bbox 536 3552 602 3601; x_wconf 88' lang='lat' dir='ltr'>bo</span> <span class='ocrx_word' id='word_1_219' title='bbox 626 3553 814 3603; x_wconf 86' lang='lat' dir='ltr'>sinere.</span> <span class='ocrx_word' id='word_1_220' title='bbox 864 3554 993 3604; x_wconf 76' lang='lat' dir='ltr'>Eam</span> <span class='ocrx_word' id='word_1_221' title='bbox 1017 3553 1176 3619; x_wconf 89' lang='lat' dir='ltr'>igitur</span> <span class='ocrx_word' id='word_1_222' title='bbox 1206 3569 1321 3621; x_wconf 82' lang='lat' dir='ltr'>quae</span> <span class='ocrx_word' id='word_1_223' title='bbox 1345 3569 1451 3604; x_wconf 87' lang='lat' dir='ltr'>rem</span> <span class='ocrx_word' id='word_1_224' title='bbox 1473 3556 1599 3606; x_wconf 79' lang='lat' dir='ltr'>sinit</span> 
     </span>
     <span class='ocr_line' id='line_1_41' title="bbox 535 3631 1593 3695; baseline 0.003 -16"><span class='ocrx_word' id='word_1_225' title='bbox 535 3644 683 3680; x_wconf 77' lang='lat' dir='ltr'>avem</span> <span class='ocrx_word' id='word_1_226' title='bbox 689 3664 867 3681; x_wconf 90' lang='grc'><strong>.....</strong></span> <span class='ocrx_word' id='word_1_227' title='bbox 892 3637 1048 3681; x_wconf 78' lang='lat' dir='ltr'>vocat</span> <span class='ocrx_word' id='word_1_228' title='bbox 1090 3631 1273 3695; x_wconf 83' lang='lat' dir='ltr'>vulgus</span> <span class='ocrx_word' id='word_1_229' title='bbox 1316 3632 1593 3683; x_wconf 76' lang='lat' dir='ltr'>sinistrum.</span> 
     </span>
     <span class='ocr_line' id='line_1_42' title="bbox 535 3696 1597 3774; baseline 0.001 -16"><span class='ocrx_word' id='word_1_230' title='bbox 535 3708 643 3758; x_wconf 87' lang='lat' dir='ltr'>Cur</span> <span class='ocrx_word' id='word_1_231' title='bbox 686 3709 842 3758; x_wconf 78' lang='lat' dir='ltr'>vero?</span> <span class='ocrx_word' id='word_1_232' title='bbox 892 3706 977 3757; x_wconf 83' lang='lat' dir='ltr'>Au</span> <span class='ocrx_word' id='word_1_233' title='bbox 1018 3708 1156 3774; x_wconf 89' lang='lat' dir='ltr'>quod</span> <span class='ocrx_word' id='word_1_234' title='bbox 1189 3708 1366 3758; x_wconf 77' lang='lat' dir='ltr'>AEneae</span> <span class='ocrx_word' id='word_1_235' title='bbox 1401 3708 1454 3757; x_wconf 91' lang='lat' dir='ltr'>in</span> <span class='ocrx_word' id='word_1_236' title='bbox 1483 3696 1597 3759; x_wconf 61' lang='lat' dir='ltr'>uest</span> 
     </span>
     <span class='ocr_line' id='line_1_43' title="bbox 534 3782 1597 3854; baseline 0.002 -21"><span class='ocrx_word' id='word_1_237' title='bbox 534 3792 722 3833; x_wconf 81' lang='lat' dir='ltr'>contra</span> <span class='ocrx_word' id='word_1_238' title='bbox 767 3784 1087 3835; x_wconf 79' lang='lat' dir='ltr'>Mezentium</span> <span class='ocrx_word' id='word_1_239' title='bbox 1130 3784 1290 3854; x_wconf 75' lang='lat' dir='ltr'>stanti</span> <span class='ocrx_word' id='word_1_240' title='bbox 1334 3782 1507 3848; x_wconf 80' lang='lat' dir='ltr'>fulgur</span> <span class='ocrx_word' id='word_1_241' title='bbox 1565 3800 1597 3835; x_wconf 80' lang='lat' dir='ltr'>s</span> 
     </span>
     <span class='ocr_line' id='line_1_44' title="bbox 533 3860 1599 3921; baseline 0 -10"><span class='ocrx_word' id='word_1_242' title='bbox 533 3863 744 3912; x_wconf 84' lang='lat' dir='ltr'>sinistra</span> <span class='ocrx_word' id='word_1_243' title='bbox 788 3862 1016 3913; x_wconf 65' lang='lat' dir='ltr'>victorine</span> <span class='ocrx_word' id='word_1_244' title='bbox 1057 3860 1215 3911; x_wconf 82' lang='lat' dir='ltr'>index</span> <span class='ocrx_word' id='word_1_245' title='bbox 1253 3861 1510 3921; x_wconf 72' lang='lat' dir='ltr'>minasset,</span> <span class='ocrx_word' id='word_1_246' title='bbox 1545 3863 1599 3911; x_wconf 86' lang='lat' dir='ltr'>in</span> 
     </span>
     <span class='ocr_line' id='line_1_45' title="bbox 534 3938 1601 4003; baseline 0 -15"><span class='ocrx_word' id='word_1_247' title='bbox 534 3941 806 4002; x_wconf 66' lang='lat' dir='ltr'>tugurium</span> <span class='ocrx_word' id='word_1_248' title='bbox 839 3938 891 3988; x_wconf 88' lang='lat' dir='ltr'>id</span> <span class='ocrx_word' id='word_1_249' title='bbox 915 3945 1218 3999; x_wconf 77' lang='lat' dir='ltr'>verterunt3</span> <span class='ocrx_word' id='word_1_250' title='bbox 1253 3953 1316 3988; x_wconf 75' lang='lat' dir='ltr'>ac</span> <span class='ocrx_word' id='word_1_251' title='bbox 1350 3938 1601 4003; x_wconf 75' lang='lat' dir='ltr'>deinceps</span> 
     </span>
     <span class='ocr_line' id='line_1_46' title="bbox 533 4015 1597 4079; baseline 0 -15"><span class='ocrx_word' id='word_1_252' title='bbox 533 4016 615 4064; x_wconf 72' lang='lat' dir='ltr'>ita</span> <span class='ocrx_word' id='word_1_253' title='bbox 629 4016 936 4065; x_wconf 78' lang='lat' dir='ltr'>observant?</span> <span class='ocrx_word' id='word_1_254' title='bbox 983 4017 1187 4066; x_wconf 87' lang='lat' dir='ltr'>Etenim</span> <span class='ocrx_word' id='word_1_255' title='bbox 1211 4015 1462 4079; x_wconf 76' lang='lat' dir='ltr'>Thebani,</span> <span class='ocrx_word' id='word_1_256' title='bbox 1477 4029 1597 4065; x_wconf 91' lang='lat' dir='ltr'>cum</span> 
     </span>
     <span class='ocr_line' id='line_1_47' title="bbox 534 4091 1596 4143; baseline 0.001 -3"><span class='ocrx_word' id='word_1_257' title='bbox 534 4092 744 4141; x_wconf 82' lang='lat' dir='ltr'>sinistro</span> <span class='ocrx_word' id='word_1_258' title='bbox 766 4105 1037 4141; x_wconf 67' lang='lat' dir='ltr'>succurunt</span> <span class='ocrx_word' id='word_1_259' title='bbox 1060 4091 1124 4142; x_wconf 79' lang='lat' dir='ltr'>ud</span> <span class='ocrx_word' id='word_1_260' title='bbox 1152 4094 1375 4143; x_wconf 76' lang='lat' dir='ltr'>Leuctra</span> <span class='ocrx_word' id='word_1_261' title='bbox 1395 4092 1596 4142; x_wconf 79' lang='lat' dir='ltr'>hostem</span> 
     </span>
     <span class='ocr_line' id='line_1_48' title="bbox 535 4164 1598 4230; baseline 0.001 -15"><span class='ocrx_word' id='word_1_262' title='bbox 535 4164 921 4230; x_wconf 80' lang='lat' dir='ltr'>profligassent,</span> <span class='ocrx_word' id='word_1_263' title='bbox 952 4165 1141 4216; x_wconf 84' lang='lat' dir='ltr'>deinde</span> <span class='ocrx_word' id='word_1_264' title='bbox 1165 4167 1512 4218; x_wconf 72' lang='lat' dir='ltr'>observarunt</span> <span class='ocrx_word' id='word_1_265' title='bbox 1537 4172 1598 4217; x_wconf 88' lang='lat' dir='ltr'>ut</span> 
     </span>
     <span class='ocr_line' id='line_1_49' title="bbox 532 4241 1597 4298; baseline 0.005 -5"><span class='ocrx_word' id='word_1_266' title='bbox 532 4243 586 4294; x_wconf 89' lang='lat' dir='ltr'>iu</span> <span class='ocrx_word' id='word_1_267' title='bbox 604 4243 837 4294; x_wconf 86' lang='lat' dir='ltr'>omuibus</span> <span class='ocrx_word' id='word_1_268' title='bbox 859 4241 1188 4297; x_wconf 82' lang='lat' dir='ltr'>conflictibus</span> <span class='ocrx_word' id='word_1_269' title='bbox 1202 4245 1408 4297; x_wconf 85' lang='lat' dir='ltr'>sinistro</span> <span class='ocrx_word' id='word_1_270' title='bbox 1431 4260 1597 4298; x_wconf 83' lang='lat' dir='ltr'>cornu</span> 
     </span>
    </p>
   </div>
   <div class='ocr_carea' id='block_1_15' title="bbox 1669 1789 2742 4238">
    <p class='ocr_par' dir='ltr' id='par_1_17' title="bbox 1669 1789 2738 2775">
     <span class='ocr_line' id='line_1_50' title="bbox 1670 1789 2735 1861; baseline -0.006 -15"><span class='ocrx_word' id='word_1_271' title='bbox 1670 1795 1941 1861; x_wconf 86' lang='lat' dir='ltr'>imperium</span> <span class='ocrx_word' id='word_1_272' title='bbox 1978 1795 2293 1846; x_wconf 78' lang='lat' dir='ltr'>tribuerent.</span> <span class='ocrx_word' id='word_1_273' title='bbox 2348 1791 2432 1843; x_wconf 83' lang='lat' dir='ltr'>An</span> <span class='ocrx_word' id='word_1_274' title='bbox 2457 1789 2652 1855; x_wconf 85' lang='lat' dir='ltr'>potius,</span> <span class='ocrx_word' id='word_1_275' title='bbox 2675 1795 2735 1841; x_wconf 90' lang='lat' dir='ltr'>ut</span> 
     </span>
     <span class='ocr_line' id='line_1_51' title="bbox 1672 1865 2734 1935; baseline -0.007 -10"><span class='ocrx_word' id='word_1_276' title='bbox 1672 1881 1854 1925; x_wconf 74' lang='lat' dir='ltr'>auctor</span> <span class='ocrx_word' id='word_1_277' title='bbox 1875 1881 1956 1925; x_wconf 85' lang='lat' dir='ltr'>est</span> <span class='ocrx_word' id='word_1_278' title='bbox 1979 1871 2144 1933; x_wconf 73' lang='lat' dir='ltr'>suba,</span> <span class='ocrx_word' id='word_1_279' title='bbox 2177 1867 2578 1935; x_wconf 70' lang='lat' dir='ltr'>respicientibus</span> <span class='ocrx_word' id='word_1_280' title='bbox 2615 1865 2734 1919; x_wconf 84' lang='lat' dir='ltr'>Ori·</span> 
     </span>
     <span class='ocr_line' id='line_1_52' title="bbox 1670 1946 2735 2015; baseline -0.01 -15"><span class='ocrx_word' id='word_1_281' title='bbox 1670 1957 1846 2000; x_wconf 88' lang='lat' dir='ltr'>eutem</span> <span class='ocrx_word' id='word_1_282' title='bbox 1869 1948 2058 2015; x_wconf 83' lang='lat' dir='ltr'>Aquilo</span> <span class='ocrx_word' id='word_1_283' title='bbox 2080 1947 2147 1998; x_wconf 79' lang='lat' dir='ltr'>ad</span> <span class='ocrx_word' id='word_1_284' title='bbox 2174 1946 2434 2006; x_wconf 73' lang='lat' dir='ltr'>sinistram</span> <span class='ocrx_word' id='word_1_285' title='bbox 2456 1949 2560 2004; x_wconf 87' lang='lat' dir='ltr'>est,</span> <span class='ocrx_word' id='word_1_286' title='bbox 2579 1955 2735 2007; x_wconf 80' lang='lat' dir='ltr'>quem</span> 
     </span>
     <span class='ocr_line' id='line_1_53' title="bbox 1669 2022 2735 2091; baseline -0.01 -14"><span class='ocrx_word' id='word_1_287' title='bbox 1669 2025 1847 2077; x_wconf 87' lang='lat' dir='ltr'>muudi</span> <span class='ocrx_word' id='word_1_288' title='bbox 1871 2032 2069 2091; x_wconf 73' lang='lat' dir='ltr'>partem</span> <span class='ocrx_word' id='word_1_289' title='bbox 2092 2022 2331 2073; x_wconf 73' lang='lat' dir='ltr'>dextrum</span> <span class='ocrx_word' id='word_1_290' title='bbox 2361 2026 2418 2070; x_wconf 90' lang='lat' dir='ltr'>et</span> <span class='ocrx_word' id='word_1_291' title='bbox 2439 2031 2735 2082; x_wconf 74' lang='lat' dir='ltr'>supremum</span> 
     </span>
     <span class='ocr_line' id='line_1_54' title="bbox 1670 2095 2735 2164; baseline -0.008 -14"><span class='ocrx_word' id='word_1_292' title='bbox 1670 2100 1867 2151; x_wconf 77' lang='lat' dir='ltr'>habent</span> <span class='ocrx_word' id='word_1_293' title='bbox 1887 2102 1934 2151; x_wconf 83' lang='lat'>?.</span> <span class='ocrx_word' id='word_1_294' title='bbox 1955 2132 1971 2149; x_wconf 93' lang='lat'>.</span> <span class='ocrx_word' id='word_1_295' title='bbox 1995 2132 2012 2150; x_wconf 89' lang='lat'>.</span> <span class='ocrx_word' id='word_1_296' title='bbox 2032 2099 2117 2150; x_wconf 83' lang='lat' dir='ltr'>An</span> <span class='ocrx_word' id='word_1_297' title='bbox 2139 2099 2262 2164; x_wconf 77' lang='lat' dir='ltr'>quia</span> <span class='ocrx_word' id='word_1_298' title='bbox 2280 2095 2552 2147; x_wconf 79' lang='lat' dir='ltr'>terrestria</span> <span class='ocrx_word' id='word_1_299' title='bbox 2574 2100 2631 2143; x_wconf 90' lang='lat' dir='ltr'>et</span> <span class='ocrx_word' id='word_1_300' title='bbox 2648 2107 2735 2143; x_wconf 75' lang='lat' dir='ltr'>cu·</span> 
     </span>
     <span class='ocr_line' id='line_1_55' title="bbox 1671 2171 2738 2229; baseline -0.006 -3"><span class='ocrx_word' id='word_1_301' title='bbox 1671 2176 1809 2228; x_wconf 76' lang='lat' dir='ltr'>duce</span> <span class='ocrx_word' id='word_1_302' title='bbox 1831 2177 2129 2229; x_wconf 80' lang='lat' dir='ltr'>coelestibus</span> <span class='ocrx_word' id='word_1_303' title='bbox 2158 2181 2216 2225; x_wconf 89' lang='lat' dir='ltr'>et</span> <span class='ocrx_word' id='word_1_304' title='bbox 2246 2173 2437 2224; x_wconf 78' lang='lat' dir='ltr'>divinis</span> <span class='ocrx_word' id='word_1_305' title='bbox 2472 2187 2592 2222; x_wconf 90' lang='lat' dir='ltr'>cum</span> <span class='ocrx_word' id='word_1_306' title='bbox 2632 2171 2738 2221; x_wconf 86' lang='lat' dir='ltr'>sint</span> 
     </span>
     <span class='ocr_line' id='line_1_56' title="bbox 1671 2248 2737 2320; baseline -0.008 -15"><span class='ocrx_word' id='word_1_307' title='bbox 1671 2255 1927 2319; x_wconf 76' lang='lat' dir='ltr'>oppositu,</span> <span class='ocrx_word' id='word_1_308' title='bbox 1956 2252 2217 2320; x_wconf 72' lang='lat' dir='ltr'>putabant</span> <span class='ocrx_word' id='word_1_309' title='bbox 2247 2249 2394 2300; x_wconf 79' lang='lat' dir='ltr'>nobis</span> <span class='ocrx_word' id='word_1_310' title='bbox 2417 2262 2503 2312; x_wconf 78' lang='lat' dir='ltr'>es,</span> <span class='ocrx_word' id='word_1_311' title='bbox 2526 2261 2644 2312; x_wconf 65' lang='lat' dir='ltr'>qum</span> <span class='ocrx_word' id='word_1_312' title='bbox 2674 2248 2737 2297; x_wconf 88' lang='lat' dir='ltr'>si-</span> 
     </span>
     <span class='ocr_line' id='line_1_57' title="bbox 1672 2321 2737 2392; baseline -0.008 -13"><span class='ocrx_word' id='word_1_313' title='bbox 1672 2329 1836 2379; x_wconf 76' lang='lat' dir='ltr'>nistra</span> <span class='ocrx_word' id='word_1_314' title='bbox 1850 2335 1989 2392; x_wconf 86' lang='lat' dir='ltr'>sunt,</span> <span class='ocrx_word' id='word_1_315' title='bbox 2003 2330 2146 2378; x_wconf 86' lang='lat' dir='ltr'>Deos</span> <span class='ocrx_word' id='word_1_316' title='bbox 2162 2341 2192 2376; x_wconf 77' lang='lat' dir='ltr'><strong>a</strong></span> <span class='ocrx_word' id='word_1_317' title='bbox 2210 2326 2398 2376; x_wconf 77' lang='lat' dir='ltr'>dextra</span> <span class='ocrx_word' id='word_1_318' title='bbox 2412 2321 2690 2373; x_wconf 85' lang='lat' dir='ltr'>ostendere</span> <span class='ocrx_word' id='word_1_319' title='bbox 2701 2321 2737 2370; x_wconf 65' lang='grc' dir='ltr'>θ’</span> 
     </span>
     <span class='ocr_line' id='line_1_58' title="bbox 1671 2400 2736 2465; baseline -0.006 -9"><span class='ocrx_word' id='word_1_320' title='bbox 1671 2406 1807 2456; x_wconf 85' lang='lat' dir='ltr'>Vide</span> <span class='ocrx_word' id='word_1_321' title='bbox 1842 2413 1896 2456; x_wconf 89' lang='lat' dir='ltr'>et</span> <span class='ocrx_word' id='word_1_322' title='bbox 1932 2405 2133 2456; x_wconf 84' lang='lat' dir='ltr'>Arnob.</span> <span class='ocrx_word' id='word_1_323' title='bbox 2171 2402 2262 2453; x_wconf 81' lang='lat' dir='ltr'>lib.</span> <span class='ocrx_word' id='word_1_324' title='bbox 2296 2416 2379 2453; x_wconf 73' lang='lat' dir='ltr'>iv.</span> <span class='ocrx_word' id='word_1_325' title='bbox 2424 2400 2581 2465; x_wconf 80' lang='lat' dir='ltr'>paulo</span> <span class='ocrx_word' id='word_1_326' title='bbox 2618 2405 2736 2465; x_wconf 87' lang='lat' dir='ltr'>post</span> 
     </span>
     <span class='ocr_line' id='line_1_59' title="bbox 1669 2477 2736 2541; baseline -0.004 -9"><span class='ocrx_word' id='word_1_327' title='bbox 1669 2484 1782 2534; x_wconf 90' lang='lat' dir='ltr'>init.</span> <span class='ocrx_word' id='word_1_328' title='bbox 1820 2483 1911 2534; x_wconf 88' lang='lat' dir='ltr'>ubi</span> <span class='ocrx_word' id='word_1_329' title='bbox 1953 2483 2076 2533; x_wconf 74' lang='lat' dir='ltr'>lava</span> <span class='ocrx_word' id='word_1_330' title='bbox 2111 2486 2285 2532; x_wconf 74' lang='lat' dir='ltr'>nutura</span> <span class='ocrx_word' id='word_1_331' title='bbox 2315 2493 2414 2528; x_wconf 82' lang='lat' dir='ltr'>esse</span> <span class='ocrx_word' id='word_1_332' title='bbox 2446 2477 2544 2526; x_wconf 77' lang='lat' dir='ltr'>ulla</span> <span class='ocrx_word' id='word_1_333' title='bbox 2577 2483 2736 2541; x_wconf 76' lang='lat' dir='ltr'>negat</span> 
     </span>
     <span class='ocr_line' id='line_1_60' title="bbox 1670 2552 2733 2623; baseline -0.006 -15"><span class='ocrx_word' id='word_1_334' title='bbox 1670 2559 1900 2623; x_wconf 78' lang='lat' dir='ltr'>egregie.</span> <span class='ocrx_word' id='word_1_335' title='bbox 1936 2558 2052 2609; x_wconf 85' lang='lat' dir='ltr'>Nec</span> <span class='ocrx_word' id='word_1_336' title='bbox 2068 2557 2251 2609; x_wconf 82' lang='lat' dir='ltr'>omitte</span> <span class='ocrx_word' id='word_1_337' title='bbox 2266 2554 2405 2620; x_wconf 87' lang='lat' dir='ltr'>quod</span> <span class='ocrx_word' id='word_1_338' title='bbox 2425 2552 2568 2603; x_wconf 86' lang='lat' dir='ltr'>Nou.</span> <span class='ocrx_word' id='word_1_339' title='bbox 2591 2553 2733 2603; x_wconf 75' lang='lat' dir='ltr'>Mar-</span> 
     </span>
     <span class='ocr_line' id='line_1_61' title="bbox 1670 2629 2737 2699; baseline -0.007 -13"><span class='ocrx_word' id='word_1_340' title='bbox 1670 2635 1788 2686; x_wconf 87' lang='lat' dir='ltr'>cell.</span> <span class='ocrx_word' id='word_1_341' title='bbox 1829 2635 2007 2699; x_wconf 84' lang='lat' dir='ltr'>docet,</span> <span class='ocrx_word' id='word_1_342' title='bbox 2048 2632 2323 2699; x_wconf 69' lang='lat' dir='ltr'>aliquando</span> <span class='ocrx_word' id='word_1_343' title='bbox 2367 2629 2525 2680; x_wconf 68' lang='lat' dir='ltr'>etiam</span> <span class='ocrx_word' id='word_1_344' title='bbox 2564 2631 2737 2697; x_wconf 61' lang='lat' dir='ltr'>honus</span> 
     </span>
     <span class='ocr_line' id='line_1_62' title="bbox 1671 2705 2700 2775; baseline -0.006 -15"><span class='ocrx_word' id='word_1_345' title='bbox 1671 2710 1723 2760; x_wconf 92' lang='lat' dir='ltr'>in</span> <span class='ocrx_word' id='word_1_346' title='bbox 1748 2712 1933 2762; x_wconf 76' lang='lat' dir='ltr'>bonnm</span> <span class='ocrx_word' id='word_1_347' title='bbox 1953 2717 2179 2775; x_wconf 74' lang='lat' dir='ltr'>purtem,</span> <span class='ocrx_word' id='word_1_348' title='bbox 2199 2714 2258 2759; x_wconf 89' lang='lat' dir='ltr'>et</span> <span class='ocrx_word' id='word_1_349' title='bbox 2277 2706 2551 2758; x_wconf 72' lang='lat' dir='ltr'>elevando</span> <span class='ocrx_word' id='word_1_350' title='bbox 2575 2705 2700 2758; x_wconf 86' lang='lat' dir='ltr'>dici.</span> 
     </span>
    </p>

    <p class='ocr_par' dir='ltr' id='par_1_18' title="bbox 1671 2784 2741 3298">
     <span class='ocr_line' id='line_1_63' title="bbox 1738 2784 2740 2852; baseline -0.005 -14"><span class='ocrx_word' id='word_1_351' title='bbox 1738 2791 1773 2838; x_wconf 78' lang='lat'>9</span> <span class='ocrx_word' id='word_1_352' title='bbox 1802 2788 2074 2852; x_wconf 66' lang='lat' dir='ltr'>Antequam</span> <span class='ocrx_word' id='word_1_353' title='bbox 2094 2790 2277 2836; x_wconf 76' lang='lat' dir='ltr'>stantes</span> <span class='ocrx_word' id='word_1_354' title='bbox 2308 2789 2494 2848; x_wconf 72' lang='lat' dir='ltr'>repetat</span> <span class='ocrx_word' id='word_1_355' title='bbox 2524 2784 2740 2847; x_wconf 69' lang='lat' dir='ltr'>paludes,</span> 
     </span>
     <span class='ocr_line' id='line_1_64' title="bbox 1671 2859 2738 2929; baseline -0.005 -15"><span class='ocrx_word' id='word_1_356' title='bbox 1671 2863 1780 2929; x_wconf 55' lang='grc' dir='ltr'>ξω]</span> <span class='ocrx_word' id='word_1_357' title='bbox 1816 2863 2110 2928; x_wconf 80' lang='lat' dir='ltr'>Antequam</span> <span class='ocrx_word' id='word_1_358' title='bbox 2149 2867 2514 2926; x_wconf 74' lang='lat' dir='ltr'>tempestatem</span> <span class='ocrx_word' id='word_1_359' title='bbox 2542 2859 2738 2910; x_wconf 85' lang='lat' dir='ltr'>denun-</span> 
     </span>
     <span class='ocr_line' id='line_1_65' title="bbox 1674 2937 2739 3003; baseline -0.004 -13"><span class='ocrx_word' id='word_1_360' title='bbox 1674 2941 1773 2991; x_wconf 92' lang='lat' dir='ltr'>tiet</span> <span class='ocrx_word' id='word_1_361' title='bbox 1793 2940 1972 2991; x_wconf 86' lang='lat' dir='ltr'>cornix</span> <span class='ocrx_word' id='word_1_362' title='bbox 1995 2940 2060 2989; x_wconf 74' lang='lat' dir='ltr'>ud</span> <span class='ocrx_word' id='word_1_363' title='bbox 2079 2939 2295 3003; x_wconf 72' lang='lat' dir='ltr'>paludes</span> <span class='ocrx_word' id='word_1_364' title='bbox 2317 2952 2414 2988; x_wconf 85' lang='lat' dir='ltr'>suo</span> <span class='ocrx_word' id='word_1_365' title='bbox 2444 2950 2591 2986; x_wconf 86' lang='lat' dir='ltr'>more</span> <span class='ocrx_word' id='word_1_366' title='bbox 2613 2937 2739 2986; x_wconf 82' lang='lat' dir='ltr'>voli·</span> 
     </span>
     <span class='ocr_line' id='line_1_66' title="bbox 1674 3012 2738 3079; baseline -0.004 -14"><span class='ocrx_word' id='word_1_367' title='bbox 1674 3022 1791 3066; x_wconf 79' lang='lat' dir='ltr'>taus</span> <span class='ocrx_word' id='word_1_368' title='bbox 1824 3030 1887 3065; x_wconf 79' lang='lat' dir='ltr'>ac</span> <span class='ocrx_word' id='word_1_369' title='bbox 1925 3014 2133 3079; x_wconf 88' lang='lat' dir='ltr'>sedens,</span> <span class='ocrx_word' id='word_1_370' title='bbox 2169 3014 2342 3078; x_wconf 81' lang='lat' dir='ltr'>ibique</span> <span class='ocrx_word' id='word_1_371' title='bbox 2390 3012 2738 3077; x_wconf 79' lang='lat' dir='ltr'>praeseutieus</span> 
     </span>
     <span class='ocr_line' id='line_1_67' title="bbox 1674 3088 2741 3156; baseline -0.004 -14"><span class='ocrx_word' id='word_1_372' title='bbox 1674 3092 1908 3153; x_wconf 87' lang='lat' dir='ltr'>imbrem,</span> <span class='ocrx_word' id='word_1_373' title='bbox 1936 3091 2305 3156; x_wconf 73' lang='lat' dir='ltr'>divinumque,</span> <span class='ocrx_word' id='word_1_374' title='bbox 2341 3097 2399 3140; x_wconf 88' lang='lat' dir='ltr'>et</span> <span class='ocrx_word' id='word_1_375' title='bbox 2437 3102 2571 3138; x_wconf 81' lang='lat' dir='ltr'>voce</span> <span class='ocrx_word' id='word_1_376' title='bbox 2611 3088 2741 3138; x_wconf 90' lang='lat' dir='ltr'>indi-</span> 
     </span>
     <span class='ocr_line' id='line_1_68' title="bbox 1673 3167 2741 3232; baseline -0.006 -13"><span class='ocrx_word' id='word_1_377' title='bbox 1673 3184 1818 3219; x_wconf 77' lang='lat' dir='ltr'>cens.</span> <span class='ocrx_word' id='word_1_378' title='bbox 1859 3169 2030 3232; x_wconf 76' lang='lat' dir='ltr'>Supra</span> <span class='ocrx_word' id='word_1_379' title='bbox 2050 3167 2155 3217; x_wconf 85' lang='lat' dir='ltr'>Od.</span> <span class='ocrx_word' id='word_1_380' title='bbox 2176 3180 2324 3216; x_wconf 84' lang='lat' dir='ltr'>xvn.</span> <span class='ocrx_word' id='word_1_381' title='bbox 2361 3167 2377 3194; x_wconf 87' lang='lat'>‘</span> <span class='ocrx_word' id='word_1_382' title='bbox 2401 3180 2548 3231; x_wconf 79' lang='lat' dir='ltr'>squae</span> <span class='ocrx_word' id='word_1_383' title='bbox 2576 3178 2741 3229; x_wconf 83' lang='lat' dir='ltr'>sugur</span> 
     </span>
     <span class='ocr_line' id='line_1_69' title="bbox 1673 3242 2539 3298; baseline -0.008 -1"><span class='ocrx_word' id='word_1_384' title='bbox 1673 3245 1884 3298; x_wconf 86' lang='lat' dir='ltr'>cornix&#39;</span> <span class='ocrx_word' id='word_1_385' title='bbox 1904 3245 2112 3295; x_wconf 87' lang='lat' dir='ltr'>dicitur.</span> <span class='ocrx_word' id='word_1_386' title='bbox 2160 3244 2292 3293; x_wconf 89' lang='lat' dir='ltr'>Vide</span> <span class='ocrx_word' id='word_1_387' title='bbox 2315 3243 2386 3292; x_wconf 90' lang='lat' dir='ltr'>ibi</span> <span class='ocrx_word' id='word_1_388' title='bbox 2412 3242 2539 3292; x_wconf 89' lang='lat' dir='ltr'>Not.</span> 
     </span>
    </p>

    <p class='ocr_par' dir='ltr' id='par_1_19' title="bbox 1672 3315 2742 4238">
     <span class='ocr_line' id='line_1_70' title="bbox 1741 3315 2741 3384; baseline -0.006 -12"><span class='ocrx_word' id='word_1_389' title='bbox 1741 3327 1763 3372; x_wconf 87' lang='lat'>1</span> <span class='ocrx_word' id='word_1_390' title='bbox 1775 3329 1801 3374; x_wconf 89' lang='lat'>1</span> <span class='ocrx_word' id='word_1_391' title='bbox 1842 3320 2064 3372; x_wconf 80' lang='lat' dir='ltr'>Oscinem</span> <span class='ocrx_word' id='word_1_392' title='bbox 2078 3335 2283 3375; x_wconf 73' lang='lat' dir='ltr'>corvum,</span> <span class='ocrx_word' id='word_1_393' title='bbox 2297 3320 2405 3384; x_wconf 57' lang='lat' dir='ltr'>ssa]</span> <span class='ocrx_word' id='word_1_394' title='bbox 2434 3318 2549 3367; x_wconf 87' lang='lat' dir='ltr'>Ore</span> <span class='ocrx_word' id='word_1_395' title='bbox 2564 3315 2741 3367; x_wconf 70' lang='lat' dir='ltr'>futuru</span> 
     </span>
     <span class='ocr_line' id='line_1_71' title="bbox 1676 3395 2742 3470; baseline -0.005 -21"><span class='ocrx_word' id='word_1_396' title='bbox 1676 3399 2069 3470; x_wconf 68' lang='lat' dir='ltr'>praecinentem.</span> <span class='ocrx_word' id='word_1_397' title='bbox 2102 3396 2241 3446; x_wconf 85' lang='lat' dir='ltr'>Vide</span> <span class='ocrx_word' id='word_1_398' title='bbox 2260 3396 2397 3446; x_wconf 78' lang='lat' dir='ltr'>Geli.</span> <span class='ocrx_word' id='word_1_399' title='bbox 2420 3410 2500 3445; x_wconf 80' lang='lat' dir='ltr'>vr.</span> <span class='ocrx_word' id='word_1_400' title='bbox 2522 3400 2575 3445; x_wconf 84' lang='lat'>6.</span> <span class='ocrx_word' id='word_1_401' title='bbox 2600 3395 2742 3446; x_wconf 82' lang='lat' dir='ltr'>Piin.</span> 
     </span>
     <span class='ocr_line' id='line_1_72' title="bbox 1678 3470 2742 3536; baseline -0.006 -9"><span class='ocrx_word' id='word_1_402' title='bbox 1678 3489 1733 3527; x_wconf 82' lang='lat' dir='ltr'>x.</span> <span class='ocrx_word' id='word_1_403' title='bbox 1756 3479 1838 3527; x_wconf 74' lang='lat'>12.</span> <span class='ocrx_word' id='word_1_404' title='bbox 1887 3477 1903 3505; x_wconf 90' lang='lat'>‘</span> <span class='ocrx_word' id='word_1_405' title='bbox 1923 3475 2158 3526; x_wconf 73' lang='lat' dir='ltr'>Pessima</span> <span class='ocrx_word' id='word_1_406' title='bbox 2176 3487 2448 3523; x_wconf 78' lang='lat' dir='ltr'>corvorum</span> <span class='ocrx_word' id='word_1_407' title='bbox 2481 3470 2742 3536; x_wconf 80' lang='lat' dir='ltr'>siguifica-</span> 
     </span>
     <span class='ocr_line' id='line_1_73' title="bbox 1677 3550 2740 3616; baseline -0.007 -12"><span class='ocrx_word' id='word_1_408' title='bbox 1677 3552 1770 3612; x_wconf 88' lang='lat' dir='ltr'>tio,</span> <span class='ocrx_word' id='word_1_409' title='bbox 1791 3568 1909 3604; x_wconf 86' lang='lat' dir='ltr'>cum</span> <span class='ocrx_word' id='word_1_410' title='bbox 1932 3551 2157 3616; x_wconf 81' lang='lat' dir='ltr'>glutiunt</span> <span class='ocrx_word' id='word_1_411' title='bbox 2186 3563 2366 3601; x_wconf 84' lang='lat' dir='ltr'>vocem</span> <span class='ocrx_word' id='word_1_412' title='bbox 2404 3550 2549 3599; x_wconf 83' lang='lat' dir='ltr'>velut</span> <span class='ocrx_word' id='word_1_413' title='bbox 2571 3556 2740 3598; x_wconf 76' lang='lat' dir='ltr'>strau-</span> 
     </span>
     <span class='ocr_line' id='line_1_74' title="bbox 1676 3625 2740 3694; baseline -0.006 -14"><span class='ocrx_word' id='word_1_414' title='bbox 1676 3629 1873 3694; x_wconf 78' lang='lat' dir='ltr'>guluti.&#39;</span> <span class='ocrx_word' id='word_1_415' title='bbox 1928 3631 1998 3680; x_wconf 84' lang='lat' dir='ltr'>Et</span> <span class='ocrx_word' id='word_1_416' title='bbox 2037 3641 2209 3679; x_wconf 81' lang='lat' dir='ltr'>xvm.</span> <span class='ocrx_word' id='word_1_417' title='bbox 2253 3643 2370 3691; x_wconf 76' lang='lat' dir='ltr'>cap.</span> <span class='ocrx_word' id='word_1_418' title='bbox 2414 3626 2510 3676; x_wconf 86' lang='lat' dir='ltr'>ult.</span> <span class='ocrx_word' id='word_1_419' title='bbox 2542 3628 2559 3652; x_wconf 93' lang='lat'>‘</span> <span class='ocrx_word' id='word_1_420' title='bbox 2586 3625 2740 3677; x_wconf 79' lang='lat' dir='ltr'>Corvi</span> 
     </span>
     <span class='ocr_line' id='line_1_75' title="bbox 1676 3705 2740 3771; baseline -0.003 -15"><span class='ocrx_word' id='word_1_421' title='bbox 1676 3706 1906 3771; x_wconf 78' lang='lat' dir='ltr'>singultu</span> <span class='ocrx_word' id='word_1_422' title='bbox 1928 3705 2419 3771; x_wconf 75' lang='lat' dir='ltr'>quodamletrantes</span> <span class='ocrx_word' id='word_1_423' title='bbox 2441 3716 2600 3767; x_wconf 89' lang='lat' dir='ltr'>seque</span> <span class='ocrx_word' id='word_1_424' title='bbox 2615 3716 2740 3753; x_wconf 87' lang='lat' dir='ltr'>con·</span> 
     </span>
     <span class='ocr_line' id='line_1_76' title="bbox 1676 3782 2740 3847; baseline -0.004 -12"><span class='ocrx_word' id='word_1_425' title='bbox 1676 3786 1956 3847; x_wconf 87' lang='lat' dir='ltr'>cutientes,</span> <span class='ocrx_word' id='word_1_426' title='bbox 1999 3783 2043 3832; x_wconf 85' lang='lat' dir='ltr'>si</span> <span class='ocrx_word' id='word_1_427' title='bbox 2088 3782 2485 3843; x_wconf 79' lang='lat' dir='ltr'>continuabunt,</span> <span class='ocrx_word' id='word_1_428' title='bbox 2522 3789 2740 3843; x_wconf 67' lang='lat' dir='ltr'>ventosg</span> 
     </span>
     <span class='ocr_line' id='line_1_77' title="bbox 1673 3858 2742 3923; baseline -0.006 -10"><span class='ocrx_word' id='word_1_429' title='bbox 1673 3862 1717 3913; x_wconf 85' lang='lat' dir='ltr'>si</span> <span class='ocrx_word' id='word_1_430' title='bbox 1752 3875 1876 3912; x_wconf 78' lang='lat' dir='ltr'>vero</span> <span class='ocrx_word' id='word_1_431' title='bbox 1907 3860 2130 3923; x_wconf 77' lang='lat' dir='ltr'>carptim</span> <span class='ocrx_word' id='word_1_432' title='bbox 2165 3872 2345 3908; x_wconf 86' lang='lat' dir='ltr'>vocem</span> <span class='ocrx_word' id='word_1_433' title='bbox 2377 3858 2742 3921; x_wconf 86' lang='lat' dir='ltr'>resorbebunt,</span> 
     </span>
     <span class='ocr_line' id='line_1_78' title="bbox 1674 3935 2740 3999; baseline 0.001 -14"><span class='ocrx_word' id='word_1_434' title='bbox 1674 3945 1945 3987; x_wconf 82' lang='lat' dir='ltr'>ventosum</span> <span class='ocrx_word' id='word_1_435' title='bbox 1968 3936 2182 3985; x_wconf 88' lang='lat' dir='ltr'>imbrem</span> <span class='ocrx_word' id='word_1_436' title='bbox 2206 3935 2558 3999; x_wconf 54' lang='lat' dir='ltr'>praesagiunt?</span> <span class='ocrx_word' id='word_1_437' title='bbox 2602 3936 2740 3986; x_wconf 83' lang='lat' dir='ltr'>Con·</span> 
     </span>
     <span class='ocr_line' id='line_1_79' title="bbox 1673 4010 2739 4065; baseline 0.002 -3"><span class='ocrx_word' id='word_1_438' title='bbox 1673 4019 1756 4063; x_wconf 76' lang='lat' dir='ltr'>tra</span> <span class='ocrx_word' id='word_1_439' title='bbox 1777 4012 1819 4062; x_wconf 87' lang='lat' dir='ltr'>si</span> <span class='ocrx_word' id='word_1_440' title='bbox 1850 4012 1918 4062; x_wconf 72' lang='lat' dir='ltr'>ab</span> <span class='ocrx_word' id='word_1_441' title='bbox 1942 4010 2080 4061; x_wconf 84' lang='lat' dir='ltr'>Ortu</span> <span class='ocrx_word' id='word_1_442' title='bbox 2119 4012 2260 4062; x_wconf 75' lang='lat' dir='ltr'>clare</span> <span class='ocrx_word' id='word_1_443' title='bbox 2297 4026 2477 4062; x_wconf 81' lang='lat' dir='ltr'>vocem</span> <span class='ocrx_word' id='word_1_444' title='bbox 2510 4012 2739 4065; x_wconf 80' lang='lat' dir='ltr'>ediderit</span> 
     </span>
     <span class='ocr_line' id='line_1_80' title="bbox 1672 4089 2737 4157; baseline -0.001 -15"><span class='ocrx_word' id='word_1_445' title='bbox 1672 4106 1878 4157; x_wconf 82' lang='lat' dir='ltr'>corvus,</span> <span class='ocrx_word' id='word_1_446' title='bbox 1920 4090 2047 4142; x_wconf 79' lang='lat' dir='ltr'>felix</span> <span class='ocrx_word' id='word_1_447' title='bbox 2090 4092 2378 4155; x_wconf 71' lang='lat' dir='ltr'>auspicium</span> <span class='ocrx_word' id='word_1_448' title='bbox 2423 4089 2581 4142; x_wconf 80' lang='lat' dir='ltr'>fuisse</span> <span class='ocrx_word' id='word_1_449' title='bbox 2618 4105 2737 4141; x_wconf 78' lang='lat' dir='ltr'>usr-</span> 
     </span>
     <span class='ocr_line' id='line_1_81' title="bbox 1672 4169 2559 4238; baseline 0 -18"><span class='ocrx_word' id='word_1_450' title='bbox 1672 4178 1790 4224; x_wconf 76' lang='lat' dir='ltr'>raut</span> <span class='ocrx_word' id='word_1_451' title='bbox 1810 4169 2039 4238; x_wconf 75' lang='lat' dir='ltr'>quidum.</span> <span class='ocrx_word' id='word_1_452' title='bbox 2091 4169 2226 4221; x_wconf 84' lang='lat' dir='ltr'>Vide</span> <span class='ocrx_word' id='word_1_453' title='bbox 2249 4184 2407 4235; x_wconf 71' lang='lat' dir='ltr'>supro</span> <span class='ocrx_word' id='word_1_454' title='bbox 2428 4169 2559 4221; x_wconf 84' lang='lat' dir='ltr'>Not.</span> 
     </span>
    </p>
   </div>
  </div>
 </body>
</html>
