<?xml version="1.0" encoding="UTF-8"?>
<!DOCTYPE html PUBLIC "-//W3C//DTD XHTML 1.0 Transitional//EN"
    "http://www.w3.org/TR/xhtml1/DTD/xhtml1-transitional.dtd">
<html xmlns="http://www.w3.org/1999/xhtml" xml:lang="en" lang="en">
 <head>
  <title>
</title>
<meta http-equiv="Content-Type" content="text/html;charset=utf-8" />
  <meta name='ocr-system' content='tesseract 3.04.00' />
  <meta name='ocr-capabilities' content='ocr_page ocr_carea ocr_par ocr_line ocrx_word'/>
</head>
<body>
  <div class='ocr_page' id='page_1' title='image "./quintihoratiifl00unkngoog_0294.png"; bbox 0 0 3059 4909; ppageno 0'>
   <div class='ocr_carea' id='block_1_1' title="bbox 33 92 40 857">
    <p class='ocr_par' dir='ltr' id='par_1_1' title="bbox 33 92 40 857">
     <span class='ocr_line' id='line_1_1' title="bbox 33 92 40 857; baseline 0 0"><span class='ocrx_word' id='word_1_1' title='bbox 33 92 40 857; x_wconf 95' lang='lat' dir='ltr'><strong> </strong></span> 
     </span>
    </p>
   </div>
   <div class='ocr_carea' id='block_1_2' title="bbox 556 385 688 454">
    <p class='ocr_par' dir='ltr' id='par_1_2' title="bbox 556 385 688 454">
     <span class='ocr_line' id='line_1_2' title="bbox 556 385 688 454; baseline 0.008 -1"><span class='ocrx_word' id='word_1_2' title='bbox 556 385 688 454; x_wconf 76' lang='lat'><strong>284</strong></span> 
     </span>
    </p>
   </div>
   <div class='ocr_carea' id='block_1_3' title="bbox 815 549 2045 636">
    <p class='ocr_par' dir='ltr' id='par_1_3' title="bbox 815 549 2045 636">
     <span class='ocr_line' id='line_1_3' title="bbox 815 549 2045 636; baseline 0 -20"><span class='ocrx_word' id='word_1_3' title='bbox 815 550 1036 628; x_wconf 83' lang='lat' dir='ltr'>Sensi,</span> <span class='ocrx_word' id='word_1_4' title='bbox 1065 549 1302 616; x_wconf 84' lang='lat' dir='ltr'><strong>relicta</strong></span> <span class='ocrx_word' id='word_1_5' title='bbox 1328 570 1462 615; x_wconf 87' lang='lat' dir='ltr'><strong>non</strong></span> <span class='ocrx_word' id='word_1_6' title='bbox 1494 552 1666 616; x_wconf 87' lang='lat' dir='ltr'><strong>bene</strong></span> <span class='ocrx_word' id='word_1_7' title='bbox 1698 551 2002 636; x_wconf 86' lang='lat' dir='ltr'><strong>parmula</strong></span> <span class='ocrx_word' id='word_1_8' title='bbox 2027 572 2045 633; x_wconf 82' lang='lat'>3</span> 
     </span>
    </p>
   </div>
   <div class='ocr_carea' id='block_1_4' title="bbox 1287 406 2035 467">
    <p class='ocr_par' dir='ltr' id='par_1_4' title="bbox 1287 406 2035 467">
     <span class='ocr_line' id='line_1_4' title="bbox 1287 406 2035 467; baseline 0.001 -14"><span class='ocrx_word' id='word_1_9' title='bbox 1287 408 1354 467; x_wconf 73' lang='grc' dir='ltr'><strong>ρ.</strong></span> <span class='ocrx_word' id='word_1_10' title='bbox 1400 406 1718 455; x_wconf 74' lang='lat' dir='ltr'><strong>noRA&#39;rn</strong></span> <span class='ocrx_word' id='word_1_11' title='bbox 1770 407 2035 457; x_wconf 63' lang='lat' dir='ltr'><strong>rucei</strong></span> 
     </span>
    </p>
   </div>
   <div class='ocr_carea' id='block_1_5' title="bbox 2681 526 2837 621">
    <p class='ocr_par' dir='ltr' id='par_1_5' title="bbox 2681 526 2837 621">
     <span class='ocr_line' id='line_1_5' title="bbox 2681 526 2837 621; baseline 0.013 -2"><span class='ocrx_word' id='word_1_12' title='bbox 2681 526 2837 621; x_wconf 67' lang='lat'><strong>10&#39;</strong></span> 
     </span>
    </p>
   </div>
   <div class='ocr_carea' id='block_1_6' title="bbox 900 653 2039 844">
    <p class='ocr_par' dir='ltr' id='par_1_6' title="bbox 900 653 2039 844">
     <span class='ocr_line' id='line_1_6' title="bbox 900 653 2022 747; baseline -0.002 -26"><span class='ocrx_word' id='word_1_13' title='bbox 900 653 1073 721; x_wconf 85' lang='lat' dir='ltr'><strong>Cum</strong></span> <span class='ocrx_word' id='word_1_14' title='bbox 1101 653 1321 720; x_wconf 81' lang='lat' dir='ltr'><strong>fracta</strong></span> <span class='ocrx_word' id='word_1_15' title='bbox 1347 656 1585 734; x_wconf 85' lang='lat' dir='ltr'><strong>virtus,</strong></span> <span class='ocrx_word' id='word_1_16' title='bbox 1616 661 1688 720; x_wconf 85' lang='lat' dir='ltr'><strong>et</strong></span> <span class='ocrx_word' id='word_1_17' title='bbox 1720 656 2022 747; x_wconf 79' lang='lat' dir='ltr'><strong>minaces</strong></span> 
     </span>
     <span class='ocr_line' id='line_1_7' title="bbox 989 758 2039 844; baseline 0.002 -21"><span class='ocrx_word' id='word_1_18' title='bbox 989 758 1217 844; x_wconf 87' lang='lat' dir='ltr'><strong>Turpe</strong></span> <span class='ocrx_word' id='word_1_19' title='bbox 1245 758 1456 826; x_wconf 85' lang='lat' dir='ltr'><strong>solum</strong></span> <span class='ocrx_word' id='word_1_20' title='bbox 1485 760 1763 843; x_wconf 83' lang='lat' dir='ltr'><strong>tetigere</strong></span> <span class='ocrx_word' id='word_1_21' title='bbox 1792 764 2039 843; x_wconf 83' lang='lat' dir='ltr'><strong>mento.</strong></span> 
     </span>
    </p>
   </div>
   <div class='ocr_carea' id='block_1_7' title="bbox 549 941 2757 1073">
    <p class='ocr_par' dir='ltr' id='par_1_7' title="bbox 549 941 2757 1073">
     <span class='ocr_line' id='line_1_8' title="bbox 549 941 2757 1006; baseline 0.001 -17"><span class='ocrx_word' id='word_1_22' title='bbox 549 953 665 1000; x_wconf 76' lang='lat' dir='ltr'><strong>gam</strong></span> <span class='ocrx_word' id='word_1_23' title='bbox 699 941 1009 1006; x_wconf 70' lang='lat' dir='ltr'><strong>precipitem,</strong></span> <span class='ocrx_word' id='word_1_24' title='bbox 1040 941 1221 1004; x_wconf 74' lang='lat' dir='ltr'><strong>abjecto</strong></span> <span class='ocrx_word' id='word_1_25' title='bbox 1254 941 1469 993; x_wconf 72' lang='lat' dir='ltr'><strong>indecore</strong></span> <span class='ocrx_word' id='word_1_26' title='bbox 1505 943 1697 1006; x_wconf 56' lang='grc' dir='ltr'><strong>σῖγμα»,-</strong></span> <span class='ocrx_word' id='word_1_27' title='bbox 1730 943 1914 1006; x_wconf 73' lang='lat' dir='ltr'><strong>quando</strong></span> <span class='ocrx_word' id='word_1_28' title='bbox 1948 942 2103 993; x_wconf 77' lang='lat' dir='ltr'><strong>virtus</strong></span> <span class='ocrx_word' id='word_1_29' title='bbox 2132 942 2381 995; x_wconf 72' lang='lat' dir='ltr'><strong>debilitata</strong></span> <span class='ocrx_word' id='word_1_30' title='bbox 2417 949 2506 1006; x_wconf 75' lang='lat' dir='ltr'><strong>est,</strong></span> <span class='ocrx_word' id='word_1_31' title='bbox 2540 948 2588 993; x_wconf 79' lang='lat' dir='ltr'><strong>et</strong></span> <span class='ocrx_word' id='word_1_32' title='bbox 2620 948 2757 994; x_wconf 78' lang='lat' dir='ltr'><strong>terroe</strong></span> 
     </span>
     <span class='ocr_line' id='line_1_9' title="bbox 555 1007 2756 1073; baseline 0.001 -20"><span class='ocrx_word' id='word_1_33' title='bbox 555 1007 900 1066; x_wconf 73' lang='lat' dir='ltr'><strong>mentumsoede</strong></span> <span class='ocrx_word' id='word_1_34' title='bbox 916 1007 1241 1073; x_wconf 70' lang='lat' dir='ltr'><strong>applicueruut</strong></span> <span class='ocrx_word' id='word_1_35' title='bbox 1265 1009 1350 1072; x_wconf 74' lang='lat' dir='ltr'><strong>qui</strong></span> <span class='ocrx_word' id='word_1_36' title='bbox 1370 1007 1801 1069; x_wconf 71' lang='lat' dir='ltr'><strong>minasjactabant.</strong></span> <span class='ocrx_word' id='word_1_37' title='bbox 1870 1010 1938 1060; x_wconf 73' lang='lat' dir='ltr'><strong>At</strong></span> <span class='ocrx_word' id='word_1_38' title='bbox 1960 1009 2101 1059; x_wconf 80' lang='lat' dir='ltr'><strong>velox</strong></span> <span class='ocrx_word' id='word_1_39' title='bbox 2121 1010 2390 1060; x_wconf 76' lang='lat' dir='ltr'><strong>Mercurius</strong></span> <span class='ocrx_word' id='word_1_40' title='bbox 2409 1009 2756 1063; x_wconf 73' lang='lat' dir='ltr'><strong>tremebundum</strong></span> 
     </span>
    </p>
   </div>
   <div class='ocr_carea' id='block_1_8' title="bbox 1470 1150 1843 1174">
    <p class='ocr_par' dir='ltr' id='par_1_8' title="bbox 1470 1150 1843 1174">
     <span class='ocr_line' id='line_1_10' title="bbox 1470 1150 1843 1174; baseline -0.011 0"><span class='ocrx_word' id='word_1_41' title='bbox 1470 1150 1843 1174; x_wconf 61' lang='lat' dir='ltr'><strong>NWOOOO</strong></span> 
     </span>
    </p>
   </div>
   <div class='ocr_carea' id='block_1_9' title="bbox 550 1257 2756 1656">
    <p class='ocr_par' dir='ltr' id='par_1_9' title="bbox 550 1257 2756 1656">
     <span class='ocr_line' id='line_1_11' title="bbox 555 1257 2755 1316; baseline 0.002 -9"><span class='ocrx_word' id='word_1_42' title='bbox 555 1264 638 1308; x_wconf 86' lang='lat' dir='ltr'><strong>est</strong></span> <span class='ocrx_word' id='word_1_43' title='bbox 659 1257 813 1309; x_wconf 82' lang='lat' dir='ltr'><strong>etiam</strong></span> <span class='ocrx_word' id='word_1_44' title='bbox 840 1260 892 1310; x_wconf 92' lang='lat' dir='ltr'><strong>in</strong></span> <span class='ocrx_word' id='word_1_45' title='bbox 916 1261 1072 1312; x_wconf 89' lang='lat' dir='ltr'><strong>codd.</strong></span> <span class='ocrx_word' id='word_1_46' title='bbox 1102 1263 1245 1313; x_wconf 90' lang='lat' dir='ltr'><strong>Plin.</strong></span> <span class='ocrx_word' id='word_1_47' title='bbox 1268 1277 1374 1314; x_wconf 71' lang='grc' dir='ltr'><strong>κη.</strong></span> <span class='ocrx_word' id='word_1_48' title='bbox 1399 1269 1480 1315; x_wconf 81' lang='grc'><strong>26.</strong></span> <span class='ocrx_word' id='word_1_49' title='bbox 1514 1279 1644 1316; x_wconf 83' lang='lat' dir='ltr'><strong>xm.</strong></span> <span class='ocrx_word' id='word_1_50' title='bbox 1670 1269 1848 1316; x_wconf 81' lang='lat' dir='ltr'><strong>1.—ll</strong></span> <span class='ocrx_word' id='word_1_51' title='bbox 1885 1265 2075 1315; x_wconf 83' lang='lat' dir='ltr'><strong>Venet.</strong></span> <span class='ocrx_word' id='word_1_52' title='bbox 2101 1269 2247 1316; x_wconf 75' lang='lat'><strong>1492.</strong></span> <span class='ocrx_word' id='word_1_53' title='bbox 2270 1271 2325 1315; x_wconf 90' lang='lat' dir='ltr'><strong>et</strong></span> <span class='ocrx_word' id='word_1_54' title='bbox 2350 1265 2565 1315; x_wconf 81' lang='lat' dir='ltr'><strong>Locber.</strong></span> <span class='ocrx_word' id='word_1_55' title='bbox 2599 1270 2650 1314; x_wconf 81' lang='lat' dir='ltr'><strong>et</strong></span> <span class='ocrx_word' id='word_1_56' title='bbox 2670 1263 2755 1312; x_wconf 76' lang='lat' dir='ltr'><strong>mi·</strong></span> 
     </span>
     <span class='ocr_line' id='line_1_12' title="bbox 551 1327 2756 1395; baseline 0.003 -24"><span class='ocrx_word' id='word_1_57' title='bbox 551 1338 690 1373; x_wconf 78' lang='lat' dir='ltr'><strong>nuces</strong></span> <span class='ocrx_word' id='word_1_58' title='bbox 711 1329 880 1375; x_wconf 77' lang='lat' dir='ltr'><strong>turmoe</strong></span> <span class='ocrx_word' id='word_1_59' title='bbox 907 1327 1081 1391; x_wconf 79' lang='lat' dir='ltr'><strong>Turpe,</strong></span> <span class='ocrx_word' id='word_1_60' title='bbox 1101 1330 1183 1391; x_wconf 51' lang='grc' dir='ltr'><strong>εἷο.</strong></span> <span class='ocrx_word' id='word_1_61' title='bbox 1219 1343 1366 1379; x_wconf 87' lang='lat' dir='ltr'><strong>error</strong></span> <span class='ocrx_word' id='word_1_62' title='bbox 1383 1330 1734 1381; x_wconf 81' lang='lat' dir='ltr'><strong>librarii.——l2</strong></span> <span class='ocrx_word' id='word_1_63' title='bbox 1772 1329 1967 1394; x_wconf 70' lang='lat' dir='ltr'><strong>Turpe!</strong></span> <span class='ocrx_word' id='word_1_64' title='bbox 1998 1339 2059 1381; x_wconf 90' lang='lat' dir='ltr'><strong>ut</strong></span> <span class='ocrx_word' id='word_1_65' title='bbox 2092 1330 2162 1381; x_wconf 87' lang='lat' dir='ltr'><strong>sit</strong></span> <span class='ocrx_word' id='word_1_66' title='bbox 2200 1331 2504 1395; x_wconf 86' lang='lat' dir='ltr'><strong>interjectio</strong></span> <span class='ocrx_word' id='word_1_67' title='bbox 2522 1347 2562 1380; x_wconf 86' lang='lat' dir='ltr'><strong>s.</strong></span> <span class='ocrx_word' id='word_1_68' title='bbox 2588 1330 2756 1379; x_wconf 80' lang='lat' dir='ltr'><strong>excla-</strong></span> 
     </span>
     <span class='ocr_line' id='line_1_13' title="bbox 551 1390 2755 1460; baseline 0.003 -23"><span class='ocrx_word' id='word_1_69' title='bbox 551 1390 732 1446; x_wconf 87' lang='lat' dir='ltr'><strong>matio,</strong></span> <span class='ocrx_word' id='word_1_70' title='bbox 757 1399 873 1452; x_wconf 89' lang='lat' dir='ltr'><strong>post</strong></span> <span class='ocrx_word' id='word_1_71' title='bbox 898 1391 1057 1444; x_wconf 84' lang='lat' dir='ltr'><strong>Geor.</strong></span> <span class='ocrx_word' id='word_1_72' title='bbox 1080 1393 1392 1453; x_wconf 78' lang='lat' dir='ltr'>Fabricium,</span> <span class='ocrx_word' id='word_1_73' title='bbox 1415 1396 1617 1447; x_wconf 88' lang='lat' dir='ltr'><strong>Bersm.</strong></span> <span class='ocrx_word' id='word_1_74' title='bbox 1649 1396 1824 1446; x_wconf 89' lang='lat' dir='ltr'><strong>Bentl.</strong></span> <span class='ocrx_word' id='word_1_75' title='bbox 1854 1396 2076 1460; x_wconf 83' lang='lat' dir='ltr'><strong>Cuniug.</strong></span> <span class='ocrx_word' id='word_1_76' title='bbox 2107 1396 2299 1447; x_wconf 85' lang='lat' dir='ltr'><strong>Sanad.</strong></span> <span class='ocrx_word' id='word_1_77' title='bbox 2322 1404 2376 1446; x_wconf 86' lang='lat' dir='ltr'><strong>et</strong></span> <span class='ocrx_word' id='word_1_78' title='bbox 2408 1396 2544 1447; x_wconf 84' lang='lat' dir='ltr'><strong>Sivr.</strong></span> <span class='ocrx_word' id='word_1_79' title='bbox 2584 1395 2755 1444; x_wconf 77' lang='grc' dir='ltr'><strong><em>ηιίιιασί</em></strong></span> 
     </span>
     <span class='ocr_line' id='line_1_14' title="bbox 558 1453 2752 1531; baseline 0.003 -29"><span class='ocrx_word' id='word_1_80' title='bbox 558 1453 714 1517; x_wconf 61' lang='lat' dir='ltr'><strong>stirpe</strong></span> <span class='ocrx_word' id='word_1_81' title='bbox 735 1457 886 1506; x_wconf 76' lang='lat' dir='ltr'><strong>solum</strong></span> <span class='ocrx_word' id='word_1_82' title='bbox 908 1463 948 1506; x_wconf 76' lang='lat' dir='ltr'><strong>t.</strong></span> <span class='ocrx_word' id='word_1_83' title='bbox 969 1464 1125 1531; x_wconf 56' lang='lat' dir='ltr'><strong>mento</strong></span> <span class='ocrx_word' id='word_1_84' title='bbox 1145 1458 1326 1510; x_wconf 83' lang='lat' dir='ltr'><strong>mallet</strong></span> <span class='ocrx_word' id='word_1_85' title='bbox 1346 1461 1461 1513; x_wconf 83' lang='lat' dir='ltr'><strong>Jos.</strong></span> <span class='ocrx_word' id='word_1_86' title='bbox 1485 1461 1741 1526; x_wconf 80' lang='lat' dir='ltr'><strong>Scaliger.</strong></span> <span class='ocrx_word' id='word_1_87' title='bbox 1759 1460 1915 1512; x_wconf 65' lang='lat' dir='ltr'><strong>Poet.</strong></span> <span class='ocrx_word' id='word_1_88' title='bbox 1935 1476 2011 1512; x_wconf 77' lang='lat' dir='ltr'><strong>vl.</strong></span> <span class='ocrx_word' id='word_1_89' title='bbox 2034 1466 2083 1511; x_wconf 79' lang='lat'><strong>7.</strong></span> <span class='ocrx_word' id='word_1_90' title='bbox 2117 1464 2133 1491; x_wconf 90' lang='lat'>‘</span> <span class='ocrx_word' id='word_1_91' title='bbox 2154 1463 2313 1512; x_wconf 82' lang='lat' dir='ltr'><strong>Totus</strong></span> <span class='ocrx_word' id='word_1_92' title='bbox 2338 1461 2387 1512; x_wconf 90' lang='lat' dir='ltr'><strong>ei</strong></span> <span class='ocrx_word' id='word_1_93' title='bbox 2410 1463 2556 1511; x_wconf 86' lang='lat' dir='ltr'><strong>locus</strong></span> <span class='ocrx_word' id='word_1_94' title='bbox 2575 1460 2752 1525; x_wconf 87' lang='lat' dir='ltr'><strong>displi-</strong></span> 
     </span>
     <span class='ocr_line' id='line_1_15' title="bbox 550 1520 2755 1593; baseline 0.003 -26"><span class='ocrx_word' id='word_1_95' title='bbox 550 1528 654 1593; x_wconf 76' lang='lat' dir='ltr'><strong>cet.</strong></span> <span class='ocrx_word' id='word_1_96' title='bbox 719 1520 876 1585; x_wconf 89' lang='lat' dir='ltr'><strong>Vide,</strong></span> <span class='ocrx_word' id='word_1_97' title='bbox 896 1522 938 1572; x_wconf 87' lang='lat' dir='ltr'><strong>si</strong></span> <span class='ocrx_word' id='word_1_98' title='bbox 974 1523 1146 1574; x_wconf 89' lang='lat' dir='ltr'><strong>ridere</strong></span> <span class='ocrx_word' id='word_1_99' title='bbox 1183 1525 1343 1588; x_wconf 87' lang='lat' dir='ltr'><strong>voles,</strong></span> <span class='ocrx_word' id='word_1_100' title='bbox 1366 1526 1625 1591; x_wconf 85' lang='lat' dir='ltr'><strong>quomodo</strong></span> <span class='ocrx_word' id='word_1_101' title='bbox 1658 1527 1790 1577; x_wconf 85' lang='lat' dir='ltr'><strong>corri</strong></span> <span class='ocrx_word' id='word_1_102' title='bbox 1831 1532 1886 1575; x_wconf 86' lang='lat' dir='ltr'><strong>at</strong></span> <span class='ocrx_word' id='word_1_103' title='bbox 1917 1526 2226 1578; x_wconf 83' lang='lat' dir='ltr'><strong>Horatium:</strong></span> <span class='ocrx_word' id='word_1_104' title='bbox 2269 1528 2391 1578; x_wconf 75' lang='lat' dir='ltr'><strong>Cum</strong></span> <span class='ocrx_word' id='word_1_105' title='bbox 2412 1527 2580 1588; x_wconf 78' lang='lat' dir='ltr'><strong>fracta</strong></span> <span class='ocrx_word' id='word_1_106' title='bbox 2601 1527 2755 1575; x_wconf 78' lang='lat' dir='ltr'><strong>virtus</strong></span> 
     </span>
     <span class='ocr_line' id='line_1_16' title="bbox 550 1584 2750 1656; baseline 0.004 -24"><span class='ocrx_word' id='word_1_107' title='bbox 550 1584 770 1636; x_wconf 67' lang='lat' dir='ltr'><strong>insolenti</strong></span> <span class='ocrx_word' id='word_1_108' title='bbox 794 1585 866 1653; x_wconf 85' lang='lat' dir='ltr'><strong>(s.</strong></span> <span class='ocrx_word' id='word_1_109' title='bbox 887 1588 1149 1656; x_wconf 74' lang='lat' dir='ltr'><strong>obstinato)</strong></span> <span class='ocrx_word' id='word_1_110' title='bbox 1176 1590 1354 1641; x_wconf 80' lang='lat' dir='ltr'><strong><em>Cedere</em></strong></span> <span class='ocrx_word' id='word_1_111' title='bbox 1383 1607 1475 1642; x_wconf 79' lang='lat' dir='ltr'><strong>non</strong></span> <span class='ocrx_word' id='word_1_112' title='bbox 1497 1592 1653 1642; x_wconf 79' lang='lat' dir='ltr'><strong>verita</strong></span> <span class='ocrx_word' id='word_1_113' title='bbox 1673 1597 1746 1642; x_wconf 79' lang='lat' dir='ltr'><strong>est</strong></span> <span class='ocrx_word' id='word_1_114' title='bbox 1808 1593 1940 1642; x_wconf 78' lang='lat' dir='ltr'><strong>urori</strong></span> <span class='ocrx_word' id='word_1_115' title='bbox 1953 1608 1972 1651; x_wconf 91' lang='lat'><strong>,·</strong></span> <span class='ocrx_word' id='word_1_116' title='bbox 2004 1592 2123 1651; x_wconf 82' lang='lat' dir='ltr'><strong>Vel,</strong></span> <span class='ocrx_word' id='word_1_117' title='bbox 2152 1593 2318 1643; x_wconf 73' lang='lat' dir='ltr'><strong>oblita</strong></span> <span class='ocrx_word' id='word_1_118' title='bbox 2348 1593 2502 1643; x_wconf 75' lang='lat' dir='ltr'><strong>virtus</strong></span> <span class='ocrx_word' id='word_1_119' title='bbox 2537 1608 2643 1642; x_wconf 75' lang='lat' dir='ltr'><strong>cum</strong></span> <span class='ocrx_word' id='word_1_120' title='bbox 2673 1606 2750 1641; x_wconf 79' lang='lat' dir='ltr'><strong>ce·</strong></span> 
     </span>
    </p>
   </div>
   <div class='ocr_carea' id='block_1_10' title="bbox 1545 1744 1832 1807">
    <p class='ocr_par' dir='ltr' id='par_1_10' title="bbox 1545 1744 1832 1807">
     <span class='ocr_line' id='line_1_17' title="bbox 1545 1744 1832 1807; baseline 0.007 -13"><span class='ocrx_word' id='word_1_121' title='bbox 1545 1744 1759 1795; x_wconf 81' lang='lat' dir='ltr'><strong>No&#39;rAE</strong></span> <span class='ocrx_word' id='word_1_122' title='bbox 1824 1800 1832 1807; x_wconf 62' lang='lat'>‚</span> 
     </span>
    </p>
   </div>
   <div class='ocr_carea' id='block_1_11' title="bbox 480 1850 1612 4400">
    <p class='ocr_par' dir='ltr' id='par_1_11' title="bbox 480 1850 1612 3228">
     <span class='ocr_line' id='line_1_18' title="bbox 614 1850 1610 1922; baseline 0.01 -23"><span class='ocrx_word' id='word_1_123' title='bbox 614 1854 679 1900; x_wconf 84' lang='lat' dir='ltr'><strong>lo</strong></span> <span class='ocrx_word' id='word_1_124' title='bbox 712 1850 907 1904; x_wconf 73' lang='lat' dir='ltr'><strong>Relicta</strong></span> <span class='ocrx_word' id='word_1_125' title='bbox 926 1868 1020 1904; x_wconf 68' lang='lat' dir='ltr'><strong>nou</strong></span> <span class='ocrx_word' id='word_1_126' title='bbox 1042 1855 1156 1907; x_wconf 72' lang='lat' dir='ltr'><strong>bene</strong></span> <span class='ocrx_word' id='word_1_127' title='bbox 1179 1859 1422 1922; x_wconf 74' lang='lat' dir='ltr'><strong>pomula]</strong></span> <span class='ocrx_word' id='word_1_128' title='bbox 1456 1858 1520 1909; x_wconf 90' lang='lat' dir='ltr'><strong>In</strong></span> <span class='ocrx_word' id='word_1_129' title='bbox 1544 1873 1610 1909; x_wconf 88' lang='lat' dir='ltr'><strong>ea</strong></span> 
     </span>
     <span class='ocr_line' id='line_1_19' title="bbox 546 1926 1609 1994; baseline 0.011 -19"><span class='ocrx_word' id='word_1_130' title='bbox 546 1926 695 1977; x_wconf 76' lang='lat' dir='ltr'><strong>clade</strong></span> <span class='ocrx_word' id='word_1_131' title='bbox 718 1926 895 1994; x_wconf 78' lang='lat' dir='ltr'><strong>fugam</strong></span> <span class='ocrx_word' id='word_1_132' title='bbox 918 1946 1064 1983; x_wconf 81' lang='lat' dir='ltr'><strong>suam</strong></span> <span class='ocrx_word' id='word_1_133' title='bbox 1081 1947 1185 1984; x_wconf 86' lang='lat' dir='ltr'><strong>uon</strong></span> <span class='ocrx_word' id='word_1_134' title='bbox 1208 1935 1502 1987; x_wconf 70' lang='lat' dir='ltr'><strong>dissimulat</strong></span> <span class='ocrx_word' id='word_1_135' title='bbox 1523 1937 1609 1987; x_wconf 85' lang='lat' dir='ltr'><strong>bic</strong></span> 
     </span>
     <span class='ocr_line' id='line_1_20' title="bbox 546 2002 1612 2081; baseline 0.012 -29"><span class='ocrx_word' id='word_1_136' title='bbox 546 2002 821 2071; x_wconf 75' lang='lat' dir='ltr'><strong>Horatius,</strong></span> <span class='ocrx_word' id='word_1_137' title='bbox 857 2007 1071 2074; x_wconf 86' lang='lat' dir='ltr'><strong>iusuper</strong></span> <span class='ocrx_word' id='word_1_138' title='bbox 1102 2017 1159 2060; x_wconf 88' lang='lat' dir='ltr'><strong>et</strong></span> <span class='ocrx_word' id='word_1_139' title='bbox 1198 2013 1373 2077; x_wconf 82' lang='lat' dir='ltr'><strong>clypei</strong></span> <span class='ocrx_word' id='word_1_140' title='bbox 1405 2013 1612 2081; x_wconf 87' lang='lat' dir='ltr'><strong>projec-</strong></span> 
     </span>
     <span class='ocr_line' id='line_1_21' title="bbox 547 2080 1610 2155; baseline 0.013 -27"><span class='ocrx_word' id='word_1_141' title='bbox 547 2080 758 2132; x_wconf 78' lang='lat' dir='ltr'><strong>tionem.</strong></span> <span class='ocrx_word' id='word_1_142' title='bbox 823 2084 978 2137; x_wconf 80' lang='lat' dir='ltr'><strong>Quod</strong></span> <span class='ocrx_word' id='word_1_143' title='bbox 1023 2087 1087 2137; x_wconf 86' lang='lat' dir='ltr'><strong>ad</strong></span> <span class='ocrx_word' id='word_1_144' title='bbox 1134 2089 1353 2154; x_wconf 81' lang='lat' dir='ltr'><strong>primum</strong></span> <span class='ocrx_word' id='word_1_145' title='bbox 1397 2092 1610 2155; x_wconf 88' lang='lat' dir='ltr'><strong>attinet,</strong></span> 
     </span>
     <span class='ocr_line' id='line_1_22' title="bbox 546 2169 1608 2231; baseline 0.014 -25"><span class='ocrx_word' id='word_1_146' title='bbox 546 2173 649 2229; x_wconf 71' lang='lat' dir='ltr'><strong>non</strong></span> <span class='ocrx_word' id='word_1_147' title='bbox 668 2171 817 2216; x_wconf 83' lang='lat' dir='ltr'><strong>caret</strong></span> <span class='ocrx_word' id='word_1_148' title='bbox 839 2180 1047 2231; x_wconf 85' lang='lat' dir='ltr'><strong>semper</strong></span> <span class='ocrx_word' id='word_1_149' title='bbox 1067 2169 1424 2222; x_wconf 76' lang='lat' dir='ltr'><strong>excusatione.</strong></span> <span class='ocrx_word' id='word_1_150' title='bbox 1470 2171 1608 2221; x_wconf 87' lang='lat' dir='ltr'><strong>Nam</strong></span> 
     </span>
     <span class='ocr_line' id='line_1_23' title="bbox 543 2233 1610 2310; baseline 0.013 -25"><span class='ocrx_word' id='word_1_151' title='bbox 543 2233 701 2289; x_wconf 80' lang='lat' dir='ltr'><strong>fortis</strong></span> <span class='ocrx_word' id='word_1_152' title='bbox 722 2250 802 2291; x_wconf 87' lang='lat' dir='ltr'><strong>est</strong></span> <span class='ocrx_word' id='word_1_153' title='bbox 835 2257 935 2293; x_wconf 89' lang='lat' dir='ltr'><strong>non</strong></span> <span class='ocrx_word' id='word_1_154' title='bbox 969 2246 1124 2296; x_wconf 85' lang='lat' dir='ltr'><strong>modo</strong></span> <span class='ocrx_word' id='word_1_155' title='bbox 1155 2248 1416 2310; x_wconf 86' lang='lat' dir='ltr'><strong>resistere,</strong></span> <span class='ocrx_word' id='word_1_156' title='bbox 1439 2247 1528 2298; x_wconf 87' lang='lat' dir='ltr'><strong>sed</strong></span> <span class='ocrx_word' id='word_1_157' title='bbox 1553 2255 1610 2299; x_wconf 89' lang='lat' dir='ltr'><strong>et</strong></span> 
     </span>
     <span class='ocr_line' id='line_1_24' title="bbox 546 2315 1607 2384; baseline 0.012 -22"><span class='ocrx_word' id='word_1_158' title='bbox 546 2315 818 2378; x_wconf 85' lang='lat' dir='ltr'><strong>sapienter</strong></span> <span class='ocrx_word' id='word_1_159' title='bbox 837 2316 1022 2384; x_wconf 69' lang='lat' dir='ltr'><strong>fugere</strong></span> <span class='ocrx_word' id='word_1_160' title='bbox 1046 2337 1108 2372; x_wconf 84' lang='lat' dir='ltr'><strong>ac</strong></span> <span class='ocrx_word' id='word_1_161' title='bbox 1130 2324 1338 2374; x_wconf 61' lang='lat' dir='ltr'><strong>(tedere.</strong></span> <span class='ocrx_word' id='word_1_162' title='bbox 1384 2324 1473 2374; x_wconf 91' lang='lat' dir='ltr'><strong>Sic</strong></span> <span class='ocrx_word' id='word_1_163' title='bbox 1498 2325 1607 2375; x_wconf 87' lang='lat' dir='ltr'><strong>Ho-</strong></span> 
     </span>
     <span class='ocr_line' id='line_1_25' title="bbox 544 2395 1606 2453; baseline 0.014 -15"><span class='ocrx_word' id='word_1_164' title='bbox 544 2403 715 2443; x_wconf 82' lang='lat' dir='ltr'><strong>merus</strong></span> <span class='ocrx_word' id='word_1_165' title='bbox 733 2395 944 2448; x_wconf 85' lang='lat' dir='ltr'><strong>AEneam</strong></span> <span class='ocrx_word' id='word_1_166' title='bbox 969 2399 1148 2450; x_wconf 85' lang='lat' dir='ltr'><strong>laudat</strong></span> <span class='ocrx_word' id='word_1_167' title='bbox 1172 2401 1312 2451; x_wconf 77' lang='lat' dir='ltr'><strong>velut</strong></span> <span class='ocrx_word' id='word_1_168' title='bbox 1334 2402 1606 2453; x_wconf 88' lang='lat' dir='ltr'><strong>metuendi</strong></span> 
     </span>
     <span class='ocr_line' id='line_1_26' title="bbox 543 2466 1608 2540; baseline 0.012 -24"><span class='ocrx_word' id='word_1_169' title='bbox 543 2466 877 2538; x_wconf 77' lang='lat' dir='ltr'><strong>fugiendique</strong></span> <span class='ocrx_word' id='word_1_170' title='bbox 902 2477 1160 2540; x_wconf 81' lang='lat' dir='ltr'><strong>peritum:</strong></span> <span class='ocrx_word' id='word_1_171' title='bbox 1196 2485 1252 2527; x_wconf 90' lang='lat' dir='ltr'><strong>et</strong></span> <span class='ocrx_word' id='word_1_172' title='bbox 1270 2479 1401 2528; x_wconf 73' lang='lat' dir='ltr'><strong>lianc</strong></span> <span class='ocrx_word' id='word_1_173' title='bbox 1424 2479 1474 2528; x_wconf 90' lang='lat' dir='ltr'><strong>ei</strong></span> <span class='ocrx_word' id='word_1_174' title='bbox 1496 2479 1608 2529; x_wconf 65' lang='lat' dir='ltr'><strong>iam·</strong></span> 
     </span>
     <span class='ocr_line' id='line_1_27' title="bbox 544 2545 1605 2616; baseline 0.012 -22"><span class='ocrx_word' id='word_1_175' title='bbox 544 2545 660 2596; x_wconf 82' lang='lat' dir='ltr'><strong>dem</strong></span> <span class='ocrx_word' id='word_1_176' title='bbox 677 2547 821 2611; x_wconf 82' lang='lat' dir='ltr'><strong>juste</strong></span> <span class='ocrx_word' id='word_1_177' title='bbox 844 2550 957 2601; x_wconf 89' lang='lat' dir='ltr'><strong>dari</strong></span> <span class='ocrx_word' id='word_1_178' title='bbox 982 2554 1219 2616; x_wconf 81' lang='lat' dir='ltr'><strong>agnoscit</strong></span> <span class='ocrx_word' id='word_1_179' title='bbox 1242 2555 1395 2606; x_wconf 77' lang='lat' dir='ltr'><strong>Plato</strong></span> <span class='ocrx_word' id='word_1_180' title='bbox 1425 2556 1478 2605; x_wconf 89' lang='lat' dir='ltr'><strong>in</strong></span> <span class='ocrx_word' id='word_1_181' title='bbox 1502 2557 1605 2607; x_wconf 86' lang='lat' dir='ltr'><strong>La-</strong></span> 
     </span>
     <span class='ocr_line' id='line_1_28' title="bbox 549 2623 1606 2697; baseline 0.011 -26"><span class='ocrx_word' id='word_1_182' title='bbox 549 2623 718 2674; x_wconf 85' lang='lat' dir='ltr'><strong>chete.</strong></span> <span class='ocrx_word' id='word_1_183' title='bbox 781 2624 917 2676; x_wconf 83' lang='lat' dir='ltr'><strong>Vide</strong></span> <span class='ocrx_word' id='word_1_184' title='bbox 941 2637 996 2679; x_wconf 89' lang='lat' dir='ltr'><strong>et</strong></span> <span class='ocrx_word' id='word_1_185' title='bbox 1019 2629 1222 2680; x_wconf 88' lang='lat' dir='ltr'><strong>initium</strong></span> <span class='ocrx_word' id='word_1_186' title='bbox 1247 2632 1371 2681; x_wconf 80' lang='lat' dir='ltr'><strong>vitoe</strong></span> <span class='ocrx_word' id='word_1_187' title='bbox 1394 2632 1606 2697; x_wconf 69' lang='lat' dir='ltr'><strong>Pelopi:</strong></span> 
     </span>
     <span class='ocr_line' id='line_1_29' title="bbox 544 2699 1605 2767; baseline 0.012 -19"><span class='ocrx_word' id='word_1_188' title='bbox 544 2699 625 2750; x_wconf 73' lang='lat' dir='ltr'><strong>dae</strong></span> <span class='ocrx_word' id='word_1_189' title='bbox 673 2703 813 2767; x_wconf 83' lang='lat' dir='ltr'><strong>apud</strong></span> <span class='ocrx_word' id='word_1_190' title='bbox 859 2705 1127 2757; x_wconf 80' lang='lat' dir='ltr'><strong>Plutarch.</strong></span> <span class='ocrx_word' id='word_1_191' title='bbox 1196 2707 1436 2759; x_wconf 85' lang='lat' dir='ltr'><strong>Alterum</strong></span> <span class='ocrx_word' id='word_1_192' title='bbox 1479 2724 1605 2761; x_wconf 85' lang='lat' dir='ltr'><strong>vero</strong></span> 
     </span>
     <span class='ocr_line' id='line_1_30' title="bbox 540 2776 1602 2847; baseline 0.014 -23"><span class='ocrx_word' id='word_1_193' title='bbox 540 2776 696 2841; x_wconf 82' lang='lat' dir='ltr'><strong>culpa</strong></span> <span class='ocrx_word' id='word_1_194' title='bbox 719 2794 979 2847; x_wconf 86' lang='lat' dir='ltr'><strong>nunquam</strong></span> <span class='ocrx_word' id='word_1_195' title='bbox 1004 2797 1192 2834; x_wconf 82' lang='lat' dir='ltr'><strong>vacare</strong></span> <span class='ocrx_word' id='word_1_196' title='bbox 1216 2786 1477 2837; x_wconf 88' lang='lat' dir='ltr'><strong>creditum</strong></span> <span class='ocrx_word' id='word_1_197' title='bbox 1502 2796 1602 2839; x_wconf 88' lang='lat' dir='ltr'><strong>est.</strong></span> 
     </span>
     <span class='ocr_line' id='line_1_31' title="bbox 539 2852 1604 2921; baseline 0.013 -19"><span class='ocrx_word' id='word_1_198' title='bbox 539 2852 693 2919; x_wconf 80' lang='lat' dir='ltr'><strong>Unde</strong></span> <span class='ocrx_word' id='word_1_199' title='bbox 717 2858 856 2921; x_wconf 81' lang='lat' dir='ltr'><strong>apud</strong></span> <span class='ocrx_word' id='word_1_200' title='bbox 873 2858 1163 2911; x_wconf 84' lang='lat' dir='ltr'><strong>Germanos</strong></span> <span class='ocrx_word' id='word_1_201' title='bbox 1181 2864 1342 2913; x_wconf 87' lang='lat' dir='ltr'><strong>sacris</strong></span> <span class='ocrx_word' id='word_1_202' title='bbox 1358 2864 1604 2917; x_wconf 50' lang='lat' dir='ltr'><strong>interdicss</strong></span> 
     </span>
     <span class='ocr_line' id='line_1_32' title="bbox 544 2935 1603 3000; baseline 0.014 -21"><span class='ocrx_word' id='word_1_203' title='bbox 544 2939 651 2982; x_wconf 86' lang='lat' dir='ltr'><strong>tum</strong></span> <span class='ocrx_word' id='word_1_204' title='bbox 674 2941 789 2983; x_wconf 87' lang='lat' dir='ltr'><strong>erat</strong></span> <span class='ocrx_word' id='word_1_205' title='bbox 814 2935 861 2995; x_wconf 83' lang='lat' dir='ltr'><strong>ei</strong></span> <span class='ocrx_word' id='word_1_206' title='bbox 897 2937 985 3000; x_wconf 86' lang='lat' dir='ltr'><strong>qui</strong></span> <span class='ocrx_word' id='word_1_207' title='bbox 1011 2938 1062 2986; x_wconf 88' lang='lat' dir='ltr'><strong>iu</strong></span> <span class='ocrx_word' id='word_1_208' title='bbox 1096 2940 1210 2988; x_wconf 84' lang='lat' dir='ltr'><strong>acie</strong></span> <span class='ocrx_word' id='word_1_209' title='bbox 1237 2946 1441 2991; x_wconf 89' lang='lat' dir='ltr'><strong>scutum</strong></span> <span class='ocrx_word' id='word_1_210' title='bbox 1478 2945 1603 2993; x_wconf 88' lang='lat' dir='ltr'><strong>ami-</strong></span> 
     </span>
     <span class='ocr_line' id='line_1_33' title="bbox 543 3008 1603 3085; baseline 0.016 -30"><span class='ocrx_word' id='word_1_211' title='bbox 543 3010 714 3059; x_wconf 81' lang='lat' dir='ltr'><strong>sisset·</strong></span> <span class='ocrx_word' id='word_1_212' title='bbox 779 3008 934 3061; x_wconf 82' lang='lat' dir='ltr'><strong>Alex.</strong></span> <span class='ocrx_word' id='word_1_213' title='bbox 959 3012 1027 3062; x_wconf 90' lang='lat' dir='ltr'><strong>ab</strong></span> <span class='ocrx_word' id='word_1_214' title='bbox 1047 3012 1200 3065; x_wconf 85' lang='lat' dir='ltr'><strong>Alex.</strong></span> <span class='ocrx_word' id='word_1_215' title='bbox 1219 3030 1296 3066; x_wconf 78' lang='lat' dir='ltr'><strong>ur.</strong></span> <span class='ocrx_word' id='word_1_216' title='bbox 1316 3022 1397 3070; x_wconf 78' lang='lat'><strong>1⁷.</strong></span> <span class='ocrx_word' id='word_1_217' title='bbox 1442 3020 1603 3085; x_wconf 84' lang='lat' dir='ltr'><strong>Apud</strong></span> 
     </span>
     <span class='ocr_line' id='line_1_34' title="bbox 540 3083 1601 3158; baseline 0.019 -27"><span class='ocrx_word' id='word_1_218' title='bbox 540 3083 826 3149; x_wconf 78' lang='lat' dir='ltr'><strong>Spartanos</strong></span> <span class='ocrx_word' id='word_1_219' title='bbox 847 3096 1020 3139; x_wconf 86' lang='lat' dir='ltr'><strong>autem</strong></span> <span class='ocrx_word' id='word_1_220' title='bbox 1039 3094 1212 3158; x_wconf 82' lang='lat' dir='ltr'><strong>capite</strong></span> <span class='ocrx_word' id='word_1_221' title='bbox 1231 3095 1427 3148; x_wconf 84' lang='lat' dir='ltr'><strong>luebat.</strong></span> <span class='ocrx_word' id='word_1_222' title='bbox 1452 3099 1601 3150; x_wconf 87' lang='lat' dir='ltr'><strong>Idem</strong></span> 
     </span>
     <span class='ocr_line' id='line_1_35' title="bbox 480 3165 1604 3228; baseline 0.019 -21"><span class='ocrx_word' id='word_1_223' title='bbox 480 3168 487 3174; x_wconf 79' lang='grc'>’</span> <span class='ocrx_word' id='word_1_224' title='bbox 535 3173 599 3210; x_wconf 80' lang='lat' dir='ltr'><strong>n.</strong></span> <span class='ocrx_word' id='word_1_225' title='bbox 659 3165 736 3214; x_wconf 78' lang='lat' dir='ltr'><strong>ts.</strong></span> <span class='ocrx_word' id='word_1_226' title='bbox 785 3165 916 3214; x_wconf 87' lang='lat' dir='ltr'><strong>Vide</strong></span> <span class='ocrx_word' id='word_1_227' title='bbox 959 3167 1179 3221; x_wconf 74' lang='lat' dir='ltr'><strong>Aristot.</strong></span> <span class='ocrx_word' id='word_1_228' title='bbox 1233 3185 1294 3222; x_wconf 88' lang='lat' dir='ltr'><strong>n.</strong></span> <span class='ocrx_word' id='word_1_229' title='bbox 1340 3175 1604 3228; x_wconf 87' lang='lat' dir='ltr'><strong>Rhetoric.</strong></span> 
     </span>
    </p>

    <p class='ocr_par' dir='ltr' id='par_1_12' title="bbox 527 3237 1603 4400">
     <span class='ocr_line' id='line_1_36' title="bbox 536 3237 1603 3303; baseline 0.016 -16"><span class='ocrx_word' id='word_1_230' title='bbox 536 3237 819 3290; x_wconf 69' lang='lat' dir='ltr'><strong>Modestia.</strong></span> <span class='ocrx_word' id='word_1_231' title='bbox 842 3241 1036 3296; x_wconf 72' lang='lat' dir='ltr'><strong>saruc.</strong></span> <span class='ocrx_word' id='word_1_232' title='bbox 1058 3246 1150 3298; x_wconf 78' lang='lat' dir='ltr'><strong>m».</strong></span> <span class='ocrx_word' id='word_1_233' title='bbox 1173 3261 1261 3299; x_wconf 82' lang='lat' dir='ltr'><strong>m.</strong></span> <span class='ocrx_word' id='word_1_234' title='bbox 1280 3249 1349 3299; x_wconf 76' lang='lat' dir='ltr'><strong>de</strong></span> <span class='ocrx_word' id='word_1_235' title='bbox 1388 3253 1467 3302; x_wconf 73' lang='lat' dir='ltr'><strong>Re</strong></span> <span class='ocrx_word' id='word_1_236' title='bbox 1500 3237 1603 3303; x_wconf 73' lang='grc' dir='ltr'><strong>Με-</strong></span> 
     </span>
     <span class='ocr_line' id='line_1_37' title="bbox 535 3314 1602 3385; baseline 0.018 -23"><span class='ocrx_word' id='word_1_237' title='bbox 535 3314 694 3365; x_wconf 83' lang='lat' dir='ltr'><strong>litari.</strong></span> <span class='ocrx_word' id='word_1_238' title='bbox 739 3316 883 3369; x_wconf 87' lang='lat' dir='ltr'><strong>Hinc</strong></span> <span class='ocrx_word' id='word_1_239' title='bbox 903 3328 1041 3373; x_wconf 89' lang='lat' dir='ltr'><strong>teste</strong></span> <span class='ocrx_word' id='word_1_240' title='bbox 1067 3323 1339 3377; x_wconf 75' lang='lat' dir='ltr'><strong>Ammiano</strong></span> <span class='ocrx_word' id='word_1_241' title='bbox 1364 3329 1602 3385; x_wconf 82' lang='lat' dir='ltr'><strong>Marcell.</strong></span> 
     </span>
     <span class='ocr_line' id='line_1_38' title="bbox 535 3391 1601 3471; baseline 0.017 -31"><span class='ocrx_word' id='word_1_242' title='bbox 535 3391 626 3441; x_wconf 89' lang='lat' dir='ltr'><strong>lib.</strong></span> <span class='ocrx_word' id='word_1_243' title='bbox 652 3405 785 3445; x_wconf 82' lang='lat' dir='ltr'><strong>xxv.</strong></span> <span class='ocrx_word' id='word_1_244' title='bbox 810 3398 968 3460; x_wconf 82' lang='lat' dir='ltr'><strong>paulo</strong></span> <span class='ocrx_word' id='word_1_245' title='bbox 1003 3408 1123 3463; x_wconf 89' lang='lat' dir='ltr'><strong>post</strong></span> <span class='ocrx_word' id='word_1_246' title='bbox 1148 3401 1353 3454; x_wconf 88' lang='lat' dir='ltr'><strong>initium</strong></span> <span class='ocrx_word' id='word_1_247' title='bbox 1374 3423 1387 3455; x_wconf 73' lang='lat' dir='ltr'><strong><em>z</em></strong></span> <span class='ocrx_word' id='word_1_248' title='bbox 1420 3408 1437 3434; x_wconf 89' lang='lat'>‘</span> <span class='ocrx_word' id='word_1_249' title='bbox 1463 3409 1601 3471; x_wconf 83' lang='lat' dir='ltr'><strong>Epa-</strong></span> 
     </span>
     <span class='ocr_line' id='line_1_39' title="bbox 537 3468 1603 3547; baseline 0.018 -31"><span class='ocrx_word' id='word_1_250' title='bbox 537 3468 810 3543; x_wconf 80' lang='lat' dir='ltr'><strong>minondas</strong></span> <span class='ocrx_word' id='word_1_251' title='bbox 841 3472 930 3524; x_wconf 90' lang='lat' dir='ltr'><strong>ille</strong></span> <span class='ocrx_word' id='word_1_252' title='bbox 954 3476 1058 3526; x_wconf 85' lang='lat' dir='ltr'><strong>dux</strong></span> <span class='ocrx_word' id='word_1_253' title='bbox 1086 3477 1335 3547; x_wconf 80' lang='lat' dir='ltr'><strong>inclytus,</strong></span> <span class='ocrx_word' id='word_1_254' title='bbox 1370 3484 1603 3535; x_wconf 87' lang='lat' dir='ltr'><strong>letaliter</strong></span> 
     </span>
     <span class='ocr_line' id='line_1_40' title="bbox 535 3546 1602 3612; baseline 0.017 -17"><span class='ocrx_word' id='word_1_255' title='bbox 535 3546 675 3610; x_wconf 86' lang='lat' dir='ltr'><strong>apud</strong></span> <span class='ocrx_word' id='word_1_256' title='bbox 699 3549 1021 3604; x_wconf 77' lang='lat' dir='ltr'><strong>Mantineam</strong></span> <span class='ocrx_word' id='word_1_257' title='bbox 1043 3558 1246 3607; x_wconf 86' lang='lat' dir='ltr'><strong>saucius</strong></span> <span class='ocrx_word' id='word_1_258' title='bbox 1268 3573 1510 3611; x_wconf 85' lang='lat' dir='ltr'><strong>reversus</strong></span> <span class='ocrx_word' id='word_1_259' title='bbox 1534 3577 1602 3612; x_wconf 85' lang='lat' dir='ltr'><strong>ex</strong></span> 
     </span>
     <span class='ocr_line' id='line_1_41' title="bbox 533 3623 1595 3701; baseline 0.018 -30"><span class='ocrx_word' id='word_1_260' title='bbox 533 3623 666 3686; x_wconf 85' lang='lat' dir='ltr'><strong>acie,</strong></span> <span class='ocrx_word' id='word_1_261' title='bbox 709 3635 912 3679; x_wconf 82' lang='lat' dir='ltr'><strong>scutum</strong></span> <span class='ocrx_word' id='word_1_262' title='bbox 961 3632 1166 3694; x_wconf 74' lang='lat' dir='ltr'><strong>solicite</strong></span> <span class='ocrx_word' id='word_1_263' title='bbox 1211 3638 1559 3701; x_wconf 72' lang='lat' dir='ltr'><strong>conquirebat</strong></span> <span class='ocrx_word' id='word_1_264' title='bbox 1582 3655 1595 3689; x_wconf 68' lang='grc' dir='ltr'><em>τ</em></span> 
     </span>
     <span class='ocr_line' id='line_1_42' title="bbox 537 3700 1598 3773; baseline 0.018 -26"><span class='ocrx_word' id='word_1_265' title='bbox 537 3700 673 3763; x_wconf 90' lang='lat' dir='ltr'><strong>quod</strong></span> <span class='ocrx_word' id='word_1_266' title='bbox 709 3717 822 3752; x_wconf 86' lang='lat' dir='ltr'><strong>cum</strong></span> <span class='ocrx_word' id='word_1_267' title='bbox 849 3704 1065 3756; x_wconf 86' lang='lat' dir='ltr'><strong>vidisset</strong></span> <span class='ocrx_word' id='word_1_268' title='bbox 1098 3710 1334 3773; x_wconf 81' lang='lat' dir='ltr'><strong>propius,</strong></span> <span class='ocrx_word' id='word_1_269' title='bbox 1352 3713 1524 3764; x_wconf 76' lang='lat' dir='ltr'><strong>laetior</strong></span> <span class='ocrx_word' id='word_1_270' title='bbox 1545 3717 1598 3766; x_wconf 84' lang='lat' dir='ltr'><strong>&#39;vi</strong></span> 
     </span>
     <span class='ocr_line' id='line_1_43' title="bbox 533 3777 1598 3851; baseline 0.017 -27"><span class='ocrx_word' id='word_1_271' title='bbox 533 3777 764 3828; x_wconf 85' lang='lat' dir='ltr'><strong>vulneris</strong></span> <span class='ocrx_word' id='word_1_272' title='bbox 795 3780 1025 3846; x_wconf 83' lang='lat' dir='ltr'><strong>interiit3</strong></span> <span class='ocrx_word' id='word_1_273' title='bbox 1059 3787 1226 3851; x_wconf 88' lang='lat' dir='ltr'><strong>etqui</strong></span> <span class='ocrx_word' id='word_1_274' title='bbox 1267 3789 1490 3841; x_wconf 83' lang='lat' dir='ltr'><strong>animam</strong></span> <span class='ocrx_word' id='word_1_275' title='bbox 1519 3793 1598 3841; x_wconf 89' lang='lat' dir='ltr'><strong>in·</strong></span> 
     </span>
     <span class='ocr_line' id='line_1_44' title="bbox 531 3854 1598 3932; baseline 0.019 -33"><span class='ocrx_word' id='word_1_276' title='bbox 531 3854 770 3917; x_wconf 87' lang='lat' dir='ltr'><strong>trepidus</strong></span> <span class='ocrx_word' id='word_1_277' title='bbox 807 3859 1099 3925; x_wconf 78' lang='lat' dir='ltr'><strong>amittebat,</strong></span> <span class='ocrx_word' id='word_1_278' title='bbox 1121 3862 1385 3925; x_wconf 87' lang='lat' dir='ltr'><strong>jacturam</strong></span> <span class='ocrx_word' id='word_1_279' title='bbox 1424 3868 1598 3932; x_wconf 82' lang='lat' dir='ltr'><strong>clypei</strong></span> 
     </span>
     <span class='ocr_line' id='line_1_45' title="bbox 531 3927 1599 3997; baseline 0.018 -19"><span class='ocrx_word' id='word_1_280' title='bbox 531 3927 871 3986; x_wconf 60' lang='lat' dir='ltr'><strong>formidavit?</strong></span> <span class='ocrx_word' id='word_1_281' title='bbox 937 3936 1093 3988; x_wconf 78' lang='lat' dir='ltr'><strong>Quod</strong></span> <span class='ocrx_word' id='word_1_282' title='bbox 1138 3940 1276 3991; x_wconf 86' lang='lat' dir='ltr'><strong>idem</strong></span> <span class='ocrx_word' id='word_1_283' title='bbox 1316 3942 1392 3992; x_wconf 89' lang='lat' dir='ltr'><strong>ita</strong></span> <span class='ocrx_word' id='word_1_284' title='bbox 1430 3943 1599 3997; x_wconf 80' lang='lat' dir='ltr'><strong>refert</strong></span> 
     </span>
     <span class='ocr_line' id='line_1_46' title="bbox 531 4007 1597 4081; baseline 0.017 -24"><span class='ocrx_word' id='word_1_285' title='bbox 531 4007 770 4060; x_wconf 83' lang='lat' dir='ltr'><strong>Justinus</strong></span> <span class='ocrx_word' id='word_1_286' title='bbox 802 4012 835 4062; x_wconf 95' lang='lat' dir='ltr'><strong>l.</strong></span> <span class='ocrx_word' id='word_1_287' title='bbox 862 4026 940 4064; x_wconf 78' lang='lat' dir='ltr'><strong>vr.</strong></span> <span class='ocrx_word' id='word_1_288' title='bbox 976 4021 989 4042; x_wconf 80' lang='lat'><strong><em>⁴</em></strong></span> <span class='ocrx_word' id='word_1_289' title='bbox 1010 4014 1104 4081; x_wconf 87' lang='lat' dir='ltr'><strong>Ut,</strong></span> <span class='ocrx_word' id='word_1_290' title='bbox 1123 4018 1318 4068; x_wconf 83' lang='lat' dir='ltr'><strong>relatus</strong></span> <span class='ocrx_word' id='word_1_291' title='bbox 1340 4022 1394 4071; x_wconf 89' lang='lat' dir='ltr'><strong>in</strong></span> <span class='ocrx_word' id='word_1_292' title='bbox 1419 4032 1597 4075; x_wconf 83' lang='lat' dir='ltr'><strong>castra</strong></span> 
     </span>
     <span class='ocr_line' id='line_1_47' title="bbox 533 4084 1596 4165; baseline 0.018 -29"><span class='ocrx_word' id='word_1_293' title='bbox 533 4088 850 4139; x_wconf 79' lang='lat' dir='ltr'><strong>semianimis</strong></span> <span class='ocrx_word' id='word_1_294' title='bbox 872 4084 877 4089; x_wconf 80' lang='grc'><strong>’</strong></span> <span class='ocrx_word' id='word_1_295' title='bbox 903 4092 1363 4165; x_wconf 81' lang='lat' dir='ltr'><strong>(Epaminondas),</strong></span> <span class='ocrx_word' id='word_1_296' title='bbox 1415 4116 1596 4163; x_wconf 67' lang='lat' dir='ltr'><strong>vocem</strong></span> 
     </span>
     <span class='ocr_line' id='line_1_48' title="bbox 527 4165 1593 4235; baseline 0.019 -23"><span class='ocrx_word' id='word_1_297' title='bbox 527 4165 876 4232; x_wconf 83' lang='lat' dir='ltr'><strong>spiritumque</strong></span> <span class='ocrx_word' id='word_1_298' title='bbox 909 4170 1138 4235; x_wconf 82' lang='lat' dir='ltr'><strong>collegit,</strong></span> <span class='ocrx_word' id='word_1_299' title='bbox 1164 4172 1218 4223; x_wconf 88' lang='lat' dir='ltr'><strong>id</strong></span> <span class='ocrx_word' id='word_1_300' title='bbox 1253 4191 1410 4228; x_wconf 88' lang='lat' dir='ltr'><strong>unum</strong></span> <span class='ocrx_word' id='word_1_301' title='bbox 1433 4195 1464 4230; x_wconf 88' lang='lat' dir='ltr'><strong>a</strong></span> <span class='ocrx_word' id='word_1_302' title='bbox 1493 4182 1593 4231; x_wconf 87' lang='lat' dir='ltr'><strong>cir-</strong></span> 
     </span>
     <span class='ocr_line' id='line_1_49' title="bbox 527 4240 1594 4319; baseline 0.019 -31"><span class='ocrx_word' id='word_1_303' title='bbox 527 4242 906 4294; x_wconf 81' lang='lat' dir='ltr'><strong>cumstantibus</strong></span> <span class='ocrx_word' id='word_1_304' title='bbox 925 4247 1216 4312; x_wconf 75' lang='lat' dir='ltr'><strong>requisivit,</strong></span> <span class='ocrx_word' id='word_1_305' title='bbox 1240 4267 1360 4319; x_wconf 77' lang='lat' dir='ltr'><strong>num</strong></span> <span class='ocrx_word' id='word_1_306' title='bbox 1384 4240 1594 4308; x_wconf 78' lang='lat' dir='ltr'><strong>cadenti</strong></span> 
     </span>
     <span class='ocr_line' id='line_1_50' title="bbox 531 4317 1593 4400; baseline 0.018 -34"><span class='ocrx_word' id='word_1_307' title='bbox 531 4317 632 4368; x_wconf 83' lang='lat' dir='ltr'><strong>sibi</strong></span> <span class='ocrx_word' id='word_1_308' title='bbox 668 4325 871 4372; x_wconf 83' lang='lat' dir='ltr'><strong>scutum</strong></span> <span class='ocrx_word' id='word_1_309' title='bbox 904 4323 1187 4380; x_wconf 82' lang='lat' dir='ltr'><strong>ademisset</strong></span> <span class='ocrx_word' id='word_1_310' title='bbox 1222 4330 1417 4384; x_wconf 75' lang='lat' dir='ltr'><strong>hostis:</strong></span> <span class='ocrx_word' id='word_1_311' title='bbox 1453 4334 1593 4400; x_wconf 86' lang='lat' dir='ltr'><strong>quod</strong></span> 
     </span>
    </p>
   </div>
   <div class='ocr_carea' id='block_1_12' title="bbox 1674 1862 2760 4409">
    <p class='ocr_par' dir='ltr' id='par_1_13' title="bbox 1674 1862 2760 4409">
     <span class='ocr_line' id='line_1_51' title="bbox 1691 1862 2755 1924; baseline 0.003 -15"><span class='ocrx_word' id='word_1_312' title='bbox 1691 1865 1750 1909; x_wconf 89' lang='lat' dir='ltr'><strong>ut</strong></span> <span class='ocrx_word' id='word_1_313' title='bbox 1797 1867 2060 1912; x_wconf 81' lang='lat' dir='ltr'><strong>servatum</strong></span> <span class='ocrx_word' id='word_1_314' title='bbox 2105 1862 2324 1924; x_wconf 82' lang='lat' dir='ltr'><strong>audivit,</strong></span> <span class='ocrx_word' id='word_1_315' title='bbox 2380 1862 2593 1913; x_wconf 87' lang='lat' dir='ltr'><strong>allatum</strong></span> <span class='ocrx_word' id='word_1_316' title='bbox 2649 1863 2755 1913; x_wconf 80' lang='lat' dir='ltr'><strong>vel·</strong></span> 
     </span>
     <span class='ocr_line' id='line_1_52' title="bbox 1690 1936 2754 2005; baseline 0 -17"><span class='ocrx_word' id='word_1_317' title='bbox 1690 1944 1751 1988; x_wconf 89' lang='lat' dir='ltr'><strong>ut</strong></span> <span class='ocrx_word' id='word_1_318' title='bbox 1787 1936 2018 1989; x_wconf 83' lang='lat' dir='ltr'><strong>laborum</strong></span> <span class='ocrx_word' id='word_1_319' title='bbox 2052 1938 2340 2005; x_wconf 75' lang='lat' dir='ltr'><strong>glorioeque</strong></span> <span class='ocrx_word' id='word_1_320' title='bbox 2373 1939 2569 1989; x_wconf 91' lang='lat' dir='ltr'><strong>socium</strong></span> <span class='ocrx_word' id='word_1_321' title='bbox 2608 1953 2754 1989; x_wconf 85' lang='lat' dir='ltr'><strong>oscu-</strong></span> 
     </span>
     <span class='ocr_line' id='line_1_53' title="bbox 1688 2014 2760 2080; baseline 0.001 -16"><span class='ocrx_word' id='word_1_322' title='bbox 1688 2015 1825 2065; x_wconf 80' lang='lat' dir='ltr'><strong>latus</strong></span> <span class='ocrx_word' id='word_1_323' title='bbox 1862 2015 1981 2066; x_wconf 87' lang='lat' dir='ltr'><strong>est.’</strong></span> <span class='ocrx_word' id='word_1_324' title='bbox 2044 2016 2201 2080; x_wconf 86' lang='lat' dir='ltr'><strong>Apud</strong></span> <span class='ocrx_word' id='word_1_325' title='bbox 2236 2015 2505 2066; x_wconf 77' lang='lat' dir='ltr'><strong>Plutarch.</strong></span> <span class='ocrx_word' id='word_1_326' title='bbox 2537 2014 2760 2080; x_wconf 57' lang='lat' dir='ltr'><strong>Apopb·‚</strong></span> 
     </span>
     <span class='ocr_line' id='line_1_54' title="bbox 1690 2092 2753 2158; baseline -0.001 -16"><span class='ocrx_word' id='word_1_327' title='bbox 1690 2092 1887 2158; x_wconf 77' lang='lat' dir='ltr'><strong>thegm.</strong></span> <span class='ocrx_word' id='word_1_328' title='bbox 1931 2094 2125 2145; x_wconf 87' lang='lat' dir='ltr'><strong>Lacon.</strong></span> <span class='ocrx_word' id='word_1_329' title='bbox 2165 2094 2486 2144; x_wconf 82' lang='lat' dir='ltr'><strong>Demaratus</strong></span> <span class='ocrx_word' id='word_1_330' title='bbox 2533 2092 2753 2142; x_wconf 84' lang='lat' dir='ltr'><strong>interro-</strong></span> 
     </span>
     <span class='ocr_line' id='line_1_55' title="bbox 1689 2169 2753 2234; baseline 0 -16"><span class='ocrx_word' id='word_1_331' title='bbox 1689 2177 1864 2233; x_wconf 77' lang='lat' dir='ltr'><strong>gatus,</strong></span> <span class='ocrx_word' id='word_1_332' title='bbox 1891 2169 2015 2234; x_wconf 85' lang='lat' dir='ltr'><strong>quid</strong></span> <span class='ocrx_word' id='word_1_333' title='bbox 2052 2169 2328 2220; x_wconf 84' lang='lat' dir='ltr'><strong>dedecoris</strong></span> <span class='ocrx_word' id='word_1_334' title='bbox 2365 2178 2422 2220; x_wconf 86' lang='lat' dir='ltr'><strong>et</strong></span> <span class='ocrx_word' id='word_1_335' title='bbox 2462 2169 2640 2234; x_wconf 81' lang='lat' dir='ltr'><strong>probri</strong></span> <span class='ocrx_word' id='word_1_336' title='bbox 2683 2169 2753 2219; x_wconf 89' lang='lat' dir='ltr'><strong>sit</strong></span> 
     </span>
     <span class='ocr_line' id='line_1_56' title="bbox 1692 2247 2750 2313; baseline 0 -17"><span class='ocrx_word' id='word_1_337' title='bbox 1692 2249 1934 2312; x_wconf 82' lang='lat' dir='ltr'><strong>clypeum</strong></span> <span class='ocrx_word' id='word_1_338' title='bbox 1962 2247 2351 2313; x_wconf 87' lang='lat' dir='ltr'><strong>abjicientibus,</strong></span> <span class='ocrx_word' id='word_1_339' title='bbox 2384 2261 2486 2298; x_wconf 90' lang='lat' dir='ltr'><strong>non</strong></span> <span class='ocrx_word' id='word_1_340' title='bbox 2529 2248 2602 2297; x_wconf 79' lang='lat' dir='ltr'><strong>ita</strong></span> <span class='ocrx_word' id='word_1_341' title='bbox 2629 2260 2750 2296; x_wconf 84' lang='lat' dir='ltr'><strong>vero</strong></span> 
     </span>
     <span class='ocr_line' id='line_1_57' title="bbox 1687 2322 2754 2390; baseline -0.004 -15"><span class='ocrx_word' id='word_1_342' title='bbox 1687 2327 1887 2389; x_wconf 77' lang='lat' dir='ltr'><strong>galeam</strong></span> <span class='ocrx_word' id='word_1_343' title='bbox 1909 2333 2002 2375; x_wconf 83' lang='lat' dir='ltr'><strong>aut</strong></span> <span class='ocrx_word' id='word_1_344' title='bbox 2025 2324 2270 2390; x_wconf 82' lang='lat' dir='ltr'><strong>gladium,</strong></span> <span class='ocrx_word' id='word_1_345' title='bbox 2303 2324 2595 2390; x_wconf 84' lang='lat' dir='ltr'><strong>respondit,</strong></span> <span class='ocrx_word' id='word_1_346' title='bbox 2632 2322 2754 2389; x_wconf 83' lang='lat' dir='ltr'><strong>quia</strong></span> 
     </span>
     <span class='ocr_line' id='line_1_58' title="bbox 1686 2400 2752 2467; baseline -0.002 -15"><span class='ocrx_word' id='word_1_347' title='bbox 1686 2404 1798 2454; x_wconf 79' lang='lat' dir='ltr'><strong>haec</strong></span> <span class='ocrx_word' id='word_1_348' title='bbox 1820 2404 1898 2453; x_wconf 88' lang='lat' dir='ltr'><strong>sui</strong></span> <span class='ocrx_word' id='word_1_349' title='bbox 1937 2404 2165 2467; x_wconf 86' lang='lat' dir='ltr'><strong>ipsorum</strong></span> <span class='ocrx_word' id='word_1_350' title='bbox 2198 2416 2360 2452; x_wconf 88' lang='lat' dir='ltr'><strong>causa</strong></span> <span class='ocrx_word' id='word_1_351' title='bbox 2380 2407 2611 2462; x_wconf 88' lang='lat' dir='ltr'><strong>sumunt,</strong></span> <span class='ocrx_word' id='word_1_352' title='bbox 2646 2400 2752 2463; x_wconf 82' lang='lat' dir='ltr'><strong>cly-</strong></span> 
     </span>
     <span class='ocr_line' id='line_1_59' title="bbox 1686 2477 2723 2545; baseline -0.002 -15"><span class='ocrx_word' id='word_1_353' title='bbox 1686 2494 1842 2545; x_wconf 88' lang='lat' dir='ltr'><strong>peum</strong></span> <span class='ocrx_word' id='word_1_354' title='bbox 1866 2486 2039 2530; x_wconf 87' lang='lat' dir='ltr'><strong>autem</strong></span> <span class='ocrx_word' id='word_1_355' title='bbox 2062 2479 2346 2529; x_wconf 88' lang='lat' dir='ltr'><strong>communis</strong></span> <span class='ocrx_word' id='word_1_356' title='bbox 2373 2477 2506 2529; x_wconf 83' lang='lat' dir='ltr'><strong>aciei</strong></span> <span class='ocrx_word' id='word_1_357' title='bbox 2530 2478 2723 2542; x_wconf 85' lang='lat' dir='ltr'><strong>gratia.</strong></span> 
     </span>
     <span class='ocr_line' id='line_1_60' title="bbox 1755 2552 2754 2619; baseline -0.005 -12"><span class='ocrx_word' id='word_1_358' title='bbox 1755 2562 1811 2607; x_wconf 84' lang='grc' dir='ltr'><strong>ΙΙ</strong></span> <span class='ocrx_word' id='word_1_359' title='bbox 1855 2559 1977 2607; x_wconf 73' lang='lat' dir='ltr'><strong>Cum</strong></span> <span class='ocrx_word' id='word_1_360' title='bbox 2002 2558 2171 2617; x_wconf 74' lang='lat' dir='ltr'><strong>fructu</strong></span> <span class='ocrx_word' id='word_1_361' title='bbox 2211 2554 2390 2619; x_wconf 68' lang='lat' dir='ltr'><strong>virtus]</strong></span> <span class='ocrx_word' id='word_1_362' title='bbox 2425 2556 2556 2605; x_wconf 86' lang='lat' dir='ltr'><strong>Cum</strong></span> <span class='ocrx_word' id='word_1_363' title='bbox 2601 2552 2754 2603; x_wconf 84' lang='lat' dir='ltr'><strong>Bruti</strong></span> 
     </span>
     <span class='ocr_line' id='line_1_61' title="bbox 1688 2629 2753 2698; baseline -0.003 -15"><span class='ocrx_word' id='word_1_364' title='bbox 1688 2648 1809 2698; x_wconf 84' lang='lat' dir='ltr'><strong>pars</strong></span> <span class='ocrx_word' id='word_1_365' title='bbox 1848 2642 1903 2685; x_wconf 89' lang='lat' dir='ltr'><strong>et</strong></span> <span class='ocrx_word' id='word_1_366' title='bbox 1928 2635 2089 2685; x_wconf 86' lang='lat' dir='ltr'><strong>virtus</strong></span> <span class='ocrx_word' id='word_1_367' title='bbox 2125 2633 2263 2684; x_wconf 82' lang='lat' dir='ltr'><strong>victa</strong></span> <span class='ocrx_word' id='word_1_368' title='bbox 2299 2642 2379 2683; x_wconf 85' lang='lat' dir='ltr'><strong>est</strong></span> <span class='ocrx_word' id='word_1_369' title='bbox 2410 2629 2536 2682; x_wconf 80' lang='lat' dir='ltr'><strong>fatis</strong></span> <span class='ocrx_word' id='word_1_370' title='bbox 2570 2631 2753 2682; x_wconf 81' lang='lat' dir='ltr'><strong>adver-</strong></span> 
     </span>
     <span class='ocr_line' id='line_1_62' title="bbox 1687 2711 2751 2779; baseline -0.004 -16"><span class='ocrx_word' id='word_1_371' title='bbox 1687 2715 1945 2777; x_wconf 87' lang='lat' dir='ltr'><strong>santibus,</strong></span> <span class='ocrx_word' id='word_1_372' title='bbox 1962 2724 2019 2765; x_wconf 91' lang='lat' dir='ltr'><strong>et</strong></span> <span class='ocrx_word' id='word_1_373' title='bbox 2038 2714 2274 2779; x_wconf 82' lang='lat' dir='ltr'><strong>Angusto</strong></span> <span class='ocrx_word' id='word_1_374' title='bbox 2302 2712 2589 2778; x_wconf 88' lang='lat' dir='ltr'><strong>Imperium</strong></span> <span class='ocrx_word' id='word_1_375' title='bbox 2615 2711 2751 2763; x_wconf 84' lang='lat' dir='ltr'><strong>orbis</strong></span> 
     </span>
     <span class='ocr_line' id='line_1_63' title="bbox 1687 2790 2749 2851; baseline -0.004 -10"><span class='ocrx_word' id='word_1_376' title='bbox 1687 2791 2088 2851; x_wconf 77' lang='lat' dir='ltr'><strong>destinantibus.</strong></span> <span class='ocrx_word' id='word_1_377' title='bbox 2152 2793 2284 2841; x_wconf 87' lang='lat' dir='ltr'><strong>Tum</strong></span> <span class='ocrx_word' id='word_1_378' title='bbox 2306 2791 2443 2840; x_wconf 90' lang='lat' dir='ltr'><strong>enim</strong></span> <span class='ocrx_word' id='word_1_379' title='bbox 2477 2790 2530 2839; x_wconf 87' lang='lat' dir='ltr'><strong>in</strong></span> <span class='ocrx_word' id='word_1_380' title='bbox 2554 2802 2749 2839; x_wconf 83' lang='lat' dir='ltr'><strong>summa</strong></span> 
     </span>
     <span class='ocr_line' id='line_1_64' title="bbox 1688 2865 2750 2934; baseline -0.001 -17"><span class='ocrx_word' id='word_1_381' title='bbox 1688 2883 1855 2919; x_wconf 86' lang='lat' dir='ltr'><strong>rerum</strong></span> <span class='ocrx_word' id='word_1_382' title='bbox 1902 2868 2275 2934; x_wconf 86' lang='lat' dir='ltr'><strong>desperatione</strong></span> <span class='ocrx_word' id='word_1_383' title='bbox 2315 2867 2403 2917; x_wconf 90' lang='lat' dir='ltr'><strong>ille</strong></span> <span class='ocrx_word' id='word_1_384' title='bbox 2448 2865 2589 2930; x_wconf 86' lang='lat' dir='ltr'><strong>apud</strong></span> <span class='ocrx_word' id='word_1_385' title='bbox 2635 2879 2750 2916; x_wconf 83' lang='lat' dir='ltr'><strong>suos</strong></span> 
     </span>
     <span class='ocr_line' id='line_1_65' title="bbox 1684 2943 2750 3012; baseline -0.006 -15"><span class='ocrx_word' id='word_1_386' title='bbox 1684 2954 2004 3012; x_wconf 80' lang='lat' dir='ltr'><strong>conquestus</strong></span> <span class='ocrx_word' id='word_1_387' title='bbox 2042 2946 2246 3007; x_wconf 81' lang='lat' dir='ltr'><strong>fertur3</strong></span> <span class='ocrx_word' id='word_1_388' title='bbox 2280 2944 2507 2994; x_wconf 70' lang='lat' dir='ltr'><strong>‘frustra</strong></span> <span class='ocrx_word' id='word_1_389' title='bbox 2530 2943 2750 2993; x_wconf 87' lang='lat' dir='ltr'><strong>coluisse</strong></span> 
     </span>
     <span class='ocr_line' id='line_1_66' title="bbox 1684 3023 2757 3089; baseline -0.006 -15"><span class='ocrx_word' id='word_1_390' title='bbox 1684 3039 1740 3074; x_wconf 88' lang='lat' dir='ltr'><strong>se</strong></span> <span class='ocrx_word' id='word_1_391' title='bbox 1766 3026 2032 3086; x_wconf 80' lang='lat' dir='ltr'><strong>virtutem,</strong></span> <span class='ocrx_word' id='word_1_392' title='bbox 2054 3038 2169 3089; x_wconf 74' lang='lat' dir='ltr'><strong>quie</strong></span> <span class='ocrx_word' id='word_1_393' title='bbox 2203 3023 2353 3072; x_wconf 76' lang='lat' dir='ltr'><strong>inane</strong></span> <span class='ocrx_word' id='word_1_394' title='bbox 2383 3027 2523 3071; x_wconf 84' lang='lat' dir='ltr'><strong>esset</strong></span> <span class='ocrx_word' id='word_1_395' title='bbox 2548 3034 2757 3080; x_wconf 84' lang='lat' dir='ltr'><strong>nomeu,</strong></span> 
     </span>
     <span class='ocr_line' id='line_1_67' title="bbox 1684 3096 2749 3152; baseline -0.008 0"><span class='ocrx_word' id='word_1_396' title='bbox 1684 3109 1741 3152; x_wconf 90' lang='lat' dir='ltr'><strong>et</strong></span> <span class='ocrx_word' id='word_1_397' title='bbox 1784 3100 2010 3152; x_wconf 65' lang='lat' dir='ltr'><strong>fortune</strong></span> <span class='ocrx_word' id='word_1_398' title='bbox 2057 3098 2319 3151; x_wconf 67' lang='lat' dir='ltr'><strong>serviret!</strong></span> <span class='ocrx_word' id='word_1_399' title='bbox 2383 3098 2657 3148; x_wconf 84' lang='lat' dir='ltr'><strong>Plutarch.</strong></span> <span class='ocrx_word' id='word_1_400' title='bbox 2697 3096 2749 3145; x_wconf 89' lang='lat' dir='ltr'><strong>iu</strong></span> 
     </span>
     <span class='ocr_line' id='line_1_68' title="bbox 1685 3175 2749 3241; baseline -0.004 -12"><span class='ocrx_word' id='word_1_401' title='bbox 1685 3180 1867 3230; x_wconf 85' lang='lat' dir='ltr'><strong>Bruto.</strong></span> <span class='ocrx_word' id='word_1_402' title='bbox 1904 3180 2013 3230; x_wconf 89' lang='lat' dir='ltr'><strong>Dio</strong></span> <span class='ocrx_word' id='word_1_403' title='bbox 2050 3178 2142 3229; x_wconf 90' lang='lat' dir='ltr'><strong>lib.</strong></span> <span class='ocrx_word' id='word_1_404' title='bbox 2183 3191 2367 3229; x_wconf 70' lang='lat' dir='ltr'><strong>xcvii.</strong></span> <span class='ocrx_word' id='word_1_405' title='bbox 2401 3175 2635 3241; x_wconf 80' lang='lat' dir='ltr'><strong>Appiau.</strong></span> <span class='ocrx_word' id='word_1_406' title='bbox 2659 3175 2749 3225; x_wconf 90' lang='lat' dir='ltr'><strong>lib.</strong></span> 
     </span>
     <span class='ocr_line' id='line_1_69' title="bbox 1684 3252 2747 3320; baseline 0.001 -14"><span class='ocrx_word' id='word_1_407' title='bbox 1684 3269 1767 3307; x_wconf 78' lang='lat' dir='ltr'><strong>tv.</strong></span> <span class='ocrx_word' id='word_1_408' title='bbox 1794 3255 2165 3320; x_wconf 82' lang='lat' dir='ltr'><strong>Liv.Epitome</strong></span> <span class='ocrx_word' id='word_1_409' title='bbox 2182 3254 2269 3305; x_wconf 80' lang='lat' dir='ltr'><strong>lib.</strong></span> <span class='ocrx_word' id='word_1_410' title='bbox 2288 3266 2483 3304; x_wconf 78' lang='lat' dir='ltr'><strong>cxxiv.</strong></span> <span class='ocrx_word' id='word_1_411' title='bbox 2516 3253 2533 3280; x_wconf 77' lang='lat'><strong><em>⁴</em></strong></span> <span class='ocrx_word' id='word_1_412' title='bbox 2559 3252 2747 3307; x_wconf 60' lang='grc' dir='ltr'><strong>(λῦε-</strong></span> 
     </span>
     <span class='ocr_line' id='line_1_70' title="bbox 1684 3329 2748 3398; baseline -0.002 -16"><span class='ocrx_word' id='word_1_413' title='bbox 1684 3347 1767 3382; x_wconf 83' lang='lat' dir='ltr'><strong>sar</strong></span> <span class='ocrx_word' id='word_1_414' title='bbox 1787 3340 1843 3384; x_wconf 90' lang='lat' dir='ltr'><strong>et</strong></span> <span class='ocrx_word' id='word_1_415' title='bbox 1866 3330 2122 3383; x_wconf 88' lang='lat' dir='ltr'><strong>Antonius</strong></span> <span class='ocrx_word' id='word_1_416' title='bbox 2140 3331 2278 3396; x_wconf 86' lang='lat' dir='ltr'><strong>apud</strong></span> <span class='ocrx_word' id='word_1_417' title='bbox 2302 3331 2574 3398; x_wconf 81' lang='lat' dir='ltr'><strong>Philippos</strong></span> <span class='ocrx_word' id='word_1_418' title='bbox 2610 3329 2748 3380; x_wconf 83' lang='lat' dir='ltr'><strong>vario</strong></span> 
     </span>
     <span class='ocr_line' id='line_1_71' title="bbox 1684 3407 2746 3461; baseline -0.005 -1"><span class='ocrx_word' id='word_1_419' title='bbox 1684 3417 1875 3460; x_wconf 83' lang='lat' dir='ltr'><strong>eventu</strong></span> <span class='ocrx_word' id='word_1_420' title='bbox 1925 3415 2112 3459; x_wconf 89' lang='lat' dir='ltr'><strong>contra</strong></span> <span class='ocrx_word' id='word_1_421' title='bbox 2150 3409 2375 3459; x_wconf 84' lang='lat' dir='ltr'><strong>Brutum</strong></span> <span class='ocrx_word' id='word_1_422' title='bbox 2418 3415 2474 3461; x_wconf 83' lang='lat' dir='ltr'><strong>et</strong></span> <span class='ocrx_word' id='word_1_423' title='bbox 2511 3407 2746 3458; x_wconf 81' lang='lat' dir='ltr'><strong>Cassium</strong></span> 
     </span>
     <span class='ocr_line' id='line_1_72' title="bbox 1682 3483 2745 3551; baseline -0.003 -14"><span class='ocrx_word' id='word_1_424' title='bbox 1682 3493 2073 3551; x_wconf 77' lang='lat' dir='ltr'><strong>pugnaverunt3</strong></span> <span class='ocrx_word' id='word_1_425' title='bbox 2106 3486 2181 3536; x_wconf 81' lang='lat' dir='ltr'><strong>ita</strong></span> <span class='ocrx_word' id='word_1_426' title='bbox 2205 3493 2266 3536; x_wconf 89' lang='lat' dir='ltr'><strong>ut</strong></span> <span class='ocrx_word' id='word_1_427' title='bbox 2290 3485 2559 3549; x_wconf 80' lang='lat' dir='ltr'><strong>utriusque</strong></span> <span class='ocrx_word' id='word_1_428' title='bbox 2583 3483 2745 3548; x_wconf 85' lang='lat' dir='ltr'><strong>partis</strong></span> 
     </span>
     <span class='ocr_line' id='line_1_73' title="bbox 1678 3560 2747 3616; baseline -0.005 -2"><span class='ocrx_word' id='word_1_429' title='bbox 1678 3577 1875 3614; x_wconf 85' lang='lat' dir='ltr'><strong>cornua</strong></span> <span class='ocrx_word' id='word_1_430' title='bbox 1894 3563 2085 3615; x_wconf 82' lang='lat' dir='ltr'><strong>dextra</strong></span> <span class='ocrx_word' id='word_1_431' title='bbox 2099 3562 2387 3616; x_wconf 62' lang='lat' dir='ltr'><strong>vincerent.</strong></span> <span class='ocrx_word' id='word_1_432' title='bbox 2410 3596 2425 3612; x_wconf 92' lang='lat'><strong>.</strong></span> <span class='ocrx_word' id='word_1_433' title='bbox 2441 3594 2458 3612; x_wconf 88' lang='lat'><strong>.</strong></span> <span class='ocrx_word' id='word_1_434' title='bbox 2471 3596 2486 3611; x_wconf 94' lang='lat'><strong>.</strong></span> <span class='ocrx_word' id='word_1_435' title='bbox 2512 3560 2605 3611; x_wconf 88' lang='lat' dir='ltr'><strong>sed</strong></span> <span class='ocrx_word' id='word_1_436' title='bbox 2624 3561 2747 3610; x_wconf 74' lang='lat' dir='ltr'><strong>iuae-</strong></span> 
     </span>
     <span class='ocr_line' id='line_1_74' title="bbox 1677 3638 2746 3707; baseline -0.003 -16"><span class='ocrx_word' id='word_1_437' title='bbox 1677 3642 1881 3707; x_wconf 86' lang='lat' dir='ltr'><strong>qualem</strong></span> <span class='ocrx_word' id='word_1_438' title='bbox 1906 3639 2169 3691; x_wconf 76' lang='lat' dir='ltr'><strong>fortunam</strong></span> <span class='ocrx_word' id='word_1_439' title='bbox 2194 3639 2421 3705; x_wconf 88' lang='lat' dir='ltr'><strong>partium</strong></span> <span class='ocrx_word' id='word_1_440' title='bbox 2458 3653 2598 3689; x_wconf 86' lang='lat' dir='ltr'><strong>mors</strong></span> <span class='ocrx_word' id='word_1_441' title='bbox 2623 3638 2746 3689; x_wconf 84' lang='lat' dir='ltr'><strong>Cas-</strong></span> 
     </span>
     <span class='ocr_line' id='line_1_75' title="bbox 1679 3714 2745 3787; baseline -0.006 -17"><span class='ocrx_word' id='word_1_442' title='bbox 1679 3720 1744 3770; x_wconf 87' lang='lat' dir='ltr'><strong>sii</strong></span> <span class='ocrx_word' id='word_1_443' title='bbox 1777 3717 1927 3780; x_wconf 76' lang='lat' dir='ltr'><strong>fecit,</strong></span> <span class='ocrx_word' id='word_1_444' title='bbox 1953 3719 2042 3784; x_wconf 87' lang='lat' dir='ltr'><strong>qui</strong></span> <span class='ocrx_word' id='word_1_445' title='bbox 2074 3732 2192 3768; x_wconf 88' lang='lat' dir='ltr'><strong>cum</strong></span> <span class='ocrx_word' id='word_1_446' title='bbox 2216 3716 2267 3767; x_wconf 91' lang='lat' dir='ltr'><strong>iu</strong></span> <span class='ocrx_word' id='word_1_447' title='bbox 2292 3730 2356 3767; x_wconf 89' lang='lat' dir='ltr'><strong>eo</strong></span> <span class='ocrx_word' id='word_1_448' title='bbox 2379 3729 2539 3787; x_wconf 78' lang='lat' dir='ltr'><strong>cornu</strong></span> <span class='ocrx_word' id='word_1_449' title='bbox 2564 3714 2745 3767; x_wconf 81' lang='lat' dir='ltr'><strong>suisset</strong></span> 
     </span>
     <span class='ocr_line' id='line_1_76' title="bbox 1679 3794 2743 3862; baseline -0.004 -14"><span class='ocrx_word' id='word_1_450' title='bbox 1679 3799 1815 3862; x_wconf 87' lang='lat' dir='ltr'><strong>quod</strong></span> <span class='ocrx_word' id='word_1_451' title='bbox 1851 3798 2055 3862; x_wconf 87' lang='lat' dir='ltr'><strong>pulsum</strong></span> <span class='ocrx_word' id='word_1_452' title='bbox 2089 3802 2224 3855; x_wconf 80' lang='lat' dir='ltr'><strong>eret,</strong></span> <span class='ocrx_word' id='word_1_453' title='bbox 2248 3802 2414 3847; x_wconf 87' lang='lat' dir='ltr'><strong>totum</strong></span> <span class='ocrx_word' id='word_1_454' title='bbox 2455 3794 2743 3846; x_wconf 84' lang='lat' dir='ltr'><strong>exercitum</strong></span> 
     </span>
     <span class='ocr_line' id='line_1_77' title="bbox 1681 3872 2744 3936; baseline -0.004 -11"><span class='ocrx_word' id='word_1_455' title='bbox 1681 3874 1852 3925; x_wconf 84' lang='lat' dir='ltr'><strong>fusum</strong></span> <span class='ocrx_word' id='word_1_456' title='bbox 1890 3882 2055 3936; x_wconf 82' lang='lat' dir='ltr'><strong>ratus,</strong></span> <span class='ocrx_word' id='word_1_457' title='bbox 2079 3881 2299 3925; x_wconf 88' lang='lat' dir='ltr'><strong>mortem</strong></span> <span class='ocrx_word' id='word_1_458' title='bbox 2337 3873 2436 3924; x_wconf 91' lang='lat' dir='ltr'><strong>sibi</strong></span> <span class='ocrx_word' id='word_1_459' title='bbox 2476 3872 2744 3923; x_wconf 80' lang='lat' dir='ltr'><strong>conscivit.</strong></span> 
     </span>
     <span class='ocr_line' id='line_1_78' title="bbox 1678 3950 2741 4015; baseline -0.003 -14"><span class='ocrx_word' id='word_1_460' title='bbox 1678 3951 1866 4002; x_wconf 87' lang='lat' dir='ltr'><strong>Altero</strong></span> <span class='ocrx_word' id='word_1_461' title='bbox 1885 3950 2079 4001; x_wconf 87' lang='lat' dir='ltr'><strong>deinde</strong></span> <span class='ocrx_word' id='word_1_462' title='bbox 2104 3951 2289 4015; x_wconf 79' lang='lat' dir='ltr'><strong>praelio</strong></span> <span class='ocrx_word' id='word_1_463' title='bbox 2313 3950 2483 4000; x_wconf 82' lang='lat' dir='ltr'><strong>victus</strong></span> <span class='ocrx_word' id='word_1_464' title='bbox 2507 3950 2585 3999; x_wconf 88' lang='lat' dir='ltr'><strong>M.</strong></span> <span class='ocrx_word' id='word_1_465' title='bbox 2611 3950 2741 4000; x_wconf 92' lang='lat' dir='ltr'><strong>Bru-</strong></span> 
     </span>
     <span class='ocr_line' id='line_1_79' title="bbox 1677 4026 2745 4094; baseline -0.004 -15"><span class='ocrx_word' id='word_1_466' title='bbox 1677 4035 1762 4079; x_wconf 88' lang='lat' dir='ltr'><strong>tus</strong></span> <span class='ocrx_word' id='word_1_467' title='bbox 1784 4030 1970 4094; x_wconf 84' lang='lat' dir='ltr'><strong>etipse</strong></span> <span class='ocrx_word' id='word_1_468' title='bbox 1991 4029 2151 4080; x_wconf 82' lang='lat' dir='ltr'><strong>vitam</strong></span> <span class='ocrx_word' id='word_1_469' title='bbox 2171 4026 2626 4090; x_wconf 81' lang='lat' dir='ltr'><strong>finivit,annorum</strong></span> <span class='ocrx_word' id='word_1_470' title='bbox 2649 4027 2745 4077; x_wconf 87' lang='lat' dir='ltr'><strong>cir·</strong></span> 
     </span>
     <span class='ocr_line' id='line_1_80' title="bbox 1678 4102 2741 4171; baseline -0.005 -15"><span class='ocrx_word' id='word_1_471' title='bbox 1678 4106 1813 4156; x_wconf 84' lang='lat' dir='ltr'><strong>citer</strong></span> <span class='ocrx_word' id='word_1_472' title='bbox 1836 4104 2210 4171; x_wconf 79' lang='lat' dir='ltr'><strong>quadraginta3</strong></span> <span class='ocrx_word' id='word_1_473' title='bbox 2242 4110 2461 4155; x_wconf 84' lang='lat' dir='ltr'><strong>exorato</strong></span> <span class='ocrx_word' id='word_1_474' title='bbox 2494 4102 2741 4161; x_wconf 83' lang='lat' dir='ltr'><strong>Stratone</strong></span> 
     </span>
     <span class='ocr_line' id='line_1_81' title="bbox 1674 4179 2743 4247; baseline -0.003 -15"><span class='ocrx_word' id='word_1_475' title='bbox 1674 4182 1815 4247; x_wconf 66' lang='lat' dir='ltr'><strong>fugae</strong></span> <span class='ocrx_word' id='word_1_476' title='bbox 1845 4183 2059 4245; x_wconf 89' lang='lat' dir='ltr'><strong>comite,</strong></span> <span class='ocrx_word' id='word_1_477' title='bbox 2082 4190 2141 4232; x_wconf 89' lang='lat' dir='ltr'><strong>ut</strong></span> <span class='ocrx_word' id='word_1_478' title='bbox 2171 4181 2268 4232; x_wconf 88' lang='lat' dir='ltr'><strong>sibi</strong></span> <span class='ocrx_word' id='word_1_479' title='bbox 2307 4180 2537 4245; x_wconf 84' lang='lat' dir='ltr'><strong>gladium</strong></span> <span class='ocrx_word' id='word_1_480' title='bbox 2572 4179 2743 4245; x_wconf 76' lang='lat' dir='ltr'><strong>adige·</strong></span> 
     </span>
     <span class='ocr_line' id='line_1_82' title="bbox 1677 4258 2740 4326; baseline -0.004 -16"><span class='ocrx_word' id='word_1_481' title='bbox 1677 4261 1793 4311; x_wconf 65' lang='lat' dir='ltr'><strong>ret!</strong></span> <span class='ocrx_word' id='word_1_482' title='bbox 1859 4261 2161 4326; x_wconf 79' lang='lat' dir='ltr'><strong>xiphilinus</strong></span> <span class='ocrx_word' id='word_1_483' title='bbox 2195 4260 2248 4310; x_wconf 89' lang='lat' dir='ltr'><strong>in</strong></span> <span class='ocrx_word' id='word_1_484' title='bbox 2272 4258 2516 4323; x_wconf 73' lang='lat' dir='ltr'><strong>Augusto</strong></span> <span class='ocrx_word' id='word_1_485' title='bbox 2537 4258 2613 4308; x_wconf 90' lang='lat' dir='ltr'><strong>sic</strong></span> <span class='ocrx_word' id='word_1_486' title='bbox 2635 4271 2740 4307; x_wconf 87' lang='lat' dir='ltr'><strong>rem</strong></span> 
     </span>
     <span class='ocr_line' id='line_1_83' title="bbox 1676 4332 2740 4409; baseline -0.005 -21"><span class='ocrx_word' id='word_1_487' title='bbox 1676 4336 1962 4389; x_wconf 79' lang='lat' dir='ltr'><strong>describit:</strong></span> <span class='ocrx_word' id='word_1_488' title='bbox 2001 4344 2016 4369; x_wconf 80' lang='lat'>‘</span> <span class='ocrx_word' id='word_1_489' title='bbox 2037 4337 2094 4391; x_wconf 80' lang='lat' dir='ltr'><strong>Si</strong></span> <span class='ocrx_word' id='word_1_490' title='bbox 2123 4337 2320 4409; x_wconf 80' lang='lat' dir='ltr'><strong>Brutus</strong></span> <span class='ocrx_word' id='word_1_491' title='bbox 2364 4349 2482 4387; x_wconf 90' lang='lat' dir='ltr'><strong>cum</strong></span> <span class='ocrx_word' id='word_1_492' title='bbox 2516 4332 2740 4387; x_wconf 82' lang='lat' dir='ltr'><strong>Antonio</strong></span> 
     </span>
    </p>
   </div>
  </div>
 </body>
</html>
