3059 4909
998 418 1100 467 An
1148 418 1558 468 canmuum
1610 419 1754 467 12113.
1802 419 1912 467 ιιι.
2421 406 2553 471 543

354 559 560 611 Horatii
581 560 713 610 hanc
735 557 908 622 Oden,
926 560 1206 615 eit-Ionicis
1230 577 1257 611 a
1280 562 1495 628 minore,
1518 577 1621 612 non
1645 562 1914 626 amajore,
1931 562 2285 627 compositam,
2316 565 2402 616 vix
2426 562 2553 615 satis

352 651 497 693 recte
533 641 829 692 Sotadicam
867 642 1170 692 Sclioliastae
1204 657 1415 693 vocasse
1455 643 1697 692 Bentlelo
1741 641 2001 693 videntur.
2068 644 2375 709 Quanquam
2411 644 2553 695 forte

350 724 644 774 extiterunt
666 721 825 772 etiam
848 721 1029 771 Ionica
1049 738 1080 770 a
1100 723 1294 772 minore
1317 723 1558 772 Carmina
1578 723 1820 787 Sotadi83
1852 739 1978 779 nam·
1995 739 2111 773 eum
2134 724 2326 776 Athen.
2347 740 2452 776 vu.
2471 732 2552 778 11.

352 802 591 852 universe
623 802 856 866 appellat
887 800 1086 861 ποιητὴν
1114 801 1329 850 Ἰωνικῶν
1348 800 1592 864 διο-μάτων,
1618 818 1735 867 qnae
1772 809 1877 852 tam
1914 802 1979 851 ab
2011 806 2301 866 argumenti
2339 805 2552 856 lascivia

347 882 425 948 (v.
448 881 512 932 ad
536 895 624 932 ιιι.
645 881 747 932 od.
765 886 814 932 6.
834 880 943 947 21.)
975 897 1128 946 qnam
1150 898 1182 931 a
1206 890 1375 932 metro
1397 884 1542 947 dicta
1558 881 1718 935 fuisse
1738 889 1943 934 constat
1964 902 1976 932 ε
2013 892 2104 935 aut
2123 885 2276 949 quid?
2308 886 2354 935 si
2379 887 2551 937 Acron

352 965 557 1015 omnino
579 963 823 1014 Sotadica
841 977 934 1027 pro
954 963 1147 1013 Ionicis
1166 965 1420 1014 universis
1439 964 1609 1014 dixit?

416 1044 660 1110 Denique
683 1051 909 1095 metrum
928 1045 1100 1108 ipsum
1132 1047 1296 1096 nostri
1320 1046 1575 1098 Carminis
1597 1046 1840 1096 Bentleio
1863 1052 1917 1096 et
1942 1045 2173 1111 inprimis
2196 1048 2349 1099 dulce
2372 1058 2427 1099 et
2450 1064 2558 1100 om·

351 1127 493 1189 nium
519 1126 935 1189 operosissimum
955 1125 1179 1178 videtur.
1226 1127 1343 1177 Hoc
1361 1127 1618 1190 posterius
1635 1124 1793 1175 facile
1810 1127 1938 1176 dant
1959 1142 2154 1190 omnes,
2171 1129 2296 1176 illud
2322 1129 2555 1192 plurimis
2577 1174 2585 1179 .

352 1222 501 1259 secus
525 1206 751 1267 videtur,
784 1213 843 1255 ut
867 1204 1223 1271 Cuning'amio,
1247 1214 1301 1257 et
1323 1208 1452 1258 aliis.
1505 1209 1562 1258 Si
1586 1208 1803 1258 Carmen
1842 1208 1907 1256 ad
1928 1209 2091 1272 lyram
2111 1209 2394 1259 canendum
2417 1211 2559 1273 cogi-

354 1297 454 1346 tes,
475 1286 747 1352 fingasque
762 1287 858 1336 tibi
880 1294 938 1337 et
957 1294 1178 1338 metrum
1215 1295 1271 1339 et
1307 1297 1617 1340 concentum
1654 1289 1902 1339 musicum
1934 1288 1999 1339 ad
2035 1288 2323 1338 saltationis
2361 1290 2557 1340 Ionicae

352 1369 993 1433 rhythmumxexpressum,
1012 1367 1252 1434 profecto
1275 1384 1485 1420 suavem
1513 1369 1764 1434 quandam
1787 1369 1840 1417 in
1865 1369 2043 1426 eottali
2068 1375 2232 1418 metro
2255 1370 2557 1432 simplicita-

315 1512 319 1516 ,
353 1457 481 1513 tem,
504 1448 811 1515 mollemque
833 1449 1182 1512 dulcedinem,
1207 1456 1512 1514 argumento
1537 1450 1630 1500 tali
1654 1450 2109 1510 accommodatam,
2140 1463 2240 1498 non
2268 1449 2429 1512 possis
2455 1465 2561 1500 non

355 1542 650 1597 agnoscere,
679 1530 804 1580 licet
828 1530 968 1579 illam
1000 1530 1179 1593 hodie,
1198 1531 1284 1580 ubi
1315 1545 1484 1596 neque
1507 1529 1573 1579 ad
1596 1529 1758 1594 lyram
1783 1529 2010 1592 canitur,
2042 1542 2209 1593 neque
2231 1530 2452 1580 saltatur
2472 1531 2561 1581 Io-

352 1613 492 1673 nice,
528 1611 693 1660 minus
732 1611 931 1674 sentiri,
967 1609 1122 1661 facile
1162 1613 1384 1675 largiar3
1414 1599 1678 1675 inprimis,
1710 1625 1827 1661 cum
1867 1617 2043 1661 nostro
2081 1610 2287 1675 quidem
2322 1625 2562 1664 sermone

353 1692 590 1743 Ionicum
613 1693 719 1741 tale
742 1693 964 1743 Carmen
987 1691 1103 1740 fieri
1130 1693 1322 1742 nullum
1360 1706 1530 1757 posse,
1570 1691 1722 1755 plane
1755 1690 1878 1743 mihi
1914 1689 2266 1756 persuadeam.
2332 1691 2452 1742 vid.
2476 1692 2562 1745 Ill.

357 1775 584 1826 Ramler.
607 1774 776 1825 Carm.
800 1775 921 1837 Lyr.
948 1788 999 1837 p.
1023 1776 1139 1825 258.

1067 1938 1516 2006 EXCURS
1535 1939 1666 2004 US
1755 1939 1857 2004 ΙΙ.

1127 2058 1227 2110 An
1266 2058 1390 2108 on.
1424 2057 1609 2125 xvn.
1644 2060 1792 2107 2—5.

423 2176 542 2228 Hos
563 2190 740 2229 versus
768 2189 874 2240 ⁴non
898 2189 1014 2225 esse
1051 2173 1116 2224 ab
1153 2173 1373 2224 Horatio
1410 2170 1690 2237 profectos,
1722 2170 1815 2220 sed
1849 2169 2144 2235 suppositos
2175 2173 2473 2233 assutosque
2496 2165 2564 2216 ab

357 2256 535 2323 inepto
554 2258 932 2319 Grammatico,
954 2257 1003 2305 in
1028 2255 1242 2317 Argum.
1266 2261 1321 2303 et
1343 2253 1587 2303 VV.LL.
1609 2264 1692 2301 rue
1717 2251 1933 2311 crede-re
1966 2249 2227 2315 professus
2261 2264 2393 2299 sum.
2458 2247 2567 2311 lgi-

358 2347 462 2397 tur,
486 2341 669 2405 quibus
693 2338 974 2389 rationibus
998 2336 1257 2386 adductus
1280 2333 1573 2393 crederem,
1590 2332 1822 2396 pluribus
1845 2331 2207 2395 exponendum
2228 2330 2428 2380 censui·

422 2422 551 2471 Cum
568 2421 732 2470 multa
751 2427 985 2484 veterum
1009 2418 1319 2481 scriptorum
1336 2417 1450 2466 loca
1474 2414 1713 2463 addendo
1743 2421 1993 2477 corrupta
2011 2420 2161 2462 sunt:
2198 2420 2308 2461 tum
2329 2409 2567 2476 inprimis

357 2502 512 2554 etiam
546 2502 772 2568 antiquis
806 2500 984 2551 Poetis
1007 2498 1158 2549 multi
1183 2500 1312 2548 tales
1337 2497 1491 2548 alieni
1518 2496 1671 2560 panni
1706 2511 1734 2545 a
1760 2494 2129 2547 Grammaticis
2150 2493 2369 2543 malisve·
2392 2498 2568 2556 poste-

357 2583 506 2633 rioris
529 2584 699 2649 aetatis
722 2583 903 2633 Poe'tis
927 2582 1086 2630 assuti
1113 2587 1248 2631 sunt.
1319 2580 1434 2629 Hoc
1475 2579 1551 2627 ita
1590 2577 1798 2627 accidit.
1864 2576 2078 2625 Mature
2110 2572 2308 2638 Poetis,
2343 2572 2409 2622 ob
2445 2570 2567 2621 doc·

359 2665 542 2714 tiorem
572 2666 770 2715 scilicet
792 2670 847 2713 et
868 2662 1240 2712 sententiarum
1274 2665 1329 2709 et
1364 2657 1669 2708 elocutionis
1703 2657 1973 2716 rationem,
2006 2654 2312 2704 Scholiastae
2337 2660 2392 2701 et
2415 2651 2567 2700 Com-

359 2754 680 2800 mentatores
703 2747 1025 2810 obtigerunt,
1051 2743 1137 2809 qui
1161 2742 1354 2791 scholia
1377 2742 1484 2789 sive
1510 2741 1709 2804 glossas
1742 2738 1829 2799 iis,
1865 2738 1946 2787 vel
1984 2734 2277 2800 explicandi
2310 2733 2392 2782 vel
2425 2732 2568 2781 illus-

359 2830 536 2881 trandi
559 2830 745 2894 gratia,
766 2830 1060 2878 allinerent.
1125 2826 1252 2873 Tum
1279 2829 1396 2887 post
1421 2822 1734 2881 extiterunt,
1755 2818 1841 2884 qui
1872 2819 1998 2867 talia
2032 2818 2144 2889 ipsa
2175 2813 2388 2874 scholia,
2403 2810 2569 2881 'animi

360 2912 743 2976 exercendique
766 2894 960 2973 ingenii
984 2922 1159 2972 eausa,
1178 2921 1328 2955 versu
1347 2903 1689 2958 includerent.
1732 2899 1908 2952 Quid?
1942 2897 2079 2963 quod
2103 2889 2314 2947 fuerunt
2331 2892 2572 2954 subinde,

362 2995 447 3060 qui
469 2991 858 3059 exercitationis
877 2990 1041 3054 gratia
1061 2989 1225 3052 ipsam
1260 2983 1447 3036 Po'e'tae
1471 2983 1686 3046 alicujus
1707 2979 2016 3033 sententiam
2040 2976 2265 3041 aliquam
2290 2971 2578 3039 amplifica-‚

361 3080 500 3135 rent,
523 3088 585 3124 ac
605 3073 758 3123 talem
777 3070 967 3134 ingenii
989 3069 1069 3118 sui
1092 3066 1277 3137 fretum
1291 3063 1357 3114 ad
1381 3064 1665 3128 marginem
1683 3060 1903 3125 exempli
1927 3061 2006 3109 sui
2032 3062 2376 3121 apponerent.
2429 3053 2570 3103 Hinc

363 3168 504 3219 saepe
536 3154 752 3216 accidit,
789 3158 848 3201 ut
880 3150 1139 3208 librarius,
1157 3147 1412 3213 ejusmodi
1447 3145 1743 3208 exemplum
1778 3148 1978 3204 nactus,
1998 3141 2051 3189 in
2073 3140 2243 3203 ipsum
2264 3142 2569 3187 contextum

361 3235 674 3286 transferret
702 3235 793 3285 illa
826 3220 1063 3283 versibus
1094 3242 1346 3296 expressa
1370 3228 1591 3293 scholia,
1611 3227 1791 3276 illasve
1822 3221 2291 3275 Grammaticorum
2316 3217 2572 3269 exercita-

362 3316 549 3368 tiones.
615 3315 750 3364 Nam
789 3313 1083 3377 gestiebant
1124 3310 1232 3363 fere
1269 3309 1462 3361 inferre
1502 3309 1554 3357 in
1597 3304 1915 3370 exemplaria
1953 3317 2045 3352 sua
2082 3301 2297 3361 librarii,
2329 3312 2444 3363 quoe
2468 3310 2571 3345 non

365 3404 540 3448 essent
562 3397 615 3446 in
638 3395 767 3452 aliis,
790 3401 1012 3444 emtores
1049 3399 1108 3443 ut
1142 3393 1431 3453 allicerent,
1466 3390 1553 3454 qui
1588 3388 1794 3454 quidem
1831 3382 2128 3446 tantoplus
2163 3380 2289 3429 dare
2324 3379 2571 3434 solerent,

365 3493 466 3545 quo
495 3477 749 3527 haberent
791 3475 1054 3538 exemplar
1092 3480 1300 3523 auctum
1331 3473 1534 3522 scilicet
1563 3478 1728 3535 atque,
1755 3467 1981 3535 unicum.
2045 3462 2133 3513 Sic
2164 3459 2362 3511 factum
2385 3467 2488 3525 est,
2514 3464 2575 3507 ut

364 3560 630 3623 Lucretio,
663 3562 723 3606 ut
755 3555 992 3619 Virgilio,
1035 3554 1258 3615 Tibullo,
1301 3551 1514 3615 Ovidio,
1550 3549 1794 3612 Horatio,
1831 3546 2046 3610 aliisque
2086 3541 2314 3592 classicis
2350 3540 2573 3598 vatibus,

366 3656 555 3693 versus.
569 3641 983 3703 supponerentur
1007 3642 1162 3700 atque
1185 3631 1578 3699 affingerentur,
1598 3631 1685 3696 qui
1714 3628 1924 3696 proprie
1960 3625 2280 3676 deberentur
2302 3622 2575 3685 Gramma·

368 3723 505 3772 ticis.

384 3794 390 3799 ’
434 3803 591 3853 Varia
612 3807 752 3865 sunt,
768 3798 955 3867 quibus
978 3797 1265 3867 prodantur
1288 3803 1442 3862 atque
1466 3799 1814 3861 agnoscantur
1837 3791 1992 3842 alieni
2031 3789 2161 3839 tales
2182 3785 2360 3847 foetus,
2382 3783 2577 3837 indicia

372 3885 590 3947 critica3
625 3898 689 3933 ex
725 3883 910 3947 quibus
945 3879 1191 3929 nonnulla
1214 3891 1615 3929 commemorare
1655 3890 1757 3926 non
1796 3875 2019 3925 alienum
2055 3870 2274 3920 videtur.
2344 3864 2573 3915 Primum

365 3965 613 4030 ejusmodi
636 3964 990 4014 additamenta
1027 3958 1244 4009 subinde
1276 3956 1608 4007 manifestam
1640 3957 1823 4020 glossoe
1866 3954 1978 4003 sive
2017 3948 2201 4009 scholii
2236 3945 2463 4011 speciem
2489 3946 2576 3993 lia-

372 4048 520 4100 bent.
562 4046 769 4096 Deinde
793 4060 856 4093 ex
880 4059 939 4093 eo
962 4042 1172 4106 agnosci
1194 4041 1385 4103 solent,
1405 4039 1541 4105 quod
1565 4039 1857 4101 importune
1879 4033 2170 4096 insciteque
2191 4028 2579 4088 interrumpunt

372 4127 701 4189 sententiam,
725 4127 863 4189 dum,
885 4140 1001 4190 quae
1026 4138 1089 4173 ea
1109 4121 1444 4183 antecedunt,
1472 4128 1524 4169 et
1561 4134 1675 4185 quae
1709 4122 2014 4182 sequuntur,
2043 4109 2335 4162 necessario
2355 4108 2575 4174 quodam
2656 4176 2660 4180 ἡ

367 4223 506 4258 nexu
528 4209 810 4269 cohaerent,
835 4205 1154 4268 sublatisque
1179 4203 1351 4252 verbis
1392 4200 1645 4266 suspectis
1681 4198 1844 4248 multo
1877 4195 2049 4260 aptior
2081 4201 2240 4258 atque
2263 4189 2577 4253 elegantior,

376 4286 645 4354 Poetaque
668 4289 890 4355 dignior,
910 4287 1176 4340 sententiae
1201 4285 1455 4337 universae
1475 4280 1729 4335 connexio
1746 4278 2114 4343 conversioque
2127 4273 2389 4337 exoritur.
2423 4266 2577 4322 Quod
2609 4282 2620 4291 ·
