3059 4909
1238 352 1308 416 Q.
1353 351 1672 405 HORA'ru
1719 347 1990 401 Fnauct
2073 365 2094 397 .·

870 502 1193 567 Immunis
1220 516 1405 571 aram
1431 499 1496 565 si
1526 497 1745 582 tetigit
1771 515 2036 574 manns,
2101 520 2130 576 j
2207 518 2214 523 ’

870 603 1035 670 Non
1059 608 1407 671 sumtuosa
1430 594 1742 670 blandior
1769 601 1996 667 hostia
2036 673 2044 680 ,
2167 609 2176 617 ’

962 706 1261 774 Monivit
1287 710 1563 774 aversos
1588 712 1862 788 penates

1044 809 1251 877 Farre
1275 807 1409 895 pio,
1422 815 1496 874 et
1524 806 1806 872 saliente
1835 805 2035 885 mica.
2636 809 2721 873 20

527 1004 699 1069 absque
716 1018 907 1058 munem
926 1003 1132 1056 tenuerit
1152 1018 1304 1065 arma,
1322 966 1529 1066 offensos
1551 1000 1753 1051 Penates
1773 999 1901 1048 hand
1913 999 2125 1064 placabit
2137 997 2374 1070 efficacia}
2380 1012 2470 1063 per
2494 995 2715 1059 anorem

529 1071 770 1121 victimam
789 1085 929 1135 qnam
947 1084 1032 1136 per
1051 1069 1324 1132 religiosum
1343 1067 1461 1115 ador
1482 1070 1530 1115 et
1548 1066 1621 1113 sal
1641 1065 1895 1129 crepitans.

532 1160 550 1185 K
1510 1168 1518 1175 .
1583 1166 1588 1173 .
1716 1168 1721 1173 .
1903 1168 1908 1173 .

1443 1225 1747 1253 oeconomo
1751 1228 1810 1253 οδ

534 1349 583 1395 1.
606 1359 638 1395 a
658 1359 726 1395 m.
747 1358 826 1407 pr·
847 1345 974 1395 ccede
993 1343 1393 1394 bibentium—17
1428 1342 1654 1392 Ultimos
1683 1347 1905 1404 quatuor
1935 1354 2114 1390 versus
2146 1340 2370 1390 resecuit
2404 1340 2724 1403 (hyems.—

533 1415 599 1460 18
631 1408 777 1459 Hanc
794 1415 1031 1459 summa
1050 1422 1184 1458 unus
1206 1407 1543 1468 Bersrnann13
1563 1408 1657 1455 Na
1671 1411 1913 1456 sumtuosa
1933 1405 2139 1456 emend.
2162 1405 2289 1456 Cbr.
2305 1404 2492 1456 naum.
2513 1419 2600 1468 ap.
2627 1405 2723 1453 Cu:

533 1474 812 1537 {tinge—19
842 1473 1056 1523 mollibit
1077 1473 1271 1535 Acron,
1290 1472 1528 1536 plerique
1557 1471 1710 1521 codd.
1730 1471 1890 1538 Cruq.
1921 1485 2101 1521 omnes
2119 1470 2361 1520 Tor-rent.
2383 1469 2555 1519 Palm.
2573 1469 2730 1520 Gem-

532 1538 666 1588 blac.
690 1544 735 1589 1.
758 1543 808 1588 2.
843 1538 1037 1588 Beller.
1054 1545 1112 1588 et
1130 1538 1337 1588 Diestlr.
1367 1536 1596 1594 Bentleii
1615 1536 1795 1586 Graev.
1825 1535 1974 1586 Leid.
1997 1537 2206 1601 aliique,
2238 1536 2380 1599 Lips.
2404 1538 2453 1583 8.
2473 1538 2521 1585 4.
2551 1534 2661 1584 Alt.
2684 1539 2730 1589 1,-

535 1601 685 1653 Harl.
707 1608 754 1653 l.
774 1606 896 1653 2.(1.
929 1602 1148 1653 Mentel.
1168 1602 1361 1652 Venet.
1392 1605 1539 1652 1492.
1575 1601 1807 1653 Mancin.
1839 1601 2057 1651 Locber.
2090 1601 2229 1650 unde
2268 1601 2319 1650 in
2352 1600 2544 1651 secutis
2580 1600 2732 1650 editt.

533 1668 687 1730 vulgo
708 1667 915 1730 legitur.
978 1669 1066 1719 Sic
1097 1666 1223 1718 Asc.
1259 1667 1438 1716 Basill.
1473 1664 1678 1716 Bonfin.
1702 1666 1887 1717 Lamb.
1922 1667 2074 1715 Torr.
2100 1667 2256 1731 Crnq.
2290 1665 2488 1715 Muret-
2524 1665 2728 1714 Fabric.

535 1733 715 1798 Steph.
736 1733 893 1795 Rutg.
925 1731 1112 1787 Heius.
1142 1731 1277 1783 Fab.
1306 1734 1502 1783 Daeer.
1538 1732 1699 1781 Baxt.
1731 1732 1854 1783 Jon.
1876 1730 2015 1784 Sivr.
2050 1737 2107 1781 et
2130 1730 2251 1781 Nic.
2276 1730 2462 1781 Heius.
2487 1728 2553 1779 ad
2580 1729 2731 1799 ovid.

533 1795 678 1848 Past.
717 1812 755 1846 ι.
789 1800 905 1853 672.
934 1798 1090 1848 Trist.
1111 1812 1154 1848 1.
1181 1801 1235 1846 3.
1254 1799 1338 1847 45.
1377 1804 1434 1847 et
1466 1797 1522 1853 in,
1541 1795 1786 1846 Addend.
1810 1795 1876 1846 ad
1899 1802 2026 1846 tom.
2049 1808 2088 1845 ι.
2129 1811 2182 1857 p.
2203 1798 2318 1849 437.
2385 1793 2490 1845 Sed
2517 1794 2732 1847 Meuiuit

533 1860 663 1911 Aer.
685 1861 791 1911 Ms.
815 1876 899 1925 ap,-
925 1862 1101 1915 Bentl.
1137 1861 1413 1911 Pulmanni
1448 1861 1630 1911 Hunn.
1666 1874 1795 1911 unus
1831 1861 2019 1911 Bland.
2042 1859 2211 1911 Mald.
2242 1861 2405 1910 Mart.
2427 1859 2593 1923 Crnq.
2616 1859 2731 1909 cod.

537 1925 715 1976 Gifan.
737 1926 838 1975 duo
860 1925 1061 1977 Bersm.
1086 1924 1260 1980 Bentl.
1283 1924 1470 1987 Regin.
1496 1941 1526 1974 a
1549 1942 1617 1976 m.
1641 1939 1721 1988 pr.
1765 1926 2000 1989 Magdal.
2023 1925 2147 1975 Sax.
2174 1924 2315 1988 Lips.
2338 1929 2385 1977 1.
2405 1928 2456 1973 2.
2488 1925 2647 1975 Dess.
2681 1928 2733 1975 2.

534 1991 764 2043 Helmst.
787 2005 883 2057 pro
909 2006 1014 2041 var.
1036 1991 1161 2041 lect.
1192 1991 1346 2041 Harl.
1368 1994 1418 2041 3.
1436 1995 1486 2041 4.
1508 1994 1559 2042 5.
1589 1990 1780 2042 Vener.
1801 1995 1945 2040 1477.
1968 1994 2115 2041 1478.
2135 1994 2283 2040 1479.
2347 1987 2567 2039 Mediol.
2588 1982 2731 2039 1477.

532 2058 682 2106 1502.
744 2056 923 2106 Bentl.
955 2056 1119 2107 Gesn.
1149 2054 1291 2115 Jani,
1325 2054 1542 2117 Bipont.
1571 2055 1783 2105 Mitscb.
1801 2056 2023 2107 Wetzel.
2056 2053 2267 2106 Wakef.
2291 2054 2476 2105 Comb.
2493 2061 2546 2104 et
2569 2053 2733 2103 Kidd.

512 2120 551 2149 ·‘
575 2121 741 2170 Recte
760 2120 939 2171 Bentl.
962 2122 1216 2172 neminem
1252 2120 1326 2170 ait
1362 2118 1570 2173 Horatii
1607 2125 1765 2173 aetate
1801 2118 2030 2170 futurum
2058 2127 2255 2185 qnartae
2275 2120 2550 2182 conjugat.
2579 2118 2734 2177 injbq

535 2185 859 2242 terminasse,
880 2185 1036 2250 idque
1058 2185 1286 2249 igitnr‘si
1310 2184 1562 2235 Horatius
1582 2183 1816 2243 fecisset,
1837 2194 1984 2236 certe
2006 2193 2346 2236 annotaturos
2368 2183 2526 2234 fuisse
2549 2184 2737 2234 Gram-

535 2250 752 2300 maticos
775 2255 902 2300 vett.
926 2250 1060 2316 quod
1086 2256 1388 2315 argumento
1411 2251 1495 2312 sit,
1517 2250 1706 2313 legisse
1732 2251 1844 2300 illos
1875 2251 1925 2301 b.
1947 2252 1982 2300 l.
2004 2250 2225 2315 mollivit.
2292 2250 2540 2300 Postulat
2576 2249 2735 2298 etiam

535 2315 811 2364 sententiae
834 2316 1094 2379 elegantia
1118 2325 1322 2379 tempus
1349 2314 1667 2379 praeteritum
1690 2315 1916 2380 mollivit,
1939 2322 1998 2365 ut
2017 2322 2139 2364 ante
2168 2315 2352 2376 tetigit,
2371 2329 2489 2364 cum
2521 2315 2736 2364 notione

531 2382 779 2448 perpetui
801 2394 845 2428 s.
867 2381 1047 2430 aoristi
1069 2379 1342 2444 temporis,
1359 2393 1453 2442 pro
1476 2380 1743 2443 praesenti,
1759 2389 1975 2430 venusta
1992 2386 2046 2431 et
2063 2379 2245 2429 Poetis
2265 2380 2459 2429 solenni
2482 2380 2742 2455 enallage,

539 2443 783 2506 positum.
816 2441 887 2495 cf..
917 2445 1002 2496 Ill.
1026 2444 1198 2510 Heyn.
1240 2444 1304 2494 ad
1331 2444 1521 2493 Tibull.
1547 2457 1587 2494 ι.
1609 2448 1659 2494 4.
1679 2444 1783 2494 27.’
1814 2446 1952 2497 Jani.
2018 2445 2231 2510 Molliriss
2250 2442 2467 2502 Cuning.
2491 2458 2558 2492 ex
2599 2458 2735 2512 conj.

539 2508 793 2570 Gogavii3
826 2517 882 2560 et
918 2512 995 2560 sic
1035 2510 1293 2560 dederunt
1329 2508 1521 2560 Sanad.
1558 2515 1613 2558 et
1649 2510 1881 2559 Francis.
1946 2508 2097 2566 Mox,
2136 2512 2375 2572 adversos,
2408 2508 2552 2559 facili
2585 2510 2738 2574 lapsu

532 2572 705 2623 Meld-
727 2581 786 2627 et
804 2574 965 2626 Mart.
984 2575 1224 2642 Crnquii,
1243 2588 1376 2625 una·
1399 2574 1731 2638 Bersmanni,
1754 2575 1893 2640 Lips.
1918 2577 1971 2653 1..
1987 2579 2040 2624 Β.
2057 2579 2109 2626 4.
2133 2580 2188 2625 et
2210 2574 2507 2626 Helmstad.

1542 2727 1763 2779 NOTAE
2103 2762 2106 2765 -
2717 2731 2732 2760 ³

532 2830 539 2837 ’
602 2846 667 2895 17
700 2838 954 2908 Immanis]
1000 2838 1282 2906 Innocens,
1321 2858 1352 2892 a
1395 2840 1598 2894 scelere

531 2910 704 2979 [vacua
724 2925 781 2973 et
811 2912 1022 2981 eximia,
1051 2935 1115 2969 ex
1138 2919 1468 2986 quibusdam:
1510 2921 1598 2973 alii

538 2994 690 3045 aliter
735 3004 794 3047 et
830 2994 1034 3058 melius,
1076 3003 1135 3046 ut
1175 2997 1445 3060 existimo;
1499 2999 1598 3050 boc

530 3084 725 3137 sensu:
762 3071 977 3123 Etiamsi
1017 3086 1118 3120 non
1158 3069 1344 3124 offeras
1377 3074 1497 3123 Diis
1519 3074 1597 3124 in-

539 3146 715 3210 gentia
751 3161 987 3212 munera,
1016 3155 1121 3201 tam
1157 3150 1350 3213 litabis,
1387 3157 1598 3216 tamque

536 3220 796 3272 obtinebis
817 3223 953 3287 quod
978 3225 1230 3288 postulas,
1255 3227 1444 3290 exiguo
1473 3241 1599 3291 quo·

537 3298 618 3346 vis
658 3297 928 3357 sacrificio,
961 3316 1114 3365 quam
1155 3317 1343 3369 magno
1376 3309 1430 3353 et
1464 3318 1598 3355 sum-

539 3379 718 3439 tuos03
751 3376 792 3423 si
826 3375 978 3427 modo
1000 3378 1123 3427 vitae
1153 3378 1522 3443 innocentiam,
1541 3388 1600 3437 ¹et

533 3442 792 3517 pietatem
810 3466 873 3502 ac
895 3453 1193 3517 religionem
1213 3471 1336 3520 erga
1356 3457 1498 3507 Deos
1517 3473 1605 3509 ex·

537 3526 740 3577 hibeas.
760 3529 892 3579 Luc.
926 3545 1045 3594 cap.
1067 3545 1188 3582 xxi.
1213 3532 1447 3584 Christus
1475 3549 1600 3599 pan·

534 3605 770 3667 perculae
815 3606 986 3656 vidnae
1025 3608 1224 3659 minuta
1272 3609 1375 3661 duo
1424 3611 1605 3662 laudat

534 3690 654 3746 prae
690 3678 987 3745 ingentibus
1035 3684 1255 3734 divitum
1301 3687 1603 3743 muneribus

541 3755 593 3806 in
612 3754 1033 3822 gazophylacium
1056 3758 1242 3811 missis.
1291 3762 1371 3813 Ex
1389 3762 1600 3814 Plutar-

538 3828 639 3895 cho
671 3832 942 3897 Lycurgus
979 3834 1327 3907 interrogatus
1359 3853 1452 3890 cur
1476 3841 1601 3893 vilia

543 3911 599 3954 et
635 3920 797 3980 parva
827 3908 1181 3963 constituisset
1217 3914 1488 3979 sacrificia,
1516 3931 1599 3968 re-

534 3982 788 4051 spondit3
822 3993 881 4036 ut
896 4001 1155 4055 nunquam
1173 3990 1466 4045 desinamus
1487 3995 1599 4046 De-

1677 2857 1735 2897 os
1773 2840 2030 2893 venerari.
2070 2824 2210 2894 vide]
2252 2844 2401 2894 Pers.
2436 2843 2551 2895 Sat.
2587 2856 2656 2897 ιι.
2689 2843 2740 2901 in

1676 2917 1780 2969 fine
1802 2935 1817 2968 t
1842 2919 1927 2969 ubi
1949 2920 1966 2948 ‘
1979 2920 2156 2971 Dicite
2172 2919 2477 2979 Pontifices,
2489 2921 2541 2970 in
2557 2909 2741 2973 sancto

1678 2994 1801 3061 quid
1819 2991 1946 3046 facit
1980 2997 2192 3047 aurum?
2217 3030 2231 3045 .
2255 3032 2269 3046 .
2297 3033 2311 3047 .
2336 3033 2350 3047 .
2376 2992 2516 3048 farre
2540 2997 2741 3063 litabo-J

1742 3071 1896 3122 Aram
1929 3072 1974 3121 si
2006 3074 2173 3135 tetigit
2204 3074 2396 3141 manus]
2445 3072 2560 3124 Ara
2595 3074 2741 3139 quasi

1681 3164 1807 3200 ansa
1846 3149 1987 3200 dicta
2018 3150 2241 3215 pridem.
2263 3149 2505 3215 quoniam
2527 3166 2644 3201 eam
2668 3157 2743 3202 te·-

1679 3225 1878 3277 nebant
1902 3243 1995 3277 sen
2019 3228 2309 3293 tangebant
2330 3228 2645 3294 quicumque
2662 3230 2743 3278 vel

1680 3309 1846 3361 sacris
1868 3309 2234 3374 operabantur,
2267 3310 2350 3359 vel
2363 3309 2638 3373 jurabant,
2663 3310 2741 3358 vel

1676 3399 1863 3450 preces
1881 3393 1938 3436 et
1955 3393 2075 3437 vota
2095 3383 2378 3437 faciebant.
2409 3387 2597 3436 Varro.
2627 3385 2740 3436 Ma-

1677 3463 1826 3513 crob.
1864 3462 2129 3519 Saturnal.
2165 3477 2255 3513 m.
2292 3466 2342 3513 2.
2372 3465 2473 3513 &c-
2512 3462 2652 3512 Vide
2686 3468 2744 3513 et

1681 3539 1821 3590 Ptin.
1846 3552 1908 3589 η.
1933 3542 1981 3588 7.
2717 3600 2722 3604 .

1705 3658 1706 3661 ,
1748 3619 1812 3666 19
1847 3615 2062 3665 mollivit
2101 3615 2371 3680 [vmaibitJ-
2404 3614 2492 3667 Ita
2538 3622 2746 3665 veteres

1681 3706 1777 3761 pro
1798 3692 1996 3760 molliet.

1743 3772 1812 3818 20
1848 3769 2005 3818 Far-re
2023 3768 2103 3832 pio
2122 3774 2173 3818 et
2189 3768 2388 3818 saliente
2412 3765 2566 3831 utica]
2598 3767 2744 3816 Mola

1682 3844 1836 3905 salsa,
1856 3859 1974 3909 quae
2002 3842 2276 3893 constabat
2311 3856 2379 3892 ex
2413 3856 2564 3907 aqna,
2586 3840 2748 3896 farre.

1681 3925 1739 3969 et
1775 3919 1902 3970 sale.
1935 3919 2122 3969 Senec.
2163 3919 2332 3983 Epist.
2370 3922 2484 3973 114.
2522 3919 2537 3945 ‘
2563 3931 2752 3982 crepa»

1682 4009 1796 4046 cem
1816 3996 2005 4045 molam
2021 3994 2036 4018 ’
2056 3994 2212 4046 dixit.
