3059 4909
1295 369 1361 429 Q.
1404 367 1723 418 neuun
1774 368 2039 419 rnaocl

823 512 985 580 Non
1015 513 1330 580 indecoro
1358 515 1633 600 pulvere
1662 514 1975 582 sordidos
2001 534 2019 593 3

909 616 994 681 Et
1022 622 1263 682 cuneta
1292 624 1616 682 terrarum
1648 618 1958 692 subacta,

994 721 1256 787 Praeter
1281 726 1577 786 atrocem
1611 720 1904 785 animum
1933 720 2239 786 Catonia.

540 888 688 951 ‘cipes
704 888 911 950 glorioso
933 889 1125 954 pulvere
1142 888 1408 953 squalida,-
1444 901 1711 951 omnemque
1748 852 1982 937 terrai-um
2002 886 2158 937 orbem
2177 886 2422 951 domitum,
2443 891 2636 950 excepto
2661 886 2752 937 Ca·

1477 1013 1839 1036 OMOWO

567 1118 633 1165 23
673 1116 748 1165 Ειι
768 1119 936 1167 cuncta
958 1116 1082 1182 Var.
1103 1115 1254 1164 Lect.
1278 1128 1363 1180 ap.
1386 1113 1698 1165 sonem—25
1731 1114 1863 1163 June
1887 1114 2098 1163 Deorum
2118 1105 2276 1164 Dess.
2300 1118 2349 1164 2.
2384 1114 2608 1179 quicquid
2636 1112 2755 1163 ami·

1530 1244 1767 1296 -NOTAE

567 1342 801 1409 praelium
832 1342 1069 1394 oratione
1102 1342 1383 1394 incitantes
1404 1342 1622 1394 militum

568 1419 764 1469 animos
779 1417 1121 1483 virtutemque
1138 1429 1402 1477 acuentes,
1427 1418 1624 1483 pollici-

566 1495 635 1545 tis
658 1494 810 1544 etiam
833 1500 890 1544 et
911 1485 1341 1548 obtestationibus
1362 1497 1620 1549 adhibitis.

564 1572 780 1622 Suetou.
818 1571 928 1623 Jul.
971 1572 1168 1622 Caesar.
1207 1586 1325 1637 cap.
1360 1578 1442 1626 88.
1473 1575 1489 1604 ‘
1513 1573 1622 1626 Pro

564 1649 812 1699 concione
831 1646 988 1697 tidem
1009 1647 1226 1699 militum
1246 1647 1373 1699 flens
1390 1665 1450 1700 ac
1473 1659 1622 1701 veste

568 1740 598 1774 a
622 1730 836 1789 pectore
857 1723 1070 1775 discissa
1090 1724 1368 1776 invocavit.
1431 1727 1622 1777 Existi·

564 1809 740 1852 matur
761 1801 917 1851 etiam
947 1808 1220 1866 equestres
1256 1816 1443 1856 census
1474 1803 1622 1866 polli-

567 1881 705 1932 citus
749 1880 982 1945 singulis,
1022 1893 1117 1944 per
1151 1894 1278 1946 quos
1315 1879 1623 1944 dignitatem

567 1972 711 2008 suam
735 1957 1042 2008 defensurus
1063 1958 1239 2022 esset:
1258 1962 1356 2009 διο.
1414 1960 1515 2010 Vel
1538 1977 1624 2013 αιι-

564 2034 669 2086 dire
688 2035 852 2085 videor
869 2035 1030 2086 Duces
1051 2036 1205 2086 victae
1235 2037 1417 2101 partis,
1439 2037 1622 2089 subac-

563 2117 673 2160 tam
699 2108 956 2161 deflentes
979 2126 1187 2162 causam
1220 2112 1504 2175 meliorem,
1546 2120 1623 2165 at·

562 2201 664 2251 que
684 2188 1062 2250 pessumdatam
1077 2188 1376 2239 libertatem
1393 2196 1452 2240 et
1470 2191 1624 2241 Rem-

567 2262 846 2327 publicam.

630 2337 841 2400 Magnos
874 2338 1035 2402 duces]
1069 2339 1374 2405 Pompeium
1415 2341 1468 2392 in
1506 2343 1621 2395 acie

564 2417 865 2467 Puni-salies
908 2417 1263 2484 profligatum:
1314 2422 1621 2487 Labienum,

564 2491 858 2557 Afranium,
889 2494 1101 2559 Jubam,
1134 2496 1187 2546 in
1221 2494 1430 2549 Africa:
1465 2500 1621 2550 Pom·

564 2568 672 2632 peii
697 2567 860 2619 fllium
899 2570 952 2620 in
981 2570 1236 2636 Hispania
1267 2572 1332 2624 ad
1367 2576 1624 2627 Mundam

564 2644 776 2694 urbem:
844 2644 1060 2710 ejusque
1123 2645 1338 2698 fratrem
1401 2650 1620 2701 Sextum

563 2720 890 2785 Pompeium,
914 2722 1000 2786 qui
1024 2722 1264 2773 Corduba
1287 2724 1342 2773 in
1372 2725 1620 2787 Siciliam,

564 2804 621 2847 et
642 2797 760 2846 hinc
782 2798 836 2846 in
864 2796 1042 2848 Asiam
1077 2796 1278 2863 fugiens
1313 2801 1522 2851 tandem
1555 2801 1623 2852 ab

562 2872 875 2924 Antoniauis
898 2874 970 2924 ibi
992 2889 1157 2924 caesus
1181 2881 1279 2925 est.
1458 2887 1463 2893 ·

627 2953 694 3000 22
737 2951 853 2999 Non
894 2950 1113 3000 indecoro
1151 2953 1343 3015 pulvere
1385 2952 1624 3019 sordidos]

562 3024 628 3075 In
658 3026 775 3089 ipso
805 3024 1073 3091 conflictu,
1094 3026 1368 3092 mediaque
1385 3029 1499 3079 acie
1520 3045 1618 3094 per

563 3102 794 3165 singulos
848 3102 1058 3152 ordines
1102 3102 1398 3154 discurrunt
1457 3105 1619 3156 inter·

565 3177 687 3226 dum
725 3177 905 3240 duces,
938 3177 1030 3227 hos
1073 3178 1292 3243 illosque
1317 3181 1382 3230 ad
1404 3188 1617 3233 strenue

562 3253 900 3318 pugnandum
956 3255 1297 3307 adhortantur
1347 3273 1447 3308 uon
1505 3274 1618 3309 ver-

562 3329 642 3379 bis
683 3330 848 3380 solum
883 3330 974 3380 sed
1010 3339 1066 3382 et
1101 3335 1362 3397 exemplo,
1393 3336 1617 3398 glorioso

561 3405 778 3470 proinde
798 3408 899 3473 ipsi
915 3409 1130 3472 pulvere
1143 3413 1427 3476 conspersi.
1461 3410 1617 3475 Apud

562 3483 764 3532 Livium
783 3485 994 3548 passim.
1060 3486 1198 3536 Flor.
1221 3488 1310 3538 cit.
1333 3488 1399 3537 de
1419 3488 1618 3554 Philip-

560 3561 707 3624 pensi
730 3565 1009 3614 certamine
1029 3583 1043 3615 ε
1067 3567 1081 3594 ⁸
1100 3565 1300 3615 Multus
1324 3566 1373 3615 in
1398 3581 1461 3615 eo
1485 3580 1618 3630 prae·

558 3637 629 3687 lio
653 3638 831 3688 Caesar
853 3639 974 3703 fuit,
1009 3641 1311 3707 mediusque
1344 3643 1481 3692 inter
1512 3642 1618 3692 Im-

560 3724 850 3778 peratorem
869 3726 925 3768 et
941 3718 1175 3769 militem.
1225 3719 1396 3769 Voces
1414 3734 1621 3784 quoque

564 3791 918 3856 obequitantis
957 3793 1236 3859 exceptae‚'
1283 3798 1380 3846 dte.
1463 3795 1622 3860 Apud

563 3864 814 3916 Mundam
834 3882 956 3918 vero
974 3869 1110 3920 idem
1126 3871 1323 3935 Caesar‚
1342 3871 1358 3898 ⁴
1378 3872 1623 3936 ablegato

564 3955 716 4007 equo,
733 3944 912 3994 similis
925 3944 1122 3997 furenti
1139 3947 1357 4010 primam
1382 3948 1437 3997 in
1460 3948 1624 3997 aciem

565 4021 845 4082 procurrit.
930 4021 1012 4072 Ibi
1058 4037 1303 4085 prensare
1346 4023 1622 4089 fugientes,

565 4095 903 4159 confirmare3
936 4113 1033 4162 per
1065 4105 1231 4150 totum
1266 4101 1492 4166 denique
1533 4117 1621 4166 ag·

565 4184 704 4233 men,
740 4175 918 4237 oculis,
948 4175 1201 4236 manibus,
1237 4180 1464 4229 clamore
1493 4180 1621 4229 voli·

568 4248 715 4300 tare!
756 4251 874 4314 Vei,
898 4252 941 4301 si
965 4251 1161 4303 referas
1187 4254 1252 4304 ad
1277 4255 1624 4319 posteriorem

1701 1342 2192 1407 interpretationem
2231 1357 2351 1394 mox
2390 1342 2625 1403 allatam,
2653 1344 2756 1406 pul*

1699 1434 1855 1469 ceren
1890 1420 2093 1484 accipe,
2122 1419 2173 1469 iu
2208 1435 2312 1484 quo
2344 1420 2645 1469 volutantur
2672 1432 2758 1469 oe·

1701 1497 2003 1547 cumbentes
2029 1511 2125 1560 pro
2151 1497 2321 1560 patria
2344 1504 2397 1546 et
2417 1497 2668 1547 libertate
2687 1496 2758 1546 ci-

1702 1573 1859 1624 vium.
1927 1574 2062 1624 Vide
2086 1588 2125 1624 1.
2150 1574 2252 1625 Od.
2279 1579 2326 1624 l.
2349 1578 2398 1624 3.
2431 1581 2486 1623 et
2520 1572 2640 1624 Ode
2661 1585 2758 1622 xv·

1701 1664 1776 1701 vs.
1799 1655 1882 1700 20.

1765 1730 1830 1777 24
1863 1727 2061 1778 Proeter
2079 1732 2286 1777 atrocem
2305 1727 2514 1777 απὺιιιιιιι
2536 1726 2759 1791 Catonis]

1706 1802 1838 1854 Cato
1878 1803 2018 1868 apud
2056 1803 2267 1855 Uticam
2307 1803 2524 1852 interire
2563 1802 2759 1867 maluit,

1704 1895 1858 1945 quam
1886 1879 2108 1930 hostium
2143 1880 2348 1944 patria»,
2374 1879 2464 1944 qui
2489 1878 2600 1942 jam
2626 1880 2760 1929 vice-

1702 1963 1823 2005 rant
1846 1963 2001 2020 atque
2024 1955 2197 2005 omnia
2218 1968 2365 2018 paene
2390 1953 2662 2010 tenebant,
2685 1951 2762 2003 fa·

1704 2034 1837 2082 ciem
1862 2033 2055 2085 videre.
2123 2034 2393 2084 Plutarch.
2419 2032 2487 2083 de
2508 2047 2572 2082 eo
2591 2032 2762 2082 Caesar

1704 2109 1897 2160 dixisse
1942 2117 2211 2160 narratur:
2266 2113 2282 2142 ‘
2315 2112 2479 2160 Tuam
2523 2123 2624 2169 ego
2666 2108 2760 2160 tibi

1702 2196 1923 2239 mortem
1962 2189 2187 2252 invideo,
2209 2181 2362 2249 Cato,
2397 2188 2516 2253 quia
2545 2196 2601 2236 tu
2640 2186 2760 2237 mihi

1699 2265 1920 2313 salutem
1960 2271 2099 2315 tuam
2146 2265 2408 2316 invidisti.’
2487 2265 2682 2314 Lucan.
2722 2278 2761 2314 1.

1699 2343 1784 2391 28.
1814 2342 1831 2369 ⁴
1852 2341 2058 2391 Victrix
2082 2356 2243 2392 causa
2259 2342 2387 2392 Deis
2411 2341 2639 2405 placuit;
2671 2342 2759 2390 sed

1703 2417 1839 2468 victa
1873 2417 2095 2470 Catoni.’
2158 2418 2298 2469 Flor.
2331 2418 2425 2469 cit.
2456 2424 2469 2446 ⁶
2494 2417 2558 2467 In
2583 2416 2762 2467 Africa

1701 2508 1819 2544 cum
1840 2493 2040 2550 civibus
2074 2494 2237 2544 multo
2273 2495 2497 2544 atrocius
2533 2509 2687 2558 quam
2712 2494 2761 2543 in

1701 2571 2195 2623 Pharsalia...satis
2228 2573 2398 2636 ample
2428 2572 2681 2622 sonabant
2710 2571 2761 2621 iu

1704 2648 2010 2712 Pompeiani
2054 2649 2274 2699 nominis
2317 2648 2486 2698 locum
2532 2650 2668 2698 Cato
2706 2654 2762 2697 et

1702 2725 1899 2789 Scipio.
1983 2725 2224 2777 Accessit
2289 2725 2452 2789 copiis
2508 2726 2762 2775 Maurita-

1702 2801 1802 2851 niae
1861 2817 1953 2852 rex
1996 2801 2156 2864 Juba,
2198 2802 2443 2852 videlicet
2487 2808 2547 2851 ut
2605 2800 2760 2851 latius

1704 2878 1942 2929 vinceret
1985 2879 2181 2930 Caesar.
2265 2879 2410 2930 Nihil
2453 2893 2578 2943 ergo
2623 2878 2761 2929 inter

1703 2953 2027 3004 Pharsaliam
2072 2962 2128 3005 et
2186 2955 2443 3018 Thapson,
2484 2955 2580 3003 nisi
2623 2952 2759 3018 quod

1705 3030 1942 3095 amplior,
1990 3045 2156 3095 eoque
2210 3031 2383 3080 acrior
2437 3030 2759 3080 Caesariano·

1700 3119 1812 3156 rum
1838 3107 2061 3170 impetus
2096 3106 2213 3164 fuit,
2238 3106 2616 3171 indignantium
2644 3110 2761 3169 post

1702 3183 2007 3248 Pompeium
2061 3184 2290 3233 crevisse
2337 3184 2530 3234 bellum
2556 3219 2569 3233 .
2588 3218 2602 3234 .
2622 3216 2637 3232 .
2663 3182 2758 3233 Ca-

1702 3267 1757 3309 to
1810 3274 1916 3310 non
1972 3258 2214 3310 interfuit
2250 3259 2419 3310 hello:
2472 3258 2759 3323 positisque

1700 3334 1838 3398 apud
1863 3336 2155 3399 Bagradam
2179 3336 2361 3386 castris
2384 3334 2592 3384 Uticam
2618 3334 2759 3384 velut

1701 3412 1868 3462 altera
1892 3410 2087 3463 Africae
2107 3413 2335 3462 claustra
2355 3410 2612 3460 servabat.
2655 3408 2756 3459 Sed

1700 3494 1919 3553 accepta
1953 3488 2176 3553 partium
2213 3488 2380 3550 clade,
2403 3488 2523 3536 nihil
2548 3497 2756 3537 cuncta·

1689 3573 1802 3626 sus,
1824 3574 1884 3615 ut
1906 3566 2139 3629 sapiente
2161 3564 2369 3627 dignum
2390 3570 2526 3625 erat,
2542 3570 2755 3612 mortem

1701 3640 1858 3691 etiam
1874 3642 2020 3691 laetus
2041 3640 2249 3692 accivit.
2265 3676 2280 3691 .
2297 3675 2310 3689 .
2327 3640 2581 3704 .perlecto
2606 3646 2757 3687 nocte

1703 3716 1768 3767 ad
1795 3717 2057 3767 lucernam
2089 3717 2329 3767 Platonis
2360 3715 2513 3777 libro,
2545 3716 2633 3780 qui
2668 3715 2756 3764 im·

1702 3794 2072 3844 mortalitatem
2095 3793 2279 3842 animae
2302 3792 2478 3855 docet,
2499 3792 2755 3855 paululum

1703 3869 1930 3935 quievit:
1966 3877 2077 3939 tum
2108 3870 2250 3920 circa
2289 3868 2505 3931 primam
2531 3868 2754 3931 vigiliam

1704 3947 1886 3997 stricto
1908 3945 2078 4010 gladio
2100 3945 2383 3995 revelatum
2402 3958 2552 3994 manu
2574 3953 2754 4009 pectus
2795 3953 2802 3958 ’

1703 4023 1862 4073 semel
1876 4022 2167 4086 iterumque
2180 4020 2477 4086 percussit,’
2493 4024 2596 4073 ὅτε.
2614 4022 2753 4071 Beue

1703 4114 1830 4164 ergo
1845 4098 2014 4149 Poeta
2025 4100 2099 4148 ait
2115 4102 2284 4148 cuncta
2296 4102 2532 4147 term-um
2552 4097 2755 4158 subacto,

1701 4176 1796 4226 sed
1838 4190 1941 4224 non
1980 4174 2247 4225 subactum
2283 4173 2499 4223 Catonis
2536 4174 2754 4224 animum

1701 4259 1923 4316 atrocem,
1943 4251 1995 4303 id
2009 4259 2114 4316 est,
2136 4252 2405 4314 invictum,
2424 4249 2754 4316 intrepidum,
