3059 4909
1288 353 1650 418 'noRAvn.
2117 328 2125 335 ⁶
2487 327 2572 424 21

674 856 771 940 Q.
832 848 1376 929 HORATII
1432 854 1895 934 -FLACCI
1964 852 2272 932 VITA

946 1081 1139 1148 PER
1182 1083 1394 1151 ANN
1401 1085 1513 1151 OS
1564 1085 2009 1154 DIGESTA.

454 1483 555 1549 [f.-
591 1484 668 1550 C.
713 1486 906 1552 Varr.
967 1486 1119 1552 689.
1209 1487 1286 1551 L.
1336 1485 1655 1551 Aurelius
1726 1486 1952 1568 Cotta.
2043 1488 2127 1554 L.
2176 1489 2476 1554 Manlius

751 1590 1136 1674 Torquatus
1166 1589 1363 1655 Coss.
1424 1591 1537 1664 ,A.
1571 1590 1649 1655 C.
1682 1589 1793 1656 65.
1879 1592 2154 1657 ‘Horatii
2186 1594 2250 1658 1.

368 1729 512 1794 His
575 1731 776 1799 Coss.
834 1741 1067 1800 natum
1111 1754 1265 1799 esse
1318 1733 1702 1812 Horatium,
1746 1754 1881 1800 non
1941 1735 2157 1799 solum
2206 1735 2565 1800 Suetonius

365 1842 601 1898 auctor
632 1842 757 1910 est,
796 1836 915 1900 sed
963 1839 1109 1920 ipse
1155 1836 1360 1902 etiam
1408 1835 1725 1910 Flaccus,
1771 1853 1884 1900 111.
1932 1835 2060 1900 od.
2104 1837 2216 1903 21.
2251 1838 2309 1900 1.
2344 1836 2563 1920 Epod.

367 1951 540 1999 Χιιι.
591 1937 656 2000 6.
746 1938 1188 2001 Decembrem
1246 1957 1538 2001 mensem
1588 1938 1737 2020 ipse
1785 1939 1993 2002 etiam
2043 1939 2377 2002 natalibus
2426 1939 2568 2003 suis

363 2039 666 2120 assignat
698 2056 748 2106 1.
781 2040 1001 2124 Epist.
1029 2041 1139 2106 20.
1169 2050 1341 2106 extr.
1371 2040 1690 2124 illiusque
1720 2040 1900 2105 diem
1949 2056 2050 2106 vl.
2099 2040 2204 2108 Id.
2249 2045 2569 2104 memorat

362 2140 752 2211 Suetonius.
1841 2145 1842 2148 ’
2649 2144 2663 2152 “

443 2244 724 2310 Generis
770 2247 875 2311 sui
924 2248 1404 2314 obscuritatem
1456 2266 1796 2333 nunquam
1845 2246 2252 2323 dissimulat,
2302 2265 2565 2330 semper

359 2346 537 2411 ultro
567 2348 821 2425 fassus,
868 2370 943 2416 se
987 2370 1109 2415 nec
1153 2349 1474 2434 ingenuo,
1519 2372 1645 2416 nec
1692 2352 1876 2416 claro
1920 2358 2156 2418 natum
2195 2353 2409 2433 patre,
2441 2348 2598 2416 sod*

355 2448 862 2530 libertino„vita
902 2460 1125 2518 tamen
1174 2460 1244 2519 et
1291 2460 1562 2537 pectore
1591 2473 1799 2536 puro;
1849 2471 1896 2516 ι.
1928 2453 2082 2528 Sat.
2103 2453 2168 2517 6.
2195 2454 2305 2516 45.
2394 2456 2413 2485 ‘
2448 2451 2564 2515 Li-

355 2552 646 2618 bertinos
666 2551 686 2580 '
718 2561 943 2622 antem
979 2561 1391 2637 eo.tempore
1442 2554 1625 2622 idem
1670 2560 1816 2622 erat
1846 2573 1929 2620 ac
1960 2558 1982 2590 ‘
2012 2554 2289 2620 libertus
2309 2551 2362 2632 ς’
2406 2571 2563 2618 cum

357 2655 817 2737 superioribus
863 2659 1130 2724 saeculis
1171 2658 1462 2724 libertini
1505 2657 1887 2723 dicerentur
1930 2654 2056 2722 filii
2083 2655 2471 2720 libertorum
2504 2672 2562 2719 s.

354 2759 936 2824 manumissorum.
1006 2761 1284 2826 Poterat
1300 2762 1431 2827 boc
1461 2761 1724 2826 discere
1755 2758 2146 2833 Cl.,Sivrius
2177 2776 2269 2822 ex
2291 2757 2563 2823 Sueton.

354 2857 593 2925 Claud.
623 2863 730 2926 24.
823 2863 1004 2930 Hinc
1041 2864 1366 2932 Horatius
1397 2885 1487 2930 ex
1541 2884 1681 2930 suae
1735 2863 1956 2930 aetatis
2006 2879 2194 2930 more
2233 2861 2563 2942 ingenuus

355 2971 528 3041 erat,
560 2984 804 3046 parens
827 2968 977 3050 ejus
1021 2986 1151 3032 non
1191 2969 1368 3032 item.
1394 2966 1487 3032 V.
1525 2984 1570 3029 ι.
1602 2965 1743 3031 Sat.
1774 2966 1839 3030 6.
1869 2962 1933 3028 8.
1965 2972 2036 3028 et
2065 2962 2172 3028 21.
2235 2959 2342 3028 Cf.
2372 2960 2561 3028 Mas-

353 3067 503 3130 soni
533 3065 676 3131 Vit.
713 3067 885 3132 Hor.
924 3090 990 3152 p.
1021 3071 1088 3135 4.
1120 3089 1267 3154 sqq.
1356 3069 1644 3154 Oportet
1693 3075 1912 3136 tamen
1969 3066 2313 3139 Flaccum,
2364 3070 2559 3147 patre

342 3166 485 3250 jam
534 3170 846 3236 libertate
885 3173 1160 3252 donato,
1204 3184 1433 3238 natum
1485 3191 1676 3253 esse;
1721 3171 1894 3237 alias
1931 3169 2108 3236 enim
2155 3185 2287 3231 non
2326 3166 2562 3232 fuisset

352 3269 704 3352 ingenuus.

439 3371 733 3450 Patrem,
765 3375 959 3459 cujus
988 3395 1228 3442 nomen
1271 3378 1632 3459 ignoratur,
1682 3380 2070 3459 postquam,
2115 3375 2193 3434 ut
2232 3368 2559 3447 dicemus,

354 3473 648 3540 Romam
679 3490 1124 3566 concesserat,
1174 3489 1556 3544 coactorem
1604 3479 1842 3553 fuisse,
1896 3479 2165 3539 constat
2190 3479 2262 3540 et
2291 3490 2384 3536 ex
2410 3471 2558 3555 ejus

348 3575 536 3656 Vita,
566 3585 638 3641 et
665 3599 703 3642 e
738 3596 786 3641 1.
810 3580 954 3644 Sat.
982 3581 1049 3643 6.
1078 3583 1183 3645 85.
1276 3580 1357 3644 Id
1384 3580 1472 3644 ad
1506 3577 1869 3659 vectigalia
1896 3576 2031 3641 fere
2061 3574 2370 3647 referunt,
2401 3591 2555 3654 quae

351 3679 648 3763 coegerit
690 3702 812 3766 pro
862 3682 1265 3764 publicanis.
1357 3681 1488 3747 Sed
1530 3681 1667 3746 vid.
1717 3680 1882 3745 Not.
1921 3684 1948 3713 ⁸
1993 3675 2082 3741 ad
2115 3672 2260 3738 Vit.
2307 3671 2559 3738 Horat.

351 3782 939 3847 Salsamentarium
985 3784 1220 3861 fnisse,
1268 3785 1450 3849 ut'in
1481 3783 1647 3848 Vita
1698 3781 1937 3846 Horat.
1979 3777 2239 3851 dicitur,
2268 3773 2560 3839 Torren-

349 3886 485 3949 tius
513 3904 643 3950 non
678 3885 827 3949 vult
851 3885 1139 3962 credere,
1164 3885 1328 3968 quia
1357 3885 1500 3966 ipse
1530 3883 1602 3947 id
1626 3901 1760 3946 non
1789 3876 2341 3970 commemorarit.
2417 3875 2560 3942 Sed

348 3986 479 4051 hoc
525 3993 702 4052 certe
748 3987 1102 4051 infirmum.
1189 3985 1477 4051 Joannis
1508 3985 1617 4050 ·du
1667 3982 1914 4048 Hamel
1966 3988 2419 4046 commentum
2472 3978 2559 4048 do

352 4088 625 4155 Horatii
670 4102 864 4172 patre
914 4088 1157 4154 Flavio
1213 4089 1484 4166 Flacco,
1530 4085 1745 4152 nobili
1789 4090 1986 4168 gente
2043 4080 2335 4147 Pontica
2379 4087 2555 4158 orto,

350 4191 470 4270 ita,
502 4198 577 4257 ut
607 4198 913 4270 meretur,
942 4192 1226 4275 castigat
1261 4192 1686 4257 Sanadonus.
