3059 4909
1017 419 1120 468 An
1169 419 1584 471 cAnmumu
1638 422 1783 471 12113.
1841 424 1889 472 1.
2414 413 2545 479 245

1121 711 1635 780 EXGURSUS
1705 717 1795 782 V.

976 912 1078 965 AD
1114 914 1234 966 on.
1271 916 1500 968 xxxv,
1566 897 1660 969 νε.
1696 922 1774 968 ιτ.
1805 918 1926 983 sqq.

353 1102 529 1157 Locus
568 1111 782 1175 nuperis
816 1112 1039 1165 virorum
1075 1115 1345 1166 doctorum
1369 1115 1807 1180 disputationibus
1840 1115 2217 1178 nobilissimus3
2253 1116 2306 1165 in
2330 1129 2433 1179 quo
2454 1129 2546 1166 uos
2627 1182 2632 1188 .

349 1185 422 1234 ita
445 1188 493 1239 b.
518 1190 551 1240 l.
577 1193 913 1259 versabimur,
931 1201 991 1245 ut
1015 1194 1255 1260 primum,
1273 1210 1424 1260 quam
1443 1197 1494 1246 in
1513 1197 1822 1248 Observatt.
1845 1197 2106 1261 posuimus
2125 1197 2543 1267 explicationem,

351 1271 570 1333 amplius
591 1272 909 1325 illustremus
932 1283 988 1326 et
1009 1275 1390 1342 confirmemus,
1413 1278 1604 1330 deinde
1627 1279 1941 1344 attingamus
1959 1293 2117 1344 super
2138 1279 2251 1343 ipso
2271 1278 2388 1329 loco
2400 1278 2545 1328 Sum-

346 1364 548 1410 Jnorum
573 1354 885 1407 criticorum
899 1356 1122 1422 judicia.

350 1473 357 1484 .
415 1432 606 1499 ctam,
640 1451 824 1501 euneos,
859 1454 1047 1504 uncum,
1083 1439 1404 1504 liquidumque
1434 1441 1697 1505 plumbum,
1726 1439 1986 1490 firmitatis
2009 1446 2065 1489 et
2092 1438 2544 1503 immutabilitatis,

347 1512 504 1562 clavos
524 1521 580 1564 et
597 1531 765 1567 cuneos
786 1520 943 1569 etiam
969 1519 1228 1570 violentias
1252 1520 1482 1585 symbola
1499 1521 1722 1586 antiquis
1740 1519 1898 1571 fuisse
1912 1520 2148 1571 diximus.
2190 1520 2255 1569 Id
2274 1534 2363 1570 nos
2377 1532 2545 1569 sermo

348 1593 549 1657 priscus
572 1595 746 1649 docet.
790 1598 947 1664 Apud
968 1600 1241 1651 Platonem
1264 1600 1542 1664 (Phaedon.
1567 1616 1618 1665 p.
1643 1606 1725 1652 63.
1747 1601 2019 1666 Francof.)
2044 1615 2265 1667 quaeque
2289 1602 2546 1667 voluptas,

348 1675 567 1741 quisque
589 1677 739 1729 dolor
761 1678 778 1705 ‘
797 1681 996 1731 clavum
1014 1680 1029 1703 ’
1059 1681 1250 1732 babere
1271 1681 1480 1748 dicitur,
1502 1698 1606 1747 quo
1627 1683 1837 1748 corpori
1861 1686 2084 1733 animum
2107 1681 2306 1747 affigatz
2331 1682 2546 1744 ‘Endon-n

345 1755 488 1816 ἡδονὴ
510 1757 589 1808 καὶ
608 1759 754 1818 λύπη,
778 1761 934 1826 ὥσπερ
955 1758 1076 1820 ἧλον
1095 1760 1277 1825 ἔχουσα
1292 1765 1528 1826 προσηλοῖ
1543 1763 1691 1825 αὐτὴν
1704 1763 1912 1829 (ψυχὴν)
1930 1764 2047 1829 πρὸς
2063 1763 2123 1814 τὸ
2145 1762 2279 1825 σῶμα
2298 1763 2377 1813 καὶ
2397 1782 2545 1827 προσ-

346 1840 543 1903 περονᾷ,
580 1840 634 1890 h.
657 1856 706 1891 e.
738 1843 1024 1892 arctissime
1059 1843 1294 1893 annectit
1330 1858 1445 1893 eam
1477 1846 1702 1909 corpori,
1739 1845 1992 1910 impresso
2014 1860 2114 1896 non
2139 1844 2370 1895 evitabili
2393 1859 2547 1915 sensu

348 1933 546 1984 eornm,
581 1937 697 1987 quae
732 1925 785 1973 in
820 1939 1036 1988 corpore
1074 1925 1223 1975 finnt.
1286 1926 1515 1975 Eandem
1542 1927 1727 1976 animm
1747 1940 1866 1976 cum
1886 1940 2101 1992 corpore
2125 1926 2545 1989 conjunctionem

348 2002 396 2064 ἐξ
416 2002 631 2066 ἀνάγκης
652 2019 767 2057 esse
788 2007 995 2058 dixerat
1019 2008 1072 2057 in
1093 2008 1287 2058 Timoeo
1324 2023 1376 2072 p.
1403 2013 1547 2061 1⁰54.
1580 2009 1633 2058 in
1671 2024 1771 2075 quo
1808 2009 1991 2059 eodem
2031 2024 2085 2074 p.
2106 2013 2254 2060 1055.
2318 2007 2547 2070 Δαίμονος

347 2085 622 2137 inferiores
646 2090 879 2153 corporis
902 2091 1109 2140 humani
1142 2091 1423 2153 particulas
1446 2091 1696 2155 colligant
1718 2090 1938 2155 ἀοράτως
1955 2093 2146 2143 πυκνοῖς
2163 2090 2383 2154 γόμφοις,
2408 2089 2545 2156 quod

349 2169 458 2218 Cic.
484 2168 551 2218 de
573 2168 818 2223 Univers.
842 2177 921 2221 1⁸.
945 2172 1210 2222 transtulit
1232 2189 1245 2221 ε
1279 2172 1458 2222 crebris
1480 2177 1704 2236 tauquam
1723 2173 1927 2224 cuneolis
1945 2173 2154 2224 insertis.
2223 2172 2240 2199 ‘
2257 2173 2417 2223 Clavo
2440 2180 2545 2223 tra-

349 2249 451 2298 bali
484 2247 672 2315 figere’
703 2253 917 2317 antiquo
939 2267 1174 2314 sermone
1199 2255 1382 2304 Latino
1406 2263 1521 2306 erat
1544 2253 1745 2304 firmum
1767 2262 1823 2305 et
1845 2254 2162 2305 immutabile
2187 2253 2410 2306 efficere.
2476 2254 2543 2303 V.

346 2345 391 2380 c.
417 2331 529 2382 Cic.
550 2333 700 2384 Verr.
722 2347 774 2384 v·
796 2330 881 2385 21‘.
913 2336 929 2362 ‘
946 2337 1020 2385 Ut
1043 2337 1137 2385 boc
1171 2334 1480 2386 beneficium
1520 2336 1711 2386 trabali
1750 2336 1899 2385 clavo
1933 2334 2156 2400 figeret)
2224 2335 2438 2385 Petron.
2458 2338 2544 2384 86.

343 2413 358 2441 ‘
380 2411 554 2478 Nosti,
589 2414 726 2480 quod
760 2414 910 2464 simui
952 2415 1229 2472 destinavi,
1269 2417 1416 2465 clavo
1453 2414 1639 2465 trabali
1666 2414 1824 2465 fixum
1848 2416 1963 2465 est.’
2029 2418 2267 2466 Animum
2295 2415 2546 2465 Hectoris

343 2494 668 2559 indomitum,
702 2497 846 2564 cujus
888 2497 1147 2546 violentiae
1181 2498 1251 2546 nil
1278 2502 1453 2561 potest
1475 2497 1744 2556 resistere,
1778 2503 2047 2560 comparat
2072 2497 2221 2546 Paris
2241 2512 2325 2560 ap.
2350 2495 2545 2545 Home·
2569 2507 2580 2518 ·

344 2590 457 2625 rum
497 2591 615 2626 cum
647 2575 665 2603 ‘
683 2578 892 2643 securi,’
919 2579 1086 2627 omnia
1123 2585 1451 2642 penetrante,
1490 2578 1555 2627 11.
1578 2583 1628 2629 Γ.
1648 2581 1731 2627 60.
1751 2592 1864 2644 sqq.
1929 2578 2015 2630 De
2038 2578 2215 2639 liquido
2231 2577 2418 2640 plumbo
2440 2590 2546 2625 me·

344 2656 608 2707 morabilis
627 2659 774 2708 locus
796 2659 977 2722 Eurip.
993 2657 1244 2708 Androm.
1263 2662 1378 2708 265.
1406 2656 1588 2718 Κόθηο)
1611 2657 1789 2722 ἑδραῖοι,
1808 2657 1887 2706 καὶ
1905 2657 2001 2721 γὰρ
2020 2656 2062 2707 εἰ
2080 2656 2211 2721 πέριξ
2232 2657 2278 2706 ο·ρ
2300 2655 2405 2719 ἔχει
2422 2663 2545 2714 'rnn-

341 2737 428 2787 τδς
462 2737 713 2803 μόλυβδος,
747 2739 1047 2803 ἐξαναστήσω
1068 2740 1115 2790 0³
1138 2740 1251 2802 ἐγώ.
1320 2740 1449 2789 Tum
1473 2747 1528 2790 et
1552 2740 1617 2789 de
1645 2740 1760 2789 Fati
1782 2755 1824 2789 s.
1859 2738 2205 2789 Necessitatis
2239 2738 2290 2787 vi
2326 2746 2380 2798 et
2413 2739 2547 2787 inso-

345 2818 491 2869 lubili
516 2828 572 2871 et
594 2821 928 2887 insuperabili
948 2823 1074 2873 olavi
1090 2829 1145 2872 et
1163 2822 1300 2871 cunei
1317 2821 1459 2871 obvii
1474 2827 1594 2872 sunt
1618 2821 1667 2871 in
1694 2821 1866 2886 prisco
1891 2834 2125 2870 sermone
2147 2818 2376 2882 poetico.
2422 2819 2551 2868 Pin-

345 2901 459 2951 dar.
482 2903 644 2967 Pyth.
663 2911 726 2953 Δ.
749 2909 863 2956 126.
910 2904 992 2954 Τίς
1013 2902 1063 2954 δὲ
1082 2902 1293 2953 κίνδυνος
1312 2906 1565 2968 κρατεροῖςΔ
1580 2901 1847 2964 ἀδάμαντος
1868 2904 2012 2961 δῆσεν
2027 2899 2192 2961 ἅλοιςς
2217 2898 2451 2963 θέσφατον
2469 2897 2549 2961 ἦν,

345 3002 391 3034 κ.
414 3001 465 3033 τ.
487 2992 540 3033 λ.
612 2986 749 3042 Quod
770 3002 881 3036 vero
898 2987 1156 3050 perieulum
1179 2986 1353 3035 validis
1372 3001 1434 3036 ex
1454 2988 1704 3036 adamante
1726 2999 1816 3035 eos
1840 2980 2223 3050 (Argonautas)
2243 2982 2344 3032 sibi
2375 2981 2546 3045 alliga-

343 3066 416 3115 vit
437 3080 477 3116 s.
498 3068 657 3132 affixit
676 3066 856 3119 clavis?
889 3071 1014 3119 Erat
1035 3070 1084 3118 in
1095 3070 1245 3133 fotis,
1265 3070 1349 3131 85⁶.
1382 3069 1432 3119 h.
1452 3084 1501 3119 e.
1524 3083 1642 3133 quae.
1668 3067 1967 3118 Necessitas
1990 3080 2076 3116 eos
2101 3064 2165 3113 ad
2189 3064 2320 3114 banc
2345 3063 2546 3127 pericu-

344 3148 508 3197 losam
529 3149 912 3212 expeditionem
934 3148 1225 3200 faciendam
1250 3150 1300 3198 vi
1323 3148 1646 3200 ineluctabili
1672 3148 1880 3212 adegit?
1944 3146 2138 3196 Similis
2175 3144 2382 3194 Horatii
2403 3144 2545 3194 locus

348 3237 428 3279 est
453 3242 540 3279 ιιι.
567 3229 670 3279 od.
693 3235 776 3280 24.
797 3236 846 3281 5.

412 3312 647 3360 Fuerunt
670 3313 823 3362 multi
849 3312 1033 3377 intpp.
1057 3314 1146 3379 qui
1170 3312 1235 3362 ad
1258 3312 1629 3377 suppliciorum
1652 3310 1934 3375 cruciatus,
1952 3327 1994 3361 s.
2011 3313 2272 3360 tormenta
2288 3304 2549 3356 referrent

343 3394 704 3449 instrumenta,
739 3408 855 3458 quae
902 3401 1074 3458 gestat
1110 3396 1432 3446 Necessitas.
1499 3395 1671 3444 Clooos
1700 3393 1906 3442 trabales
1942 3392 2089 3441 aiunt
2121 3404 2237 3439 esse
2273 3390 2474 3450 σφῆνας,
2504 3401 2550 3436 s.

343 3474 576 3540 γόμφους,
615 3477 702 3541 qui
738 3491 834 3541 per
874 3490 1063 3540 corpus
1101 3475 1456 3527 damnatorum
1496 3475 1690 3534 adacti,
1726 3474 1809 3523 vel
1848 3473 2032 3538 quibus
2066 3471 2206 3521 cruci
2241 3467 2381 3518 affixi
2406 3468 2546 3516 siut:

344 3559 503 3608 συνιεὶς
527 3557 759 3607 Caucaso
781 3556 988 3607 affixum
1012 3572 1126 3607 esse
1149 3557 1515 3608 Prometheum
1540 3556 1680 3623 (Cic.
1714 3555 1922 3606 Tuscul.
1948 3567 2014 3604 ιι.
2036 3551 2144 3616 9.):
2177 3565 2313 3605 mo.
2349 3545 2551 3611 gutturi

347 3637 528 3694 infixo,
553 3645 747 3689 tractos
770 3653 886 3689 esse
907 3645 1156 3689 nocentes
1178 3640 1229 3688 in
1252 3640 1444 3702 ignem,
1466 3639 1534 3688 ad
1559 3638 1725 3688 scalas
1761 3637 2042 3700 gemonias,
2069 3636 2119 3681 in
2141 3630 2389 3691 Tiberim,
2410 3629 2550 3692 (Cic.

347 3734 441 3782 pro
474 3719 532 3769 C.
560 3719 734 3769 Rabir.
757 3724 840 3770 16.
881 3720 1113 3784 Philipp.
1136 3735 1176 3769 1.
1199 3725 1248 3770 2.
1280 3719 1523 3771 Juvenal.
1549 3733 1590 3769 1.
1616 3723 1730 3768 156.
1767 3716 1893 3778 &c.)
1926 3714 2175 3777 liquefacto
2211 3710 2398 3774 plumbo
2434 3723 2550 3758 reos

346 3814 455 3849 esse
482 3801 704 3864 punitos.
760 3800 862 3850 Sed
885 3802 982 3850 hoc
1006 3793 1241 3849 ultimum
1263 3815 1365 3849 non
1390 3800 1488 3850 nisi
1513 3814 1580 3849 ex
1602 3797 1812 3848 Acrone
1834 3802 1890 3844 et
1909 3791 2300 3856 Martyrologiis
2323 3797 2550 3853 sumunt,

350 3881 530 3931 Romae
554 3883 798 3931 usitatum
821 3881 1132 3946 supplicium
1155 3879 1336 3945 fuisse,
1373 3894 1474 3929 non
1516 3884 1734 3943 possunt
1772 3875 2087 3936 ostendere;
2120 3868 2552 3937 quemadmodum

349 3970 405 4013 et
424 3962 551 4012 illud
577 3963 641 4012 de
662 3962 839 4014 cuneis
863 3962 1165 4013 Promethei
1192 3961 1345 4026 paulo
1366 3960 1525 4011 altius
1549 3965 1631 4009 est
1652 3958 1969 4022 repetitum;
2000 3968 2112 4020 quoe
2138 3968 2223 4003 res
2237 3952 2351 4016 jam
2376 3952 2552 3999 admo-
2633 3981 2640 3990 -

352 4043 468 4093 dnm
494 4050 786 4107 suspectam
811 4044 942 4092 banc
964 4043 1368 4108 explicationem
1386 4042 1582 4092 reddit.
1647 4038 1952 4090 Sanadonus
1972 4051 2086 4086 eam
2110 4035 2304 4098 accipit
2322 4031 2552 4097 quidem,

351 4124 441 4174 sed
479 4137 691 4189 gravem
715 4125 1168 4189 reprehensionem
1195 4123 1365 4187 poetas
1399 4121 1580 4172 addit:
1616 4122 1632 4150 ⁴
1650 4119 1719 4171 Je
1763 4134 1827 4169 ne
1869 4118 1984 4183 puis
2020 4113 2258 4177 souffrir‚'
2294 4110 2552 4176 inquiens,

351 4203 368 4230 ‘
390 4210 476 4255 cet
499 4204 697 4255 attirail
721 4204 1032 4268 patibulaire
1055 4204 1125 4254 do
1143 4205 1304 4268 clous,
1327 4202 1396 4253 de
1417 4202 1581 4267 coins,
1605 4201 1671 4252 de
1694 4214 1842 4252 crocs
1866 4206 1924 4250 et
1946 4199 2012 4249 de
2034 4195 2207 4263 plomb
2225 4192 2404 4244 fundu.
2443 4189 2554 4242 J’ai

352 4298 441 4336 cru
466 4300 527 4335 en
552 4285 736 4337 devoir
760 4283 1049 4350 decharger
1070 4285 1122 4335 la
1145 4284 1463 4349 traduction,
1482 4299 1548 4335 en
1570 4282 1885 4334 substituant
1905 4280 1979 4329 les
2002 4276 2144 4326 idees
2167 4272 2431 4339 generales
2451 4283 2554 4320 aux
