3059 4909
499 414 629 479 294

1221 431 1660 495 Q.HORA'1·11
1712 431 2020 483 rnacct

2149 520 2170 555 Ι

845 538 1175 645 Manent
1154 599 1229 644 ιιι
1259 578 1458 691 agros
1478 552 1651 696 ,naut
1678 598 1861 647 mare
1892 579 2222 666 Caspium

930 654 1207 749 Vexant
1233 662 1610 801 inaequales
1638 652 2009 795 procellae
2055 740 2060 745 .

1018 762 1292 871 Usque;
1337 805 1457 852 nec
1489 760 1880 853 Armeniis
1860 806 1931 852 m
1960 752 2121 866 oris,

843 887 1081 954 Amice
1109 873 1333 975 Valgi,
1364 894 1500 956 stat
1526 890 1827 974 glacies
1807 910 1991 956 iners
2655 891 2699 956 5

846 991 1117 1058 Menses
1146 1010 1264 1077 per
1294 1011 1562 1076 omneS,
1543 1013 1560 1031 ·
1608 1000 1728 1060 aut
1757 991 2179 1078 aquilonibus

498 1179 797 1240 ἰαιιρσεὲαιεε
816 1177 1006 1237 agitant
1027 1191 1207 1240 semper
1225 1191 1354 1228 mure
1376 1175 1636 1240 Caspium:
1651 1189 1737 1226 nec
1742 1190 1831 1239 per
1842 1191 2021 1225 menses
2033 1175 2245 1236 singulm
2264 1174 2458 1238 pigrum
2468 1172 2581 1249 gela
2601 1185 2697 1220 ma·

499 1248 581 1291 net
604 1241 657 1290 iu
677 1241 922 1293 Armenioe
939 1242 1242 1306 regionibus3
1271 1257 1356 1294 nec
1381 1242 1605 1304 Gargani
1624 1255 1822 1306 quercus
1841 1247 2075 1292 vexantur
2096 1241 2384 1305 septemtrio

1402 1368 1768 1391 “mem

500 1455 531 1501 4
561 1452 793 1516 ‘euni-ig.
819 1469 966 1518 aeque
985 1454 1256 1513 Antoniis,-
1288 1451 1356 1504 du
1394 1452 1586 1503 Hamel
1629 1450 1835 1501 emend.
1871 1451 2146 1502 AEmoniis‘
2126 1467 2179 1501 ιιι
2199 1452 2319 1513 oris,
2354 1451 2387 1500 i.
2410 1465 2456 1501 e.
2479 1448 2694 1498 Thessa-

497 1517 580 1575 lis,
604 1518 724 1583 quia
747 1517 996 1568 Armenia
1019 1521 1087 1568 sit
1110 1521 1252 1582 regio
1276 1518 1604 1569 calidissima.

1665 1515 1852 1566 ‘'Sed
1829 1532 1951 1581 Jure
1982 1517 2283 1567 Sanadouus
2318 1523 2421 1566 tam
2444 1515 2690 1564 audacem

497 1592 867 1644 corrmectorem
892 1583 1107 1634 Parisiis
1143 1586 1195 1634 in
1231 1598 1409 1634 museo
1444 1598 1538 1632 suo
1561 1582 1857 1632 Armeniam
1896 1596 1952 1631 se
1990 1583 2171 1631 melius
2218 1596 2369 1631 nosse
2405 1587 2691 1655 putantem,

497 1660 670 1709 quam,
708 1649 795 1710 qui
830 1649 901 1698 ibi
936 1648 1168 1709 fuerunt,
1201 1650 1384 1700 doctos
1418 1648 1574 1708 viros,
1613 1647 1808 1698 acriter
1844 1646 2159 1710 castigavit!
2190 1647 2329 1697 Jaai.
2331 1653 2426 1694 —6
2465 1646 2512 1693 0
2549 1643 2694 1693 amice

504 1711 644 1774 Vulgi
666 1714 810 1776 Lips.
834 1718 882 1763 3.
952 1713 1214 1764 Omnino
1201 1728 1254 1763 ιιι
1279 1713 1452 1764 multis
1467 1683 1623 1764 codd.
1653 1712 1860 1778 quoties
1885 1713 2152 1763 vocativus
2174 1712 2225 1761 in
2251 1717 2501 1761 contextu
2523 1702 2624 1771 eit,
2643 1708 2690 1756 ei

494 1777 947 1843 superappositum
970 1785 1051 1830 est
1069 1796 1097 1828 o
1120 1795 1150 1829 a
1173 1778 1544 1842 Grammatico,
1563 1778 1697 1843 quod
1722 1785 1908 1843 postea
1936 1778 2143 1843 ineptus
2167 1775 2408 1828 librarius
2431 1775 2691 1827 interdum

1490 1927 1714 2003 Νοτιε-

490 2023 633 2074 lioris
647 2029 787 2075 notae
803 2025 1010 2077 vatibus
1025 2031 1269 2078 accenset
1291 2040 1331 2078 ι.
1344 2026 1458 2077 Sat.
1478 2031 1558 2079 lo.

490 2103 575 2149 81.
614 2100 629 2127 ‘
655 2101 881 2160 Plotius,
928 2111 985 2152 et
1021 2103 1231 2168 Varius,
1269 2105 1556 2164 Maeceuas,

490 2175 860 2241 virgiliusque,
881 2178 1113 2243 Valgius,
1141 2187 1199 2231 et
1230 2181 1415 2246 probet
1439 2181 1556 2232 baec

492 2249 745 2302 Octavius
772 2254 1017 2320 optimus,
1047 2265 1205 2322 atque
1240 2259 1458 2321 Fuscus,
1495 2263 1555 2308 et

489 2325 606 2377 haec
643 2329 845 2379 utinam
886 2329 1158 2383 Viscorum
1199 2334 1377 2385 laudet
1410 2341 1553 2385 uter-

491 2403 632 2468 que.’
693 2405 922 2458 Tibullus
944 2424 1146 2476 quoque
1180 2424 1297 2462 eum
1320 2413 1395 2462 ita
1415 2422 1551 2464 com·

490 2480 704 2533 mendat
725 2496 802 2533 tv.
827 2487 876 2535 1.
902 2489 1017 2537 1⁷9.
1046 2489 1062 2517 ‘
1085 2488 1185 2540 Est
1203 2489 1301 2540 tibi
1322 2489 1410 2556 qui
1432 2505 1552 2555 pos·

488 2557 558 2607 sit
596 2561 795 2624 magnis
835 2576 893 2613 se
926 2564 1201 2630 accingere
1232 2566 1387 2618 rebus
1423 2568 1551 2618 Val-

488 2635 634 2699 gius:
670 2645 869 2692 aeterno
890 2642 1106 2706 propior
1132 2658 1236 2694 non
1272 2644 1409 2696 alter
1440 2644 1550 2696 Ho-

486 2712 669 2763 mero!
743 2714 1080 2769 Consularem
1121 2720 1284 2771 virum
1322 2720 1552 2786 produnt

489 2789 670 2854 aliqui,
693 2793 828 2858 quod
851 2808 955 2845 non
976 2796 1054 2847 ita
1067 2805 1265 2848 certum
1290 2805 1405 2849 est:
1445 2799 1549 2850 Ro·

486 2878 586 2914 mae
604 2881 726 2917 vero
745 2866 904 2922 fuisse
918 2871 1005 2937 huj
1013 2886 1069 2922 us
1086 2874 1302 2925 nominis
1313 2874 1553 2926 illustres

486 2951 694 2994 constat
728 2947 810 2996 vel
842 2963 909 2998 ex
940 2950 1230 3001 comment.
1261 2951 1351 3002 lib.
1371 2965 1450 3003 vr.
1483 2954 1551 3003 de

488 3018 642 3069 Bello
665 3021 829 3084 civili,
853 3037 945 3073 seu
964 3025 1055 3075 lib.
1069 3040 1149 3078 vr.
1172 3026 1239 3077 de
1257 3028 1411 3080 Bello
1427 3028 1552 3080 His-

484 3097 743 3160 paniensi,
764 3098 852 3148 ubi
885 3100 961 3151 sic
999 3101 1220 3153 babetur
1238 3122 1255 3155 ι
1296 3107 1314 3135 ‘
1338 3106 1405 3158 A.
1428 3108 1553 3157 Val-

490 3172 603 3236 gius
637 3173 902 3225 Senatoris
933 3175 1087 3241 filius,
1122 3180 1274 3245 cujus
1307 3181 1473 3234 frater
1495 3184 1550 3243 in

482 3249 674 3300 castris
696 3250 937 3317 Pompeii
957 3253 1185 3322 fuisset,’
1202 3263 1304 3309 &c.
1343 3261 1407 3312 T.
1424 3261 1551 3311 Val-

484 3325 557 3390 gii
577 3329 799 3379 carmina
819 3332 1057 3396 quaedam
1085 3333 1239 3388 affert
1261 3338 1473 3389 Servius
1491 3338 1548 3388 in

481 3403 686 3455 AEneid.
734 3407 748 3433 ‘
773 3407 876 3458 Sed
906 3425 1001 3460 nos
1035 3420 1160 3463 ante
1181 3429 1353 3465 casam
1379 3415 1549 3479 tepidi

482 3481 739 3546 mulgaria
771 3484 923 3536 lactis
954 3488 1025 3539 Et
1058 3489 1225 3540 sinum
1249 3491 1354 3541 vini
1375 3480 1546 3542 &ssa-

480 3571 596 3607 mus
632 3557 852 3611 fundere
880 3563 1127 3616 Baccho?
1191 3566 1441 3630 Isidorus,
1476 3582 1545 3618 ex

482 3633 836 3690 Annotatione
869 3642 1006 3705 Lini,
1042 3645 1152 3694 haec
1184 3645 1345 3695 etiam
1377 3645 1546 3696 citat:

481 3712 500 3741 ‘
523 3712 630 3762 Hic
651 3727 766 3765 mea
791 3732 874 3768 me
895 3719 1053 3784 longo
1074 3722 1365 3773 succedens
1387 3737 1548 3787 prora

482 3790 711 3841 remulco
757 3794 1053 3848 Lactantem
1096 3798 1259 3862 gratis
1301 3800 1441 3851 sistit
1489 3800 1546 3850 in

476 3865 754 3930 hospitiis!

546 3946 573 3992 1
612 3944 728 3994 Noa
763 3961 945 4011 semper
980 3950 1174 4014 imbres]
1211 3950 1349 4002 Vide
1387 3950 1545 4003 Ovid.

480 4034 546 4071 ex
580 4019 756 4075 Ponto
790 4037 867 4074 tv.
905 4031 955 4075 4.
994 4027 1230 4090 Hispidos
1263 4044 1425 4093 agros,
1459 4030 1545 4083 uel

477 4096 639 4159 spicis
662 4112 724 4148 ac
748 4097 981 4163 frugibus
1004 4105 1219 4154 maturis
1237 4102 1467 4171 hispidos
1491 4113 1544 4157 et

477 4172 738 4235 hirsutos3
779 4178 861 4226 vel
897 4179 1086 4243 potius,
1119 4180 1312 4245 hyemis
1349 4185 1541 4247 asperi·

478 4254 591 4298 tate
630 4249 868 4300 horridos
915 4267 977 4302 ac
1021 4253 1302 4307 deformes.
1380 4257 1542 4310 ovid.

478 4321 615 4372 Met.
636 4336 701 4374 11.
723 4328 805 4375 80.
842 4328 858 4355 ‘
885 4328 955 4379 Et
975 4330 1208 4398 glacialis
1228 4334 1428 4397 Hyems
1455 4349 1541 4393 ca-

1634 2039 1728 2075 nos
1749 2024 1943 2076 hirsuta
1964 2022 2214 2089 capillos?

1700 2105 1733 2151 2
1768 2102 1909 2155 Mare
1947 2099 2199 2165 Caspium]
2237 2097 2357 2149 Hoc
2397 2101 2452 2148 et
2489 2094 2693 2162 Hyrca-

1635 2193 1757 2229 num
1812 2179 2006 2230 dicitur
2051 2178 2116 2229 ab
2160 2175 2433 2243 Hyrcania
2483 2176 2693 2239 regione

1636 2256 1894 2322 proxima,
1913 2271 2068 2322 quam
2092 2255 2255 2318 alluit,
2277 2261 2335 2305 ut
2362 2250 2696 2315 eruedinum,

1636 2330 1927 2397 Albaniam,
1980 2332 2319 2396 Margianam,
2363 2329 2700 2395 Sogdianam,

1632 2409 1914 2473 Scythiam.
1982 2408 2155 2460 Hodie
2189 2423 2290 2458 mer
2328 2410 2386 2457 cle
2425 2407 2564 2472 Sala,
2592 2407 2694 2468 vel,

1629 2498 1731 2537 mer
1760 2489 1820 2537 de
1842 2488 2023 2549 Bacca,
2060 2489 2142 2550 850:-
2208 2484 2327 2535 Hoc
2368 2486 2385 2513 ‘
2408 2497 2603 2533 saevum
2639 2489 2695 2533 et

1627 2564 1873 2629 procellis
1908 2563 2139 2629 undique
2175 2561 2470 2627 expositum
2498 2559 2514 2583 '
2551 2560 2697 2611 Mela

1633 2637 1830 2691 refertz
1865 2644 1921 2690 et
1952 2639 2170 2704 proinde
2201 2636 2451 2688 nominari
2487 2636 2696 2702 potissi-

1632 2731 1769 2767 mum
1794 2716 1875 2766 bic
1898 2715 2112 2766 dixeris.
2164 2714 2237 2765 At
2271 2714 2443 2779 potins
2479 2712 2693 2763 adverte

1632 2792 1993 2858 conglobatam
2013 2790 2227 2854 figuram
2261 2789 2459 2854 speciei
2488 2803 2585 2854 pro
2607 2802 2696 2853 ge·

1630 2883 1775 2934 nere,
1800 2884 1929 2918 mars
1954 2868 2197 2932 Caspium,
2229 2865 2472 2918 Armeniis
2501 2866 2556 2915 ia
2579 2862 2693 2928 oris,

1629 2947 1940 3012 Aquilonibus
1960 2951 2179 3010 querceta
2195 2943 2438 3006 Gargani,
2453 2942 2580 3005 orni,
2600 2956 2694 3007 pre

1630 3024 1867 3089 quolibet
1900 3022 2051 3086 mari,
2081 3020 2291 3072 Boreali
2321 3027 2483 3083 terra,
2520 3026 2695 3078 vento,

1631 3100 1798 3165 sylva,
1820 3099 2025 3161 arbore,
2062 3104 2267 3148 monte:
2318 3110 2420 3161 quo
2451 3109 2558 3147 non
2590 3110 2696 3146 me-

1631 3176 1819 3227 diocris
1844 3176 2069 3227 Carmini
2092 3182 2332 3225 venustas
2353 3180 2410 3223 et
2436 3172 2693 3236 elegantia

1631 3261 1980 3321 comparatur.

1694 3336 1724 3382 8
1745 3333 2013 3396 Iuoequales
2028 3330 2271 3396 procellae]
2295 3327 2561 3392 luaequale
2578 3286 2692 3378 red-

1628 3410 1813 3461 dentes
1845 3425 2041 3475 oequor,
2072 3424 2164 3460 seu
2198 3421 2337 3458 mare
2361 3411 2521 3456 antea
2543 3419 2691 3470 paca·

1629 3495 1739 3539 tum
1766 3489 2059 3550 turbantes,
2078 3484 2369 3550 fluctusque
2391 3483 2565 3534 varios
2587 3495 2689 3532 mo·

1626 3566 1695 3617 do
1717 3566 1987 3631 tollentes,
2006 3563 2162 3619 modo
2183 3560 2561 3627 deprimentes.

1633 3648 1647 3656 ”
1690 3648 1724 3692 4
1756 3641 2008 3692 Armeniis
2038 3640 2092 3691 in
2118 3638 2239 3702 oris]
2272 3637 2405 3687 Haec
2428 3634 2572 3684 Asiae
2609 3646 2684 3683 re-

1626 3719 1711 3784 gio
1735 3718 2055 3782 duplex-est,
2087 3721 2306 3780 utraque
2326 3712 2509 3762 Turcis
2532 3710 2681 3761 modo

1627 3801 1810 3861 paren
1833 3794 2027 3858 Major,
2042 3808 2158 3858 quae
2177 3789 2331 3841 bodie
2352 3789 2615 3838 Can-distas
2630 3792 2683 3836 et

1631 3872 1959 3932 Thr-comunis,
2006 3876 2063 3920 et
2108 3867 2303 3929 Minor,
2351 3880 2468 3929 quae
2503 3862 2680 3914 Aiada-

1623 3951 1692 4001 lia
1729 3955 1966 3999 vocatur.
2031 3945 2182 3996 Inter
2221 3943 2428 3994 Montes
2455 3942 2679 3992 Taurum

1625 4035 1680 4079 et
1703 4028 1993 4077 Caucasum
2016 4023 2116 4073 sita
2136 4027 2235 4072 est.

1686 4109 1716 4153 6
1746 4101 1940 4152 Glacies
1957 4100 2113 4164 iners]
2137 4098 2286 4162 Aqua
2306 4094 2543 4145 nimirum
2566 4107 2677 4144 cou-

1624 4180 1800 4244 gelata
1834 4192 2040 4228 cursum
2079 4189 2181 4224 non
2211 4172 2398 4223 babet:
2437 4171 2520 4222 vel
2542 4169 2672 4238 quod

1623 4257 1797 4322 pigros
1821 4262 1876 4305 et
1899 4253 2106 4304 inutiles
2128 4263 2282 4315 agros
2306 4246 2488 4298 faciat.
