3059 4909
1058 422 1471 473 canturium
1525 424 1668 475 ιιι.
1717 423 1831 474 ιιι.
1873 407 1985 474 30.

741 565 973 644 Dicar,
999 585 1134 649 qua
1163 567 1428 635 violens
1452 568 1787 652 obstrepit
1815 567 2122 647 Aufidus,

2461 409 2595 475 53⁷

2508 570 2595 636 10

737 667 827 733 Et
852 688 988 753 qua
1015 689 1276 753 pauper
1304 690 1502 754 aquae
1524 672 1816 742 Daunus
1845 671 2205 753 agrestium

735 767 1080 853 Regnavit
1108 773 1534 857 populorum,
1559 792 1647 841 ex
1676 773 1907 839 humili
1938 778 2201 857 potens,

392 951 678 1014 Capitolium
721 969 827 1006 cum
869 955 1028 1006 silenti
1067 958 1271 1019 virgine.

1382 956 1671 1020 Ubicumque
1713 958 1907 1020 rapidus
1944 937 2150 1023 Aufidus
2184 962 2471 1015 murmurat,
2510 958 2587 1007 vel

384 1014 586 1066 Daunus
616 1033 848 1082 aquarum
878 1034 1020 1084 egens
1054 1022 1246 1072 rusticis
1276 1022 1503 1085 gentibus
1535 1022 1804 1072 dominatus
1834 1026 1924 1085 est,
1959 1035 2048 1083 ego
2081 1022 2235 1072 clarus
2267 1036 2292 1071 e
2325 1022 2461 1071 tenui
2492 1037 2589 1071 me-

1309 1163 1673 1186 ΝΜΟΟΟ

380 1240 673 1305 Aquam—4
699 1243 847 1297 Harl.
866 1250 914 1295 6.
938 1246 1104 1297 Possit
1118 1240 1440 1297 diluere—li

1479 1255 1495 1278 ‘
1513 1249 1646 1299 Sivr.
1672 1249 1735 1298 Et
1750 1264 1845 1313 qua
1859 1262 2059 1312 pauper,
2076 1262 2211 1312 aquoe
2228 1283 2241 1300 .
2254 1280 2270 1297 .
2282 1281 2297 1297 .
2306 1249 2583 1311 populorum

380 1320 444 1354 ex
475 1307 660 1365 humili,
688 1316 890 1371 puteum
921 1319 977 1361 et
1009 1314 1150 1376 expl.
1184 1314 1200 1341 ‘
1225 1313 1342 1365 Qua
1372 1327 1573 1378 pauper
1600 1315 1813 1363 Dauum
1850 1314 2104 1375 regnavit,
2136 1313 2375 1376 regnavit
2405 1320 2581 1362 autem

381 1384 449 1419 ex
470 1371 668 1434 humili,
683 1382 867 1438 potens
890 1376 1084 1439 qnippe
1102 1377 1361 1427 duntaxat
1381 1385 1497 1428 erat
1513 1393 1662 1444 aquae
1681 1378 1959 1443 agrestium
1978 1379 2304 1442 populorum,
2329 1377 2451 1426 dum
2467 1376 2583 1427 fon·

379 1434 522 1485 tibus
548 1440 743 1500 potitus
761 1439 909 1493 erat!
947 1442 1091 1492 Nihil
1112 1441 1248 1493 addo
1270 1442 1544 1508 equidem?
1569 1443 1843 1495 ‹rann-12

1877 1443 2127 1506 Regnator
2148 1442 2297 1493 Harl.
2319 1445 2366 1492 1.
2388 1445 2437 1493 2.
2458 1446 2508 1492 4.
2531 1447 2584 1492 6.

378 1503 430 1551 6.
457 1508 512 1551 et
532 1502 655 1552 Vet.
681 1504 866 1554 Comb.
897 1512 913 1537 ί
937 1506 1187 1568 Regnator
1206 1521 1330 1565 non,
1365 1515 1423 1557 nt
1459 1516 1613 1572 putat
1645 1509 1783 1560 Sivr.
1820 1523 1885 1557 ex
1927 1507 2291 1557 emendatione
2328 1507 2582 1571 Stephani

379 1572 478 1630 est,
499 1566 592 1618 sed
614 1568 690 1617 sie
707 1569 824 1621 libri
846 1585 1023 1622 omnes
1048 1571 1229 1622 Lamb.
1247 1573 1487 1623 Torreat.
1513 1572 1687 1623 Pulm.
1711 1573 1946 1641 plerique
1969 1572 2319 1637 Cruq.Bentl.
2343 1571 2505 1622 Gesu.
2524 1579 2584 1622 et

372 1632 564 1692 nostri,
582 1632 685 1682 duo
708 1635 910 1686 Bersm.
934 1643 990 1686 et
1014 1637 1197 1700 priscae
1215 1636 1370 1689 editt.
1402 1642 1460 1687 ut
1481 1638 1700 1689 Locher.
1724 1638 1938 1688 Venett.
1961 1637 2084 1687 item
2112 1636 2230 1687 Aac.
2261 1637 2437 1687 Basili.
2460 1638 2582 1689 Mu·

376 1703 480 1747 ret.
499 1696 649 1746 Brut.
676 1700 856 1762 Steph.
878 1701 1036 1763 Rutg.
1053 1705 1155 1751 διο.
1221 1702 1464 1764 Regnavit
1485 1700 1615 1752 Aer.
1633 1703 1928 1752 Commeat.
1962 1701 2051 1751 Cr.
2073 1702 2183 1751 Por
2222 1702 2338 1765 hyr.
2363 1701 2478 1766 (qui
2502 1700 2582 1750 di-

377 1768 550 1811 serte:
584 1764 600 1791 ‘
620 1760 938 1814 Annotanda
960 1767 1209 1827 elocutio,
1231 1781 1348 1842 qnae
1385 1781 1479 1844 per
1511 1766 1800 1829 genitivum
1822 1766 2045 1831 figurata
2066 1765 2183 1817 est!
2242 1773 2297 1815 et
2327 1765 2478 1815 Serv.
2512 1765 2580 1815 ad

374 1824 491 1873 AEn.
513 1838 592 1876 ιι.
621 1831 733 1876 126.
758 1835 812 1878 et
832 1833 951 1880 280.
987 1831 1376 1894 antiquissimus
1396 1832 1482 1881 ille
1508 1831 1751 1881 Blandiu.
1785 1838 1841 1882 et
1858 1833 1953 1881 sil.
1974 1831 2134 1896 Cruq.
2153 1844 2267 1880 sine
2290 1830 2468 1890 litura,
2491 1829 2579 1879 alii

375 1888 479 1940 duo
513 1891 735 1945 Blandd.
756 1908 873 1943 cum
912 1895 1089 1959 litura,
1112 1895 1390 1947 Pulmanni
1423 1896 1697 1951 Gemblao·
1722 1903 1769 1947 1.
1787 1911 1901 1965 ,pro
1926 1909 2034 1948 var.
2073 1897 2199 1945 lect.
2225 1895 2405 1947 Bentl-
2428 1894 2582 1946 Leia.

374 1952 562 2019 Regin.
586 1970 618 2005 a
639 1972 707 2007 ιιι.
743 1972 821 2022 pr.
848 1965 902 2007 et
925 1959 1043 2009 Gal.
1074 1960 1299 2010 Mentel.
1327 1960 1470 2023 Lips.
1494 1965 1543 2010 1.
1583 1976 1615 2011 a
1648 1975 1716 2010 m.
1746 1976 1824 2025 pr.
1858 1961 2021 2010 Basil.
2041 1963 2184 2010 1555.
2214 1960 2395 2009 Lamb.
2431 1960 2579 2009 Torr.

375 2020 538 2085 Cruq.
566 2022 774 2072 Fabric.
796 2023 976 2075 Heius.
1003 2025 1130 2074 Fal».
1152 2026 1347 2075 Dacer.
1384 2026 1560 2075 Bentl.
1583 2025 1714 2079 Cun.
1743 2027 1866 2077 San.
1887 2026 2012 2077 Jon.
2046 2032 2102 2079 et
2120 2024 2252 2075 Sivr.
2319 2022 2580 2089 Apparet,

372 2098 490 2134 ease
512 2087 644 2137 lianc
667 2088 890 2151 priscam
914 2097 968 2139 et
987 2104 1160 2140 veram
1179 2091 1479 2152 lectionem,
1494 2097 1614 2156 post
1635 2090 1771 2139 haud
1795 2090 1972 2151 dubie,
1994 2090 2060 2140 ob
2081 2088 2408 2139 insolentiam
2430 2088 2582 2138 Grae·

375 2149 540 2211 citui,
564 2167 595 2201 a
616 2152 983 2204 Grammaticis
1008 2156 1060 2204 in
1083 2156 1277 2218 Regnat

1278 2170 1330 2204 or
1354 2163 1619 2206 mutatam.
1685 2157 1816 2208 Vult
1845 2156 1979 2205 hanc
2015 2154 2362 2218 corruptelam
2398 2151 2580 2202 defen-

373 2214 503 2269 dere
533 2218 728 2296 Klotz..
745 2220 920 2275 Lectt·
950 2221 1149 2275 Venus.
1172 2236 1224 2284 p.
1246 2224 1360 2270 341.
1383 2236 1415 2273 e
1438 2221 1583 2284 Virg-
1608 2218 1725 2273 ὢν.
1750 2234 1879 2273 vm.
1898 2225 1981 2272 77.
1997 2234 2173 2273 verum
2188 2219 2263 2296 ibi
2295 2221 2312 2248 ⁴
2332 2224 2580 2281 regnator

375 2295 624 2359 &querum
642 2287 657 2310 ’
679 2285 869 2337 dicitur
902 2283 1109 2347 fluvius,
1142 2300 1245 2335 non
1274 2289 1290 2314 ⁸
1312 2287 1658 2349 populorum.’
1718 2287 1849 2337 Turn
1894 2286 2100 2337 omniuo
2119 2282 2321 2361 'fluvius
2358 2283 2576 2335 Daunus

374 2346 502 2399 nihil
527 2354 628 2412 est,
645 2363 760 2411 nec,
778 2351 821 2403 si
844 2357 984 2400 esset
1008 2351 1224 2417 aliquid,
1249 2358 1444 2413 posset,
1463 2351 1601 2417 quod
1624 2352 1738 2416 ipse
1767 2352 2003 2403 Klotzius
2029 2350 2178 2410 vidit,
2198 2351 2214 2377 ‘
2235 2351 2544 2413 obstrepere
2561 2345 2579 2371 ’

374 2408 498 2469 dici,
550 2414 603 2464 ui
621 2419 846 2479 ‘pauper
869 2415 1057 2479 aquae!
1122 2415 1277 2468 Quod
1312 2416 1327 2443 ‘
1348 2415 1598 2480 regnare’
1621 2431 1737 2467 cum
1773 2417 2002 2485 genitivo
2026 2428 2270 2479 nusquam
2292 2414 2414 2463 alias
2447 2411 2576 2476 legi·

372 2481 479 2539 tur,
547 2493 576 2526 e
617 2493 681 2528 eo
722 2479 775 2528 in
810 2479 1051 2543 Horatio,

380 2540 624 2604 Regnavit
657 2543 804 2594 Harl.
829 2548 879 2594 8.
902 2545 1072 2597 Bond.

1129 2481 1182 2529 ni
1217 2481 1377 2530 multa
1415 2482 1600 2531 similia
1643 2480 1819 2540 habet,
1861 2496 1961 2530 non
2003 2476 2404 2543 trepidandum?
2434 2472 2575 2527 dani.

1148 2545 1287 2610 elph.
1315 2546 1583 2598 Schrevel.
1608 2548 1767 2598 Baxt.
1788 2547 1949 2596 Gesn.
1988 2545 2153 2596 Zeun.
2186 2543 2399 2608 OE'albot,
2420 2542 2576 2600 Pine,

1322 2650 1331 2657 ’
1371 2673 1587 2727 Nora:

372 2768 728 2834 operabuntur
762 2770 944 2834 sacris,
977 2778 1334 2837 aeternumque
1361 2772 1435 2837 ig·

373 2861 492 2896 nem
517 2846 786 2897 fovebunt.
822 2847 1022 2899 Quibus
1044 2848 1282 2897 omnibus
1307 2855 1435 2901 tem·

371 2923 514 2988 poris
556 2924 951 2975 diuturnitatem
1008 2938 1068 2981 ac
1113 2923 1434 2988 perpetuita-

372 3007 478 3051 tem
503 3000 705 3051 indicat
726 3001 997 3066 Horatius,
1022 2994 1174 3066 quam
1197 3002 1295 3053 sibi
1319 3016 1434 3051 suo·

370 3092 473 3141 que
495 3077 720 3143 spondet
750 3078 964 3129 nomini.
1031 3078 1433 3128 Comminiscun·

370 3160 459 3204 tur
512 3153 597 3205 hic
638 3155 873 3211 nonnulli
915 3155 1212 3219 Nympham
1268 3155 1432 3219 illam,

369 3244 523 3296 quam
547 3232 718 3282 Numa
754 3231 1044 3293 colendam,
1085 3231 1430 3296 Tacitamque

367 3307 733 3372 appellandam
787 3316 1046 3372 sanxerat,
1109 3315 1246 3357 teste
1301 3309 1432 3357 Plu·

370 3384 552 3434 tarcho
572 3400 588 3444 ς
633 3384 718 3432 alii
743 3383 916 3432 Idulia
932 3398 1079 3433 sacra
1101 3381 1344 3447 afferunt,
1365 3384 1431 3433 ad

369 3475 487 3524 quae
510 3459 722 3522 singulis
746 3459 1005 3509 mensibus
1038 3459 1089 3508 in
1114 3458 1429 3523 Capitolium

370 3535 693 3601 procedebat
714 3533 985 3584 Pontifex.
1050 3535 1152 3584 Sed
1174 3534 1296 3600 quid
1315 3536 1427 3585 haec

369 3614 435 3664 ad
470 3614 613 3664 rem?
677 3612 813 3662 Saue
838 3612 1084 3676 quaelibet
1105 3627 1254 3665 sacra
1276 3612 1429 3663 intel-

365 3690 460 3755 ligi
482 3705 578 3755 par
598 3695 698 3755 est,
728 3691 781 3740 in
815 3688 1070 3752 Capitolio
1103 3690 1284 3753 peragi
1306 3703 1430 3739 con-

366 3776 545 3830 sueta3
583 3782 684 3819 nec
707 3783 817 3832 pra!
840 3768 1034 3817 ceteris
1058 3767 1426 3832 Angeronalla,

366 3861 485 3911 quae
527 3844 762 3896 obtrudit
818 3844 1087 3894 Marcilius
1129 3843 1426 3908 Angeronae

368 3923 564 3975 silentii
596 3923 751 3985 Dete,
781 3921 927 3972 urbia
949 3920 1106 3971 etiam
1131 3920 1270 3971 inter
1290 3927 1426 3972 tate-

366 3999 497 4055 laria
516 3998 746 4056 numina,
767 4012 835 4051 ex
855 3996 1096 4049 Macrob.
1120 4009 1206 4047 ιιι.
1222 4000 1276 4049 9.

433 4081 496 4130 10
517 4076 626 4137 Qua
638 4074 819 4131 violem
839 4073 1065 4136 obrtn’pit
1080 4072 1300 4139 Aufidus,
1314 4073 1423 4138 ξω]

366 4154 432 4207 Iu
465 4151 681 4218 Apulia,
710 4166 804 4206 ana
835 4164 1025 4215 nempe
1058 4151 1249 4213 patria,
1282 4165 1425 4205 max·

360 4233 470 4301 ,ime
509 4230 660 4295 cupit
699 4228 957 4285 celebrari
996 4227 1266 4281 Horatius.
1329 4229 1426 4282 Est

368 4306 506 4361 enim
524 4306 727 4372 Aufidus
740 4305 947 4377 Apuliae
971 4305 1154 4365 amuis,
1174 4305 1325 4359 hodie
1349 4305 1424 4357 di-

1513 2773 1652 2823 citur
1677 2772 1874 2835 Osanto,
1889 2786 1954 2821 ex
1976 2769 2291 2835 Appennino
2312 2766 2495 2819 defluit
2520 2768 2575 2819 in

1512 2847 1839 2898 Adriaticum
1860 2860 2018 2897 mare.

1580 2928 1640 2977 11
1677 2921 1902 2986 Daunus]
1937 2924 2007 2972 Et
2028 2922 2113 2972 hic
2132 2920 2294 2972 Turni
2319 2934 2443 2970 avus
2460 2935 2576 2984 reg-

1517 3001 1662 3052 navit
1692 3001 1746 3051 in
1782 2999 1994 3064 Apulia,
2026 3013 2141 3064 quae
2174 2997 2239 3047 ab
2272 3012 2337 3046 eo
2366 2996 2576 3047 Daunia

1511 3085 1699 3129 vocata
1741 3087 1841 3130 est.
1909 3077 2029 3128 Fuit
2071 3076 2229 3127 etiam
2275 3072 2463 3125 fluvius
2507 3088 2571 3125 eo

1510 3156 1717 3207 nomine
1740 3155 2055 3223 appellatus.
2487 3188 2502 3202 .

1575 3233 1770 3296 Pauper
1809 3229 1969 3297 aque]
2004 3230 2067 3280 In
2106 3227 2297 3294 Apulia
2331 3227 2515 3278 nimiru

1507 3306 1682 3358 fervet
1727 3314 1883 3358 aestus
1927 3313 1984 3356 et
2023 3306 2182 3368 calor,
2225 3303 2447 3367 hincque
2486 3311 2571 3353 est

1507 3383 1654 3433 arida
1689 3383 1841 3433 valde
1876 3381 2038 3446 regio,
2075 3395 2137 3429 ac
2170 3378 2384 3442 penuria
2419 3392 2568 3441 aquae

1508 3458 1746 3511 laborat:
1772 3458 1910 3507 unde
1934 3458 1950 3485 ‘
1966 3452 2570 3516 siticulosam'Apuliam'
2623 3453 2630 3457 ’

1508 3541 1663 3584 vocat
1718 3534 1914 3584 Noster
1960 3531 2133 3596 Epod.
2183 3543 2271 3579 ιιι.
2348 3529 2482 3578 Vide
2528 3543 2568 3578 1.

1574 3691 1637 3736 12
1690 3685 1933 3748 Regnavit
1990 3679 2289 3746 populorum]
2356 3681 2567 3731 Phrasis

1507 3763 1720 3827 Graeca,
1754 3761 2040 3820 ἐβασίλιυσε
2058 3762 2157 3809 τῶν
2176 3756 2323 3809 λαῶν.
2359 3760 2568 3822 Legunt

1507 3841 1614 3904 alii,
1644 3856 1711 3892 ex
1739 3837 2111 3901 Manu-criptis
2143 3836 2404 3901 plerisque
2425 3835 2569 3886 codi-

1506 3916 1675 3979 cibus,
1702 3920 1933 3979 καταπίοι·
1946 3914 2242 3978 populorum.
2303 3910 2460 3963 Quod
2481 3924 2564 3965 re·-

1507 3992 1784 4047 ferendum
1806 3990 1908 4045 erit
1926 3988 1991 4043 ad
2017 4002 2196 4045 vocem
2211 3987 2433 4043 Daunum

1571 4073 1657 4121 Ex
1676 4070 1846 4121 humili
1862 4065 2054 4133 potens]
2087 4063 2339 4121 Libertini
2356 4062 2565 4117 scilicet

1505 4149 1713 4212 generis
1749 4145 2000 4197 Horatius
2030 4158 2095 4199 ex
2129 4141 2306 4197 humili
2353 4140 2563 4193 fortuna

1504 4225 1558 4277 in
1582 4236 1830 4277 summam
1850 4219 2000 4275 famae
2018 4218 2308 4272 claritatem
2325 4224 2381 4266 et
2402 4216 2563 4267 nomi·

1506 4302 1587 4355 nis
1610 4300 2002 4367 amplitudinem
2034 4296 2220 4354 evasit,
2252 4307 2347 4361 per
2369 4290 2561 4355 ingenii
