3059 4909
978 415 1388 464 CARMlNUM
1446 416 1593 465 mn.
1643 413 1720 462 ιι.
1764 400 1829 463 7.

2377 393 2522 458 281..

580 560 940 626 Postulant
969 579 1195 641 arces;
1239 560 1335 625 ibi
1371 568 1442 625 tu
1473 523 1804 626 calentem

577 665 833 730 Debita
861 683 1131 748 sparges
1159 663 1461 747 lacryma
1487 662 1794 727 favillam

1098 765 1304 830 Vatis
1333 766 1554 831 amici.

316 964 484 1014 Iernos.
557 955 702 1013 Ter-ro
724 965 822 1012 haec
837 963 1161 1023 etsortanatoe
1179 978 1312 1012 arces
1331 967 1558 1026 meteone
1590 965 1832 1025 exoptant.
1900 959 2011 1010 mic
2044 964 2100 1009 ta
2130 957 2314 1008 cineres
2337 956 2520 1021 tepido·

306 1029 570 1088 familiaris
590 1030 895 1091 Poe'toejusto
916 1031 1044 1079 luctu
1057 1028 1366 1093 prosequeris.

1234 1160 1291 1178 θ’
1298 1158 1597 1177 OONOOO‘N

320 1243 642 1301 Bersmanni,
668 1244 893 1307 Franeq.
918 1242 1061 1306 Lips.
1081 1248 1129 1293 3.
1153 1248 1201 1293 4.
1226 1246 1376 1294 Dese.
1391 1249 1441 1293 2.
1462 1245 1656 1292 Venet.
1677 1242 1797 1292 Vet.
1821 1239 2000 1293 Comb.
2024 1239 2203 1304 Steph.
2223 1243 2280 1288 et
2297 1236 2517 1298 cuning-

246 1311 251 1316 ’
318 1309 397 1357 ubi
417 1313 622 1359 tra—24
663 1309 801 1360 Vatis
824 1309 1004 1359 Horati
1026 1309 1248 1359 Mentel.
1271 1325 1336 1359 ex
1360 1323 1437 1360 ιν.
1466 1307 1571 1357 od.
1592 1312 1642 1358 6.
1661 1311 1744 1359 44.

2355 1380 2388 1401 ἱ..

1311 1456 1526 1507 NOTAE

317 1557 673 1618 munitissima,
729 1524 794 1606 ex
851 1556 1071 1620 Polybio
1121 1556 1211 1605 lib.
1254 1568 1377 1605 vm.
1457 1551 1717 1619 infundes,
1739 1568 1800 1604 ac
1839 1538 1981 1619 relut
2013 1549 2356 1602 immiscebis:
2391 1564 2523 1598 mor-

319 1637 432 1686 Liv.
469 1637 559 1685 lib.
597 1649 734 1685 xxv.
776 1635 950 1684 Beata.»
985 1649 1106 1683 vero
1137 1648 1287 1695 arces,
1323 1639 1378 1681 et

318 1713 446 1764 felix
466 1716 745 1764 Tarentum
771 1713 894 1762 satis
917 1711 1223 1776 exprimitur
1240 1710 1376 1774 apud

320 1792 379 1841 L.
404 1792 612 1842 Florum
638 1806 675 1840 1.
700 1795 780 1840 18.
813 1791 891 1839 his
916 1788 1119 1838 verbis:
1152 1789 1168 1817 ‘
1187 1790 1380 1837 Taren·

317 1878 426 1934 tus,
458 1869 909 1919 Lacedaemonium
947 1881 1093 1930 opus,
1126 1865 1380 1916 Calabriae

318 1948 598 2014 quondam,
616 1954 672 1996 et
691 1943 915 2010 Apuliae,
932 1943 1200 2006 totiusque
1211 1941 1380 1990 Luca-

319 2026 419 2074 niae
444 2029 747 2089 caput,tum
772 2020 1126 2086 magnitudine
1150 2026 1205 2069 et
1225 2020 1382 2085 muris

319 2110 575 2169 portuque
599 2102 807 2165 nobilis,
829 2108 940 2151 tum
978 2100 1221 2150 mirabilis
1242 2101 1342 2149 situ
1366 2117 1378 2146 :

319 2182 519 2246 qnippe
539 2181 592 2230 in
615 2180 740 2244 ipsis
764 2179 1020 2229 Adriatici
1051 2179 1201 2227 maris
1223 2176 1389 2227 fauci-'

321 2259 416 2309 bus
442 2259 616 2323 posita
635 2259 688 2307 iu
723 2272 900 2309 omnes
939 2264 1126 2320 terras,
1149 2256 1381 2318 latriam,

319 2334 607 2401 Illyricum,
660 2335 893 2399 Epirum,
937 2334 1203 2395 Achaiam,
1248 2328 1384 2382 Afri:

320 2427 455 2470 cam,
492 2412 721 2463 Siciliam
753 2412 872 2461 vela
907 2410 1144 2460 dimittit.
1209 2408 1384 2459 Immi-

321 2496 414 2540 net
434 2491 607 2555 portui
629 2488 695 2539 ad
719 2495 1052 2553 prospectum
1070 2487 1226 2538 maris
1249 2487 1384 2551 posi-

323 2575 431 2619 tum
455 2568 622 2633 majus
646 2566 941 2629 tlieatrum,’
963 2570 1060 2616 διο.

386 2651 452 2697 22
472 2647 622 2697 Ibi‘tu
633 2648 861 2714 colentem
874 2645 1071 2707 Debita,
1084 2604 1193 2709 85ch
1216 2643 1300 2694 Ibi
1326 2649 1399 2693 tu-

310 2716 443 2778 'mibi
461 2727 613 2791 justa
645 2733 700 2775 et
737 2733 969 2775 extrema
991 2723 1252 2789 persolves
1276 2720 1387 2772 offi-

322 2804 422 2867 cia,
453 2818 569 2854 cum
594 2803 720 2853 fatis
744 2808 800 2852 et
823 2802 934 2852 vita
960 2800 1172 2851 functus
1200 2799 1348 2849 fuero
1369 2816 1382 2849 ι

324 2888 556 2932 cremato
587 2894 777 2944 nempe
805 2878 1078 2942 cadavere,
1099 2867 1386 2927 calentibus

324 2959 496 3010 adbuc
516 2957 774 3009 cineribus
811 2956 1070 3020 lacrymas
1102 2955 1389 3019 impendes,

1461 1640 1604 1681 tuum
1628 1644 1811 1680 recens
1836 1630 2222 1680 amicuminctu
2245 1640 2525 1690 proseque-

1461 1709 1533 1758 ris
1572 1718 1740 1759 vatem
1782 1716 1943 1771 vates,
1974 1714 2030 1756 et
2060 1704 2348 1760 decorabis.
2417 1703 2523 1751 En-

1460 1785 1576 1836 nius
1596 1799 1720 1835 vero
1742 1794 1947 1848 contra,
1968 1791 2023 1833 et
2050 1779 2375 1844 arrogantius
2398 1794 2523 1844 pau-

1432 1863 1546 1919 ‚loz
1591 1862 1802 1912 ‘Nemo
1851 1875 1934 1910 me
1983 1858 2224 1922 lacrymis
2272 1857 2524 1906 decoret:

1463 1951 1633 2002 neque
1655 1937 1839 1988 funera
1860 1936 1989 1987 fletu
2014 1935 2186 1986 Faxit.
2255 1934 2397 1984 Cur?
2422 1933 2524 1982 Vo-

1462 2016 1557 2065 lito
1596 2014 1729 2064 vivu'
1763 2029 1859 2079 per
1898 2028 1987 2063 ora
2019 2009 2223 2062 virum?
2291 2008 2528 2058 Miserri-

1461 2105 1599 2142 mum
1623 2092 1818 2141 etenim
1838 2105 1899 2140 ac
1921 2090 2067 2139 velut
2080 2086 2362 2137 iufaustum
2383 2091 2528 2135 vete-

1463 2172 1608 2221 ribus
1644 2170 1946 2235 putabatur,
1979 2169 2021 2217 si
2058 2166 2250 2230 absque
2284 2162 2525 2227 lacrymis

1461 2249 1690 2300 humatio
1712 2247 1885 2307 fieret,
1908 2252 1963 2294 et
1982 2242 2182 2293 funebri
2208 2242 2311 2295 isto
2332 2241 2525 2290 bonore

1465 2330 1777 2393 privaretur.
1832 2324 2014 2389 Virgil.
2059 2321 2261 2370 AEueid.
2300 2332 2366 2369 n.
2410 2322 2532 2368 3⁷2.-

1465 2414 1480 2436 ‘
1501 2407 1612 2457 Nos
1634 2407 1820 2454 auimae
1846 2402 1993 2463 viles,
2016 2399 2304 2458 inhumata,
2324 2393 2527 2444 infleta-

1464 2497 1565 2548 que
1589 2480 1777 2532 turba.'
1841 2472 1982 2528 Hinc
2012 2481 2069 2525 et
2096 2472 2331 2538 praeficas
2356 2485 2532 2521 arces-

1378 2580 1383 2583 ·
1462 2558 1648 2609 sebant
1690 2557 1832 2617 olim,
1874 2569 1991 2619 quae
2034 2554 2230 2602 luctum
2274 2547 2532 2599 facerents

1464 2638 1633 2687 Immo
1656 2641 1711 2685 et
1734 2635 1973 2696 exiguam
1993 2628 2269 2692 ampullam
2284 2626 2530 2689 lacrymis

1465 2720 1671 2783 plenam
1694 2729 1836 2765 urnae
1854 2710 2003 2761 ferali
2021 2706 2339 2767 inserebant,
2357 2705 2529 2769 sepul-

1467 2810 1663 2861 croque
1702 2790 2037 2850 inferebant3
2070 2793 2127 2835 ut
2155 2784 2288 2834 bene
2310 2783 2533 2832 Torren-

1467 2874 1572 2924 tius
1597 2870 1908 2921 observavit.

1534 2955 1598 3002 24
1638 2948 1776 3000 Vatis
1794 2944 1958 3011 amici]
1993 2939 2201 2994 Horatii
2219 2938 2316 2991 tui.

476 3252 498 3279 „
1221 3194 1420 3260 ODE
1478 3193 1651 3259 VII.

221 3290 577 3403 &Lem

985 3351 1089 3399 AD
1142 3348 1538 3397 POMPEIUM
1589 3343 1886 3394 VARUM.

330 3491 587 3555 Pompeio
599 3490 760 3552 Varo,
780 3487 948 3538 veteri
970 3485 1134 3536 sodali
1157 3498 1269 3541 suo,
1289 3479 1728 3546 Pompeianisque
1749 3475 1987 3541 partibus
2007 3478 2204 3539 praeter
2217 3471 2421 3519 ceteros
2444 3461 2537 3512 ad-

394 3574 557 3636 dicto,
570 3573 681 3636 jam
703 3585 827 3620 vero
852 3568 1073 3632 Augusti
1111 3565 1277 3631 gratia
1299 3564 1353 3615 in
1390 3562 1615 3628 patriam
1652 3560 1718 3609 ab
1740 3557 1895 3608 exilio
1930 3555 2013 3619 (ut
2047 3548 2276 3606 videtur)
2308 3558 2537 3603 reverso,

393 3657 593 3707 enormi
617 3669 735 3704 cum
768 3651 954 3702 laetitia
987 3649 1309 3715 gratulatur:
1345 3644 1495 3709 eique
1519 3641 1726 3701 suadet,
1762 3644 1819 3688 ut
1843 3635 2051 3696 debinc,
2075 3632 2288 3681 dimissa
2323 3622 2534 3676 militari

394 3752 486 3788 sua
509 3737 731 3793 saevitia,
755 3749 810 3784 se
833 3732 976 3784 suavi
1000 3739 1053 3780 et
1077 3730 1227 3779 hilari
1249 3729 1373 3777 vitae
1401 3724 1594 3775 tradat.

797 3806 1207 3873 ..2

591 3850 652 3914 Ο
699 3866 903 3916 SAEPE
934 3865 1209 3961 mecum}
1225 3804 1496 3926 teinpus
1526 3840 1598 3903 in
1627 3796 1938 3921 ultimum

1874 3789 1897 3829 Ι

399 3997 449 4044 Ο
462 3995 599 4057 ,γανε
620 4007 821 4056 meorum
840 3992 993 4054 prime
1011 3944 1397 4050 commiiilonum,
1427 3997 1607 4033 mecum
1626 3979 1908 4043 frequenter
1944 3976 2006 4024 acl
2025 3977 2289 4023 extremum
2308 3968 2432 4018 diem
2461 3981 2537 4017 re-

1255 4115 1345 4136 ΟΝ
1349 4112 1621 4135 θηωθθθ

398 4209 519 4262 Ode
557 4213 744 4273 quarta
778 4204 922 4256 Libri
956 4204 1109 4271 primi
1147 4204 1200 4253 in
1241 4202 1340 4253 Ed.
1377 4198 1565 4251 Sanad.
1633 4193 1931 4260 Epigraphe
1966 4191 2018 4239 in
2056 4187 2248 4264 Venet.
2279 4186 2421 4236 1492.
2456 4181 2543 4231 Aa

335 4276 615 4340 Pompeium
647 4273 850 4322 sodalem
887 4277 933 4322 et
972 4270 1332 4320 commilitonem
1343 4285 1363 4329 ‚·
1397 4265 1553 4318 codd.
1587 4263 1837 4314 Torrent.
1872 4258 1954 4309 Aa
1994 4253 2281 4329 Pompilium
2321 4249 2501 4298 Varum
2515 4262 2537 4303 ,-

336 4341 421 4391 alii
443 4340 598 4393 codd.
618 4345 676 4390 et
694 4338 930 4404 plurimae
954 4336 1075 4388 edd.
1097 4342 1228 4388 vett.
1262 4334 1344 4387 Aa
1377 4330 1659 4397 Pompeiam
1704 4327 1900 4378 Varum.
1968 4322 1982 4350 ‘
2001 4321 2195 4372 Nescio
2227 4329 2328 4381 quo
2363 4324 2539 4362 errore
