3059 4909
526 364 663 432 244
1394 371 1796 429 excussus

529 522 729 576 luxu'ria
753 536 958 587 prorsus
980 520 1235 572 diffluens.
1308 522 1484 585 Longe
1517 521 1750 572 diversus
1784 527 1865 571 est
1894 522 2044 573 Paris
2077 520 2410 573 Homericus.
2476 521 2599 573 Non
2635 522 2723 572 ille

533 613 682 659 caret
708 607 924 667 virtute,
945 605 1202 662 animosus
1223 619 1284 654 ac
1307 601 1456 654 fortis
1478 612 1562 654 est
1584 605 1760 654 multis
1780 605 1943 665 locis;
1978 619 2029 654 v.
2053 618 2100 654 c.
2132 604 2184 652 in
2208 618 2381 668 pugna
2402 619 2520 655 cum
2543 605 2725 656 Mene-

531 688 636 750 lao,
653 686 717 737 Il.
738 692 788 735 Γ.
807 688 919 735 328.
940 699 1050 749 sqq.
1070 699 1221 749 quam
1241 684 1452 734 heroica
1474 693 1528 734 et
1549 696 1686 734 sante
1705 684 1893 734 mentis
1914 684 2067 748 plena
2089 684 2257 735 oratio
2273 684 2531 749 praecedit
2553 700 2628 735 vs.
2646 690 2730 736 69.

533 782 644 833 sqq.
668 767 905 817 vulnerat
926 763 1254 825 Diomedem,
1285 770 1343 814 Δ.
1367 768 1483 813 868.
1548 764 1890 829 Eurypylum,
1923 765 1997 815 ib.
2032 769 2146 815 58⁰.
2183 766 2407 831 loquitur
2427 774 2485 817 et
2507 767 2639 830 agit,
2669 774 2728 816 ut

534 850 634 909 vir,
656 855 717 898 N.
737 851 853 897 58⁰.
906 845 1263 897 Euchenorem
1289 843 1553 909 interficit,
1584 844 1655 895 ib.
1675 849 1789 895 668.
1854 844 1956 895 Sed
1989 852 2070 895 est
2102 846 2252 895 simul
2280 847 2517 911 pulcher,
2536 846 2728 897 formoss

535 944 638 991 sus,
660 929 886 993 elegans,
919 941 1091 977 amore
1127 924 1369 986 affectus,
1408 939 1505 975 nec
1542 931 1647 974 tam
1680 939 1850 990 asper,
1875 940 2027 990 quam
2056 926 2219 977 ceteri
2243 927 2459 988 heroem
2495 929 2584 992 qui
2610 942 2728 977 etim

534 1011 731 1061 idcirco
751 1007 1113 1074 παρθενοπῖπαν,
1135 1006 1349 1069 ἄναλκιν,
1379 1007 1641 1067 warnarii
1674 1006 1977 1069 appellant:
2014 1006 2133 1071 quia
2166 1007 2526 1057 alienissimum
2552 1010 2617 1058 ab
2640 1010 2728 1059 he·

536 1090 687 1142 roicis
720 1104 782 1140 ac
808 1089 1110 1140 Homericis
1144 1087 1465 1151 temporibus
1498 1086 1827 1152 moribusque
1864 1095 1997 1152 erat,
2029 1087 2245 1139 delicias
2265 1089 2320 1137 in
2341 1102 2520 1138 amore
2538 1087 2731 1151 facere,-

539 1180 631 1224 aut
652 1171 1036 1237 exquisitiorem
1059 1169 1279 1233 aliquem
1304 1164 1551 1234 affectum
1573 1167 1864 1231 concipere.

604 1252 709 1305 Qui
734 1259 853 1316 post
876 1251 1162 1315 Homerum
1193 1265 1275 1299 res
1295 1249 1544 1312 Trojanas
1566 1255 1856 1300 tractarunt
1876 1248 2079 1310 Poetae,
2103 1250 2249 1315 lyrici
2272 1250 2507 1315 inprimis
2539 1267 2601 1302 ac
2626 1259 2730 1301 tra·

537 1334 660 1399 εἰεί,
681 1333 764 1382 vel
794 1332 958 1382 minus
990 1331 1072 1381 vel
1106 1332 1270 1394 magis
1306 1337 1631 1380 recesserunt
1663 1330 1731 1380 ab
1756 1330 2002 1381 Historiae
2034 1330 2164 1392 fide3
2204 1346 2318 1380 uam
2356 1346 2448 1396 pro
2472 1346 2565 1381 suo
2588 1333 2727 1397 quis-

539 1428 639 1479 que
662 1413 877 1466 consilio
902 1411 1211 1477 ingenioque
1231 1411 1562 1462 characteres
1584 1411 1891 1461 Homericos
1915 1421 1971 1465 et
1993 1427 2143 1462 omne
2168 1412 2346 1463 Iliadis
2370 1422 2727 1477 argumentum

537 1499 808 1557 ornarunt,
843 1494 1127 1555 variarunt,
1161 1489 1508 1542 inflexerunt=
1543 1499 1599 1544 et
1631 1493 1682 1541 in
1710 1507 2088 1558 quamcumque
2120 1493 2333 1544 formam
2358 1493 2728 1545 diffluxerunt:
2821 1539 2826 1546 .

539 1575 675 1641 quod
710 1573 803 1636 illi,
825 1575 913 1639 qui
938 1574 1264 1638 Heynianum
1286 1572 1582 1635 Virgilium,
1612 1578 1672 1622 ut
1704 1587 1800 1636 par
1832 1581 1932 1632 est,
1962 1574 2200 1638 edidicit,
2229 1591 2295 1624 ex
2319 1577 2554 1626 Excursu
2586 1590 2627 1625 1.
2665 1576 2730 1625 ad

539 1656 658 1707 AEn.
697 1670 759 1707 ιι.
795 1655 1113 1705 notissimum
1154 1669 1265 1704 esse
1306 1653 1478 1704 debet.
1563 1653 1757 1719 Itaque
1795 1654 1860 1718 ab
1905 1656 2106 1706 illorum
2152 1655 2434 1707 Poetarum
2476 1658 2730 1708 nonnullis

539 1738 703 1787 multo
732 1737 921 1800 majore
960 1737 1116 1787 etiam
1159 1736 1354 1785 virtute
1393 1735 1668 1799 insignitus
1704 1735 1862 1786 fuisse
1898 1738 2049 1787 Paris
2083 1737 2320 1799 videtur3
2363 1738 2503 1803 quod
2541 1740 2623 1788 vel
2662 1753 2727 1788 ex

541 1818 700 1868 ovid.
722 1817 855 1869 Her.
875 1831 993 1869 xvr.
1013 1823 1147 1868 extr.
1168 1818 1297 1868 item
1321 1832 1388 1867 ex
1408 1816 1628 1881 Hygini,
1660 1818 1776 1884 (qui
1797 1832 1861 1866 ex
1885 1819 2151 1869 veteribus
2186 1820 2476 1884 Tragoediis
2510 1821 2730 1885 plurima

539 1898 851 1965 decerpsit,)
891 1899 1089 1950 Fabula
1111 1912 1228 1949 xcr.
1250 1905 1306 1949 et
1326 1912 1600 1950 ccnxxm.
1635 1900 1882 1964 colligas:
1916 1900 2002 1949 alii
2027 1914 2171 1964 vero,
2201 1908 2257 1950 et
2282 1902 2465 1964 tragici
2487 1907 2544 1949 et
2565 1902 2730 1966 lyrici,

535 1984 614 2033 ita
651 1984 765 2047 ejus
803 1983 1158 2032 characterem
1198 1979 1551 2044 diffluxerunt,
1590 1989 1650 2030 ut
1689 1982 2012 2032 mollissimus
2058 1982 2319 2033 Asiaticus
2355 1984 2507 2034 homo
2545 1985 2730 2035 exiret.

537 2065 674 2115 Sunt
708 2079 774 2114 ex
811 2063 999 2114 talibus
1023 2063 1273 2126 exemplis
1297 2063 1511 2126 plurima
1536 2063 1815 2113 Poetarum
1842 2064 2148 2113 Latinorum
2175 2066 2291 2114 loca
2318 2078 2569 2128 expressa
2600 2066 2730 2130 (vid.

538 2145 689 2210 Virg-
711 2144 827 2194 AEn.
847 2157 928 2194 tv.
953 2148 1065 2194 216.
1098 2157 1201 2193 111.
1221 2141 1347 2207 92),
1380 2151 1437 2193 et
1474 2143 1613 2193 haud
1652 2143 1808 2193 dubie
1844 2145 2098 2195 Nostrum
2123 2146 2278 2194 etiam
2303 2146 2544 2196 Carmen.
2612 2148 2728 2200 Quo

537 2227 804 2290 pertinent
836 2239 1042 2290 quoque
1079 2230 1332 2289 perpetua
1355 2224 1405 2273 in
1430 2225 1699 2275 universos
1720 2226 1989 2289 Trojanos,
2011 2234 2068 2276 ut
2089 2227 2266 2275 molles
2288 2233 2344 2276 et
2366 2225 2728 2292 effoeminatos,

538 2306 775 2371 conjecta
798 2304 1004 2374 probra,
1039 2312 1156 2355 orta
1192 2319 1319 2354 cum.
1345 2319 1413 2355 ex
1435 2303 1576 2355 fama
1610 2306 1677 2355 de
1714 2320 1895 2357 eorum
1927 2308 2214 2370 opulentia,
2239 2314 2347 2356 tum
2369 2322 2437 2358 ex
2467 2309 2729 2373 Phrygum

538 2401 653 2438 cum
677 2387 774 2436 illis
794 2387 1191 2453 permutatione,
1214 2386 1301 2451 qui
1325 2386 1450 2436 luxu
1469 2392 1526 2435 et
1548 2386 1765 2446 mollitie
1788 2385 2007 2436 infames
2027 2394 2199 2450 erant,
2222 2387 2359 2452 quod
2381 2388 2532 2452 primi
2554 2390 2605 2438 in
2630 2391 2730 2439 Mi-

539 2467 816 2522 nore'Asia
837 2468 1020 2533 opibus
1043 2469 1380 2518 excellerent.
1900 2461 1907 2466 ⁴

605 2550 669 2600 In
692 2550 946 2600 Helenam
978 2551 1140 2599 multo
1174 2549 1331 2599 etiam
1369 2549 1671 2614 injustiores
1701 2550 1852 2601 hodie
1885 2560 2025 2601 suut.
2087 2550 2411 2615 Impudicam
2444 2551 2540 2603 sibi
2572 2554 2729 2614 illam,
2803 2549 2810 2555 ’

537 2631 808 2696 impuram,
834 2631 1195 2697 abjectamque
1217 2647 1279 2681 ac
1301 2640 1596 2695 protervam
1618 2631 1837 2697 fingunt,
1873 2648 1989 2697 quoe
2013 2633 2182 2681 auimo
2204 2633 2305 2682 levi
2331 2648 2390 2684 ac
2414 2634 2464 2683 in
2491 2636 2728 2686 mariturn‘

538 2712 738 2777 perfido
758 2715 934 2762 statim
968 2714 1204 2777 ultroque
1238 2722 1417 2762 secuta
1438 2713 1508 2762 sit
1530 2713 1778 2763 Paridem
1803 2713 2163 2763 abducturum.
2201 2699 2213 2704 “
2230 2713 2396 2763 Plane
2419 2713 2517 2764 hoc
2542 2731 2730 2780 repug-

538 2802 630 2844 nat
650 2795 728 2843 illi
748 2794 859 2858 ejus
879 2794 1190 2853 characteri,
1211 2807 1363 2859 quem
1384 2808 1451 2843 ex
1475 2793 1697 2858 antiquis
1721 2793 2063 2857 scriptoribus
2080 2794 2228 2843 nobis
2252 2792 2446 2859 lingere
2466 2795 2729 2847 dehemus:
2763 2839 2770 2846 ,

538 2874 625 2924 Ibi
647 2876 781 2924 enim
794 2889 909 2924 eam
926 2876 1251 2938 agnoscimus
1270 2874 1668 2939 pulcherrimam
1683 2889 1784 2924 non
1809 2875 1989 2932 solum,
2004 2874 2095 2923 sed
2113 2875 2728 2937 ethonestam‚verecuu·

538 2955 677 3019 dam,
706 2971 768 3006 ac
798 2956 984 3007 nobilis
1009 2956 1159 3005 animi
1181 2955 1462 3019 flaminum,
1483 2971 1599 3020 quae
1621 2958 1917 3007 Menelaum
1938 2964 2238 3006 constanter
2260 2966 2476 3021 amaret,
2500 2971 2618 3023 qua».
2640 2959 2728 3009 diu

539 3038 799 3086 reluctata
819 3035 1034 3086 cederet
1049 3035 1274 3086 tandem
1298 3034 1512 3086 formosi
1535 3036 1815 3102 blandique
1854 3037 2059 3087 Paridis
2090 3038 2366 3095 illecebris,
2390 3040 2652 3105 invitoque
2676 3049 2731 3090 et

540 3117 760 3168 attonito
786 3118 970 3180 potius,
1004 3131 1154 3181 quam
1176 3116 1301 3167 laeto
1324 3116 1510 3176 auimo,
1534 3117 1600 3167 ab
1625 3105 1687 3167 eo
1711 3117 2075 3168 abduceretur.
2144 3116 2229 3169 Cf.
2252 3118 2408 3169 Ovid.
2430 3119 2564 3169 Her.
2590 3134 2729 3170 xvn.

539 3198 681 3249 Hinc
706 3199 940 3263 plurimas
962 3199 1066 3247 illae
1091 3199 1351 3263 lacrymae,
1378 3199 1496 3248 hinc
1526 3199 1616 3248 illa
1639 3199 1967 3263 poenitentia,
1989 3197 2075 3247 ille
2102 3200 2287 3263 pudor,
2310 3199 2435 3248 illud
2457 3200 2726 3266 insupera-

516 3281 644 3330 -bile
669 3279 854 3343 prloris
879 3280 972 3329 viri
996 3280 1324 3337 desiderium,
1345 3281 1482 3345 quod
1503 3281 1556 3330 in
1579 3281 1783 3331 Helena
1808 3280 2089 3332 Homerica
2108 3287 2163 3331 et
2185 3281 2469 3345 Euripidea
2490 3282 2730 3333 observa-

544 3370 658 3411 tur:
685 3360 788 3410 vid.
809 3360 1026 3410 Homer.
1052 3361 1118 3411 11.
1141 3367 1190 3411 Γ.
1215 3366 1326 3413 140.
1350 3367 1462 3412 172.
1484 3368 1540 3413 et
1561 3362 1749 3412 nobilis
1772 3363 1914 3413 locus
1937 3363 2041 3413 vid.
2067 3367 2181 3412 399.
2206 3377 2323 3428 sqq.
2347 3364 2471 3413 item
2496 3364 2728 3429 Euripid.

537 3442 728 3491 Troad.
747 3446 862 3491 919.
886 3457 995 3508 sqq.
1049 3442 1199 3493 Idem
1219 3443 1493 3508 Euripides
1516 3444 1735 3494 Helenae
1759 3445 2103 3496 innocentiam
2122 3444 2338 3501 Fabula,
2359 3459 2473 3510 quae
2499 3445 2615 3507 ejus
2637 3460 2727 3494 no-

538 3536 658 3571 men
682 3522 915 3586 praefert,
949 3523 1316 3587 declaraturus,
1351 3530 1462 3574 toto
1494 3523 1700 3589 quidem
1724 3525 1855 3574 coelo
1875 3524 1939 3591 ab
1966 3524 2243 3577 Homerica
2264 3526 2558 3575 narratione
2582 3526 2728 3575 aber·

537 3611 640 3667 rat,
671 3603 762 3653 sed
800 3613 972 3653 tamen
1007 3618 1109 3653 non
1151 3604 1402 3666 potuisset
1439 3603 1514 3655 sic
1553 3616 1665 3654 eam
1700 3603 2012 3668 describere,
2046 3605 2142 3655 nisi
2176 3605 2503 3655 verecundiae
2526 3607 2728 3656 nornine

535 3692 662 3733 nota
700 3677 900 3734 fuisset.
970 3684 1156 3748 Neque
1192 3685 1279 3733 alii
1319 3685 1502 3735 Poetae
1545 3687 1701 3736 talem
1743 3687 1859 3749 ejus
1899 3687 2331 3751 vituperationem
2364 3686 2581 3750 habeut,
2609 3688 2727 3749 nisi,

537 3765 673 3830 quod
713 3779 918 3815 causam
955 3764 1168 3815 fatalem
1205 3764 1365 3814 fuisse
1393 3765 1575 3816 dicunt
1595 3755 1789 3816 eversae
1812 3766 2001 3829 Trojae.
2045 3751 2130 3816 'In
2152 3767 2266 3830 ipso
2287 3773 2464 3817 nostro
2488 3767 2727 3816 Carmine

536 3846 664 3893 nihil
687 3860 802 3894 cum
825 3844 1022 3895 invidia
1045 3852 1135 3895 aut
1158 3852 1421 3897 contemtu
1446 3846 1693 3898 adversus
1716 3848 1854 3897 illam
1878 3848 2074 3897 dictum
2097 3848 2347 3912 reperias.
2404 3848 2660 3911 Denique,
2682 3847 2725 3896 si

539 3926 662 3989 quid
694 3927 746 3974 in
781 3940 836 3976 se
869 3925 1082 3976 admisit
1117 3926 1249 3991 vitii,
1286 3928 1413 3977 illud
1443 3942 1594 3979 omne
1632 3929 1696 3978 ad
1720 3927 2022 3979 muliebrem
2055 3928 2465 3979 imbecillitatem
2499 3925 2725 3978 referen-

502 4031 505 4034 ·
539 4006 658 4054 dum
690 4006 811 4055 erit.
