3059 4909
533 408 665 474 422

877 566 1051 631 Mox
1069 564 1376 648 juniores
1407 563 1647 649 quaerit
1675 559 2012 627 adulteros

1292 420 1358 480 Q.
1403 415 1728 467 noum-n
1778 414 2046 464 nacor

883 667 1060 732 Inter
1087 666 1308 733 mariti
1333 666 1533 746 vina3
1574 682 1789 747 neque
1816 662 1999 746 eligit

967 767 1094 833 Cui
1124 767 1331 833 donet
1355 766 1780 851 impermissa
1802 764 2050 848 raptim

1051 867 1347 949 Gaudia,
1378 866 1743 934 luminibus
1771 866 2080 930 remotis:

878 969 1015 1036 Sed
1034 970 1233 1055 jussa
1264 990 1489 1036 coram
1517 987 1653 1034 non
1682 968 1823 1032 sine
1853 965 2131 1042 conscio

879 1071 1105 1154 Surgit
1135 1072 1415 1151 marito;
1463 1090 1592 1135 seu
1617 1077 1821 1136 vocat
1847 1067 2135 1143 institor,

965 1173 1102 1237 Seu
1134 1174 1328 1239 navis
1360 1172 1697 1257 Hispanae
1726 1170 2059 1253 magister,

1056 1274 1484 1340 Dedecorum
1515 1273 1850 1357 pretiosus
1880 1276 2114 1336 emtor.

536 1481 744 1534 tutatur
762 1477 892 1527 inter
910 1480 1009 1529 viri
1040 1481 1119 1531 aui
1150 1480 1364 1530 conuiuia
1380 1497 1397 1529 .·
1427 1480 1694 1542 nullamne

1728 1478 1958 1528 delectum
1983 1475 2195 1537 adhibet,
2214 1475 2294 1524 cai
2330 1475 2598 1537 voluptates
2618 1471 2741 1520 haud

537 1542 885 1601 Reitaasurtim
904 1545 1171 1609 indulgeat,
1190 1545 1419 1595 extinctis
1437 1544 1657 1595 lacernis.
1720 1542 1820 1593 Sed
1838 1547 2070 1606 presente
2089 1546 2137 1591 et
2169 1539 2485 1590 consentiente
2514 1537 2622 1588 viro
2637 1549 2740 1599 per·

536 1607 618 1669 git
635 1611 820 1670 vocata,
838 1608 940 1659 aive
964 1612 1091 1674 petit
1120 1610 1411 1673 negotiator,
1431 1612 1535 1659 aive
1568 1608 1786 1659 dominus
1821 1607 1960 1658 ποία
1982 1606 2285 1671 Hesp-nica,
2305 1604 2511 1670 flag-itia
2530 1614 2743 1654 mune·

1398 1781 1404 1786 ”
1465 1750 1827 1772 ‘loom

542 1855 653 1903 {unc
672 1858 717 1903 et
738 1851 945 1903 emen‘d.
966 1852 1162 1903 Sanad.
1185 1859 1239 1902 et
1262 1853 1339 1904 sic
1361 1851 1527 1903 edidit
1551 1849 1815 1902 Siva—26
1850 1847 1991 1913 Lips-
2026 1852 2078 1898 4.
2110 1863 2196 1899 nec
2225 1845 2518 1908 elegite-2⁸!
2552 1841 2744 1903 Acron,

540 1917 817 1968 Pulmanni
842 1918 1022 1968 Hunn.
1061 1917 1289 1969 Bentleii
1321 1917 1552 1967 Galiens.
1589 1924 1647 1965 et
1686 1915 1830 1979 Lips.
1852 1920 1897 1964 1.
1936 1914 2241 1970 intermine,-
2283 1917 2387 1959 vet·
2418 1907 2539 1961 cod.
2578 1907 2745 1961 Achil.

539 1982 676 2032 Stat.
704 1991 838 2033 teste
862 1983 1059 2032 Muret.
1079 1983 1352 2033 Pulmanni
1376 1982 1582 2031 Dieath.
1602 1980 1735 2029 Exc.
1757 1980 1878 2030 Sax.
1899 1978 2171 2041 improvisa,
2190 1977 2241 2027 h.
2257 1989 2307 2025 e.
2333 1987 2542 2038 prorsus
2568 1972 2582 2021 i
2657 1979 2744 2024 oto

540 2047 753 2110 homini,
776 2062 872 2098 nec
893 2049 1122 2110 speranti
1146 2047 1376 2112 quidem.
1432 2049 1447 2076 ‘
1468 2047 1697 2110 Vulgata
1717 2044 1882 2093 multo
1907 2043 2115 2107 aptior?
2145 2041 2415 2091 June-28

2653 2051 2746 2104 pro

548 2110 743 2172 Gaudia
765 2112 866 2162 duo
890 2112 1043 2162 codd.
1069 2112 1454 2163 Lambini.—30
1488 2111 1637 2160 Unus
1660 2110 1850 2160 Bland.
1873 2108 2089 2171 Cruquii
2113 2114 2170 2158 et
2193 2107 2301 2156 Ait.
2325 2109 2375 2155 2.
2407 2119 2514 2154 cum
2531 2106 2746 2152 vocnt.—
2782 2117 2789 2125 ·

543 2179 608 2238 32
644 2176 901 2228 Dedecori-3
912 2192 966 2241 p.
990 2182 1139 2226 emtor
1162 2178 1384 2228 Mentel.
1407 2184 1462 2226 et
1485 2177 1642 2227 Desa.
1659 2179 1711 2225 2.
1742 2179 1756 2204 ‘
1778 2174 1951 2225 Minus
1973 2170 2219 2236 poetice!
2251 2170 2523 2220 dana-35
2550 2167 2748 2216 Pir-ran

1537 2304 1754 2356 NOTAE
1808 2329 1819 2336 ν

545 2399 743 2456 &mdiv
763 2400 964 2466 ὀνύχων.
999 2402 1113 2454 Cic.
1134 2403 1198 2453 ad
1223 2404 1404 2454 Famil.
1429 2418 1469 2454 1.
1491 2409 1542 2455 6.

608 2482 671 2527 25
706 2477 830 2528 Mox
862 2479 1098 2542 juniores,
1140 2479 1246 2544 ξω]
1306 2480 1436 2529 Cum
1481 2493 1605 2529 vero

542 2564 708 2617 nupta
746 2561 847 2618 est,
883 2558 1067 2605 marito
1103 2570 1195 2605 auo
1220 2555 1456 2619 juniores
1480 2571 1603 2606 moe-

542 2630 666 2679 chos
687 2632 897 2694 quierit,
921 2634 1002 2680 vel
1027 2632 1160 2682 inter
1183 2632 1321 2696 ipsas
1345 2632 1603 2696 nuptiales

546 2706 746 2768 epulas,
770 2707 851 2755 vel
867 2707 996 2771 dum
1021 2707 1110 2757 iile
1141 2707 1335 2758 amicos
1368 2710 1608 2759 convivio

541 2783 765 2847 excipit,
812 2784 892 2833 vel
933 2798 1050 2833 cum
1091 2790 1114 2830 ‘.
1129 2782 1367 2834 invitavit
1402 2798 1515 2834 sese
1555 2785 1607 2834 in

509 2870 516 2877 ·
544 2869 692 2908 coena
716 2859 999 2923 plusculum
1024 2866 1178 2925 atque
1201 2867 1423 2924 appotus
1445 2860 1609 2925 probe

546 2933 663 2997 est,’
685 2937 820 3000 quod
845 2937 920 2986 ait
940 2935 1120 2986 Plaut.
1148 2936 1404 3002 Amphitr.

612 3016 680 3061 26
714 3014 877 3075 Neque
909 3012 1052 3074 eligit
1088 3014 1182 3063 Cui
1205 3016 1364 3077 donet,
1384 3011 1494 3077 ξω]
1531 3014 1610 3063 Eo

546 3087 755 3136 demum
794 3088 1130 3152 impudentia
1171 3090 1521 3154 progreditur,
1555 3097 1612 3141 ut

546 3178 651 3213 nnn
672 3166 824 3228 clam,
845 3166 1059 3230 raptim,
1078 3166 1279 3230 furtim,
1298 3175 1388 3218 aut
1413 3183 1507 3233 per
1530 3175 1606 3219 te-

546 3241 734 3290 nebras
780 3242 970 3306 noctis,
1012 3245 1327 3309 remotisque
1367 3245 1610 3307 lucernis,

548 3316 803 3365 adulteria
843 3314 1134 3381 perpetret,
1178 3319 1493 3385 moechisque
1535 3320 1609 3369 in-

548 3393 796 3456 dulgeat;
820 3393 912 3443 sed
938 3396 1127 3458 palam,
1143 3402 1218 3460 et,
1236 3397 1372 3459 quod
1393 3396 1611 3461 turpius,

545 3471 795 3520 ‘conscio
839 3470 1060 3532 marito,’
1099 3473 1385 3537 quemlibet
1425 3488 1612 3523 vocan-

549 3554 654 3597 tem
680 3547 931 3610 sequitur,
956 3563 1017 3597 ac
1044 3548 1155 3597 sine
1184 3549 1287 3597 ullo
1311 3549 1612 3600 discrimine

547 3624 702 3673 obvio
743 3624 905 3673 cuivis
948 3626 1171 3688 pretium
1216 3624 1473 3690 offerenti,
1509 3643 1612 3678 non

546 3715 696 3752 secus
741 3715 803 3750 ac
846 3701 1103 3765 publicum
1140 3708 1196 3751 et
1234 3704 1335 3753 vile
1369 3712 1614 3767 scortum,

548 3779 783 3827 venalem
807 3792 860 3826 se
883 3778 1170 3841 prostituit.

613 3858 679 3904 29
715 3854 827 3903 Non
864 3856 965 3903 sine
1000 3856 1179 3904 conscio
1213 3854 1385 3919 Surgit
1416 3858 1612 3921 marito]

546 3927 778 3978 Vidente'
816 3927 1109 3979 et'sciente
1146 3932 1346 3994 marito,
1383 3933 1548 3996 surgit
1582 3949 1611 3981 e

544 4005 792 4068 triclinio,
816 4011 869 4054 et
888 4004 952 4053 ad
978 4005 1231 4056 moechum
1255 4018 1608 4059 accersentem

548 4080 746 4145 pergit:
774 4081 881 4129 sive
897 4081 983 4129 iile
1002 4082 1275 4132 conniveat
1293 4094 1348 4134 et
1366 4087 1610 4135 mercede

548 4164 824 4220 corruptus
846 4157 1018 4206 uxoris
1033 4156 1248 4221 flagitiis
1269 4162 1612 4221 annuat‚inde

548 4233 749 4283 lucrum
779 4231 1000 4284 faciens.
1056 4233 1297 4286 Juvenal.
1331 4236 1441 4285 Sat.
1466 4251 1506 4287 1.
1530 4243 1612 4289 56.

549 4310 566 4339 ‘
592 4310 792 4362 Doctus
815 4316 1050 4375 spectare
1072 4310 1306 4371 lacunar,
1330 4312 1529 4364 Doctus
1555 4320 1612 4366 et

1687 2400 1752 2451 ad
1798 2400 2007 2451 calicem
2047 2398 2283 2464 vigilanti
2332 2402 2554 2447 stertere
2588 2391 2745 2444 naso?

1686 2479 1808 2529 Sive
1844 2478 1928 2527 ille
1968 2477 2255 2541 imperiosae
2288 2488 2390 2524 non
2426 2473 2563 2522 ausit
2598 2477 2745 2535 petu-

1686 2554 1895 2605 lantiam
1942 2554 2118 2603 uxoris
2164 2550 2429 2603 coercere.
2504 2546 2744 2600 Juvenal.

1685 2633 1793 2683 Sat.
1830 2645 1907 2681 vr.
1948 2634 2060 2680 135.
2099 2636 2155 2678 et
2184 2643 2294 2692 seq.
2345 2627 2481 2676 Item
2521 2638 2599 2673 vs.
2635 2626 2747 2673 269.

1682 2711 1698 2737 ‘
1722 2710 1868 2759 Tunc
1894 2707 2067 2770 gravis
2099 2706 2185 2756 illa
2216 2705 2344 2765 viro,
2374 2710 2498 2752 tunc
2523 2701 2653 2750 orba
2685 2698 2747 2748 ti·

1688 2787 1832 2854 gride
1868 2785 2015 2849 pejor
2032 2818 2047 2834 .
2067 2818 2081 2833 .
2104 2819 2118 2833 .
2146 2782 2268 2832 olim
2303 2784 2643 2842 convenerat,
2673 2778 2747 2827 in·

1688 2862 1820 2930 quit,
1844 2862 1920 2912 Ut
1941 2859 2143 2910 faceres
2180 2867 2236 2909 tn
2265 2858 2398 2922 qnod
2426 2857 2621 2916 velies3
2656 2868 2746 2904 nec

1688 2955 1789 2990 non
1811 2954 1910 3003 ego
1932 2952 2132 3003 possem
2156 2934 2434 2998 Indulgere
2453 2934 2596 2984 mibi.
2635 2932 2749 2983 Cla·

1690 3031 1798 3067 mes
1833 3018 1975 3076 licet,
1998 3023 2054 3065 et
2089 3028 2229 3064 mare
2265 3013 2397 3062 coelo
2433 3010 2754 3073 Confundas‚

1690 3097 1840 3146 bomo
1866 3110 1994 3144 snm.
2063 3091 2207 3143 Nihil
2246 3097 2329 3141 est
2361 3089 2610 3139 audacius
2649 3088 2747 3138 illis

1690 3169 1996 3234 Deprensis.
2043 3169 2180 3217 Iram
2200 3176 2359 3232 atque
2383 3166 2579 3215 animos
2603 3179 2634 3214 a
2656 3162 2753 3213 cri·

1692 3249 1829 3298 mine
1854 3246 2097 3296 sumunt!
2518 3303 2531 3314 ι

1756 3329 1820 3375 30
1853 3323 2079 3387 Institor]
2114 3322 2257 3373 Gall.
2285 3321 2494 3372 Facteur
2522 3322 2584 3369 de
2615 3320 2752 3369 Mar·

1689 3403 1860 3462 chand,
1901 3401 2074 3451 dictus
2121 3399 2259 3465 quod
2314 3399 2473 3448 instet
2525 3396 2751 3461 gerendo

1693 3479 1918 3542 negotio.

1755 3560 1816 3605 sl
1867 3555 2027 3604 Nauis
2066 3552 2303 3616 Hispone
2342 3547 2598 3613 magister]
2650 3550 2753 3600 Seu

1691 3633 1985 3693 nauclerus,
2036 3646 2127 3683 seu
2170 3629 2315 3680 navis
2356 3627 2617 3689 dominus,
2665 3641 2751 3677 seu

1691 3715 1949 3757 mercator
1970 3715 2024 3756 et
2044 3706 2356 3770 negotiator.
2404 3702 2632 3766 Hispani
2654 3702 2753 3754 fre-

1690 3791 1910 3849 quentes
1946 3783 1997 3832 in
2034 3782 2241 3832 Italiam
2276 3780 2590 3844 negotiaturi
2617 3794 2754 3830 com-

1690 3859 1935 3909 meabant
1959 3866 2013 3908 et
2033 3857 2368 3926 navigabant,
2404 3854 2524 3904 vina
2551 3856 2757 3905 scilicet

1690 3935 2042 3996 advehebant,
2072 3934 2198 3983 alias
2221 3938 2392 3982 autem
2417 3932 2757 3996 reportabant

1692 4025 1907 4061 nnerces.
1974 4011 2113 4061 Vide
2136 4025 2176 4060 ι.
2201 4008 2305 4061 od.
2331 4012 2412 4058 sl.

1755 4092 1819 4137 32
1847 4084 2146 4138 Dedecorum
2158 4086 2395 4150 pretiosas
2408 4083 2582 4148 emtor]
2617 4085 2751 4136 Quo-

1691 4164 1768 4212 vis
1793 4164 1965 4229 pretio
1988 4177 2164 4213 emens
2195 4171 2252 4212 et
2287 4173 2625 4210 remunerans
2662 4157 2748 4209 fla-

1691 4239 1823 4305 gitia
1854 4249 1907 4292 et
1944 4240 2203 4293 adulteria
2238 4229 2539 4290 Italicarum
2577 4237 2749 4288 mulie·

1689 4330 1821 4367 rum.
