3059 4909
1018 409 1430 499 emortuum
1486 412 1630 460 ΜΒ.
1679 413 1761 461 ιι.
1805 400 1871 463 6.
1969 420 1976 425 “

676 509 719 565 f

593 552 1005 622 Cantabrum
1033 504 1424 715 indoctum*

2408 399 2540 468 277

1832 510 1874 573 ί

1410 550 1560 642 ἰιςει
1589 528 1756 624 ferre
1787 565 2040 640 nostra,
2070 566 2139 625 et

594 634 932 724 Barbara's
962 642 1239 829 Syn&
1253 659 1374 725 ubi
1409 632 1657 726 Mazrra
1687 633 1948 747 se‘mper

837 833 856 864 λ

1209 767 1388 829 stuat
1415 739 1634 846 abdiu

332 961 397 1010 «d
412 959 747 1025 Syr-tesseras,
781 962 862 1012 ubi
885 978 1015 1013 mare
1038 963 1354 1014 Mauritania
1387 979 1625 1030 nunquam
1658 981 1752 1017 non
1763 965 1929 1028 servet
1944 983 1966 1027 ,·
1987 966 2161 1028 faxint
2184 968 2279 1018 Dii
2298 972 2354 1018 ut
2376 966 2542 1030 Tibur,

1257 1076 1464 1099 eamn

1468 1077 1619 1098 00000

334 1134 614 1207 veteribus,
648 1143 729 1194 Ad
771 1142 1053 1209 Septimium
1091 1148 1150 1196 de
1192 1145 1363 1196 Tibure
1407 1146 1453 1196 ei
1498 1147 1821 1198 Parenta—8
1857 1148 2013 1214 Cruq.
2059 1148 2199 1213 conj.
2250 1148 2330 1198 ubi
2369 1147 2537 1198 Malva

1327 1295 1541 1346 NOTAE

395 1388 625 1439 Mettum
649 1390 786 1441 idem
806 1392 947 1458 quod
972 1407 1009 1443 ι.
1030 1393 1138 1447 Od.
1161 1400 1211 1445 2.

1472 1396 1578 1447 Od.
1601 1403 1650 1447 8.
1690 1398 1756 1449 ab
1795 1397 2032 1463 Augusto
2066 1396 2300 1457 tandem,
2333 1394 2443 1445 sive
2468 1394 2536 1444 ab

394 1470 422 1515 1
447 1466 678 1531 Septimi]
710 1470 817 1519 Tit.
849 1470 933 1520 hic
964 1472 1263 1535 Septimius,
1288 1473 1389 1525 Ro·
1469 1473 1710 1541 Agrippa
1732 1468 1955 1540 Augusti
1991 1472 2254 1538 auspiciis,
2290 1472 2540 1522 Cantabri

328 1555 509 1592 manus
548 1544 742 1609 Eques,
765 1544 934 1596 Poeta
971 1549 1130 1599 etiam
1171 1550 1390 1616 Lyricus

328 1627 384 1670 et
421 1619 691 1683 Tragicus,
731 1636 849 1673 cum
889 1624 1114 1677 Horatio
1148 1626 1392 1677 diuturna

328 1694 689 1749 familiaritate
742 1701 1074 1767 conjunctus,
1127 1696 1281 1755 immo
1339 1713 1393 1755 ct

326 1774 630 1826 commilito.
698 1776 872 1842 Hujus
898 1781 1131 1831 meminit
1158 1796 1197 1832 1.
1222 1783 1392 1846 Epist.

327 1855 375 1901 3.
397 1857 447 1903 5.
471 1856 519 1901 9.
554 1851 725 1905 fertur
750 1862 806 1905 et
840 1855 1110 1921 Augustus
1134 1857 1197 1907 ad
1225 1859 1392 1908 Hora-

327 1929 454 1979 tium
490 1930 564 1980 ita
595 1930 660 1980 de
695 1945 758 1982 eo
781 1933 1083 1996 scripsisse:
1118 1934 1247 1983 ‘Tui
1269 1949 1392 1999 qua-

325 2006 425 2056 lem
471 2007 689 2058 babeam
734 2011 1029 2060 memoriam
1085 2011 1279 2076 poteris
1325 2027 1388 2062 ex

323 2083 579 2147 Septimio
601 2093 779 2136 nostro
797 2087 1144 2150 cognoscere,’
1166 2091 1263 2138 &c.

394 2160 562 2213 Gades
580 2164 768 2214 aditure
787 2179 984 2230 mecum,
1005 2165 1113 2229 qm]
1164 2159 1280 2215 Hoc
1305 2166 1389 2215 In·

328 2247 591 2305 terpretes
623 2241 725 2292 huc
760 2256 923 2307 usque
960 2241 1072 2293 fere
1106 2258 1283 2294 omnes
1313 2245 1389 2293 in-

325 2319 642 2368 tellexerunt
666 2319 733 2369 de
758 2332 940 2383 magna
974 2320 1180 2370 Horatii
1215 2322 1388 2385 Septi-

325 2396 518 2461 miique
561 2395 931 2446 consensione:
988 2397 1134 2462 quasi
1179 2405 1392 2459 paratus

326 2480 462 2524 esset
485 2473 621 2524 alter
644 2473 793 2523 alteri
814 2489 987 2524 comes
1007 2476 1085 2525 ire
1105 2475 1170 2525 ad
1187 2478 1391 2526 ultimas

326 2565 487 2616 usque
525 2550 668 2600 orbis
705 2551 918 2615 plagas:
955 2551 1389 2617 quemadmodum

326 2629 563 2679 Catullus
586 2629 760 2679 Cat-m.
786 2633 865 2677 ll.
890 2631 1102 2680 Furium
1139 2637 1194 2680 et
1225 2629 1391 2681 Aure·

323 2707 447 2757 lium
487 2707 588 2756 sibi
627 2706 851 2771 spondet
886 2710 1124 2770 comites,
1156 2710 1171 2736 ‘
1194 2708 1314 2759 Sive
1337 2710 1392 2757 in

325 2785 586 2836 extremos
611 2786 901 2850 penetrarit
928 2784 1126 2849 ludos,'
1152 2789 1249 2837 &c.
1318 2787 1389 2836 Et

325 2861 638 2927 Propertius
664 2877 702 2913 1.
725 2866 774 2913 6.
798 2863 947 2912 'runo
982 2878 1093 2913 sese
1129 2860 1301 2925 offert,
1329 2870 1392 2912 ut

325 2954 442 2989 eum
465 2954 530 2989 eo
565 2942 581 2968 ‘
605 2940 849 3003 Ripbaeos
871 2941 1028 2989 etiam
1049 2945 1252 2989 montes
1269 2938 1283 2960 ’
1304 2954 1388 2988 su·

325 3030 512 3079 perare
548 3031 652 3065 uon
693 3024 949 3076 vereatur,
972 3023 1029 3065 et
1060 3020 1074 3044 ‘
1093 3015 1272 3080 AEgaeo
1294 3015 1388 3064 du-

325 3107 447 3142 cere
473 3093 588 3142 vela
612 3091 778 3143 mari!
813 3092 1072 3157 Cruqu'ius
1090 3099 1260 3141 autem
1281 3088 1393 3155 opta

326 3178 479 3220 natur
500 3170 613 3219 haec
638 3170 703 3218 ab
727 3169 952 3219 Horatio
974 3169 1193 3234 scripta,
1232 3172 1248 3199 ‘
1273 3184 1405 3222 cum,

326 3247 593 3312 Augustus
626 3255 770 3297 esset
799 3247 853 3297 in
888 3248 1222 3313 expeditione
1258 3248 1392 3298 Can-

325 3325 548 3386 tabrica,
563 3325 747 3390 quinto
770 3327 856 3374 vix
880 3339 1015 3374 auno
1032 3331 1269 3389 peracta,
1287 3338 1392 3388 quo

323 3402 612 3467 Septimius
670 3402 845 3467 Eques
899 3401 1157 3452 invitabat
1220 3401 1391 3451 Hora·

327 3479 496 3544 tium,'
529 3480 698 3546 iuquit
721 3481 843 3543 ille3
877 3494 980 3530 nou
1014 3480 1146 3529 male
1182 3478 1389 3544 quidem

254 3592 271 3601 -
324 3558 641 3608 hariolatus:
665 3556 848 3607 melius
863 3554 1001 3624 forte
1020 3563 1214 3619 tamen,
1231 3570 1390 3621 quan·

324 3635 391 3685 do
426 3633 1019 3698 Caesarexpeditionem
1049 3633 1187 3683 illam
1209 3632 1391 3682 molie-

324 3712 496 3774 batur,
517 3718 574 3761 et
601 3725 717 3761 cum
741 3711 807 3761 ad
830 3725 946 3762 eam
981 3710 1232 3761 Horatius
1253 3710 1391 3774 pari-

324 3789 408 3839 ter
452 3804 516 3839 ac
558 3790 843 3853 Septimius
886 3805 999 3841 sese
1040 3791 1391 3854 accingerent.

324 3866 406 3915 De
429 3865 668 3916 Gadibus
689 3881 867 3931 supra,
891 3866 998 3918 Od.
1018 3880 1086 3919 ιι.
1111 3882 1187 3917 vs.
1211 3872 1290 3918 11.

386 3945 419 3991 2
463 3942 778 4006 Cantabrum]
826 3942 1074 3994 Cantabri
1120 3944 1390 4008 Hispaniae

324 4016 726 4069 Tarraconensis
768 4020 946 4084 populi
994 4021 1059 4071 ad
1118 4021 1388 4072 Oceanum

323 4093 619 4160 Borealem,
655 4096 745 4161 qui
788 4105 842 4146 et
882 4098 1004 4148 inde
1051 4100 1392 4151 Cantabricus

324 4180 571 4223 vocatur:
608 4172 769 4223 hodie
786 4172 1002 4225 Biscaiu.

390 4248 640 4311 Indoctam
662 4248 794 4312 juga
816 4250 956 4312 serre
976 4252 1162 4316 nostra]
1197 4251 1213 4280 ‘
1230 4251 1391 4303 Sera'

326 4340 514 4394 nempe
548 4327 831 4380 ‘domitum
853 4328 1076 4394 catena,'
1114 4336 1171 4381 ut
1193 4329 1268 4381 ait
1301 4340 1391 4383 ιιι.

1471 1552 1667 1604 devicti
1707 1561 1860 1613 sunt;
1894 1559 2057 1604 testes
2090 1553 2301 1602 Sueton.
2342 1550 2535 1602 Octav-

1475 1644 1592 1692 cap.
1630 1635 1712 1680 20.
1732 1638 1787 1681 et
1818 1634 1902 1680 21.
1948 1629 2054 1679 Dio
2097 1629 2185 1680 lib.
2209 1642 2282 1679 n.
2320 1636 2378 1678 et
2424 1642 2534 1693 seq.

1476 1706 1665 1756 Strabo
1681 1706 1770 1757 lib.
1789 1708 1987 1758 ur.&c.
2009 1706 2148 1755 Flor.
2166 1719 2244 1755 ιν.
2260 1709 2341 1755 12.
2362 1706 2377 1733 ‘
2402 1705 2538 1754 Duae

1479 1782 1803 1834 validissimae
1829 1790 2016 1848 gentes
2033 1782 2278 1833 Cantabri
2302 1789 2357 1832 et
2381 1774 2540 1833 Astu-⁴

1477 1874 1563 1910 res
1585 1860 1833 1911 immunes
1848 1860 2064 1926 Imperii
2079 1860 2366 1925 agitabant.
2401 1861 2539 1912 Can·

1476 1937 1740 1988 tabrorum
1765 1938 1919 1989 altior
1955 1945 2008 1988 et
2030 1938 2197 2001 magis
2221 1939 2460 2001 pertinax
2485 1939 2539 1988 in

1474 2015 1775 2066 rebellando
1803 2016 2024 2077 animus,
2045 2016 2132 2078 qui
2170 2028 2272 2064 non
2304 2013 2538 2063 contenti

1473 2091 1770 2143 libertatem
1813 2106 1958 2141 suam
2004 2090 2321 2152 defendere3
2366 2090 2540 2154 proxi:

1473 2170 1582 2231 mis
1603 2169 1762 2219 etiam
1785 2168 2081 2234 imperitare
2106 2167 2416 2229 tentabant,'
2435 2170 2538 2217 &c.

1472 2245 1608 2296 Caesi
1651 2261 1779 2296 vero
1821 2244 2030 2310 fugiunt
2069 2245 2152 2295 ‘in
2192 2242 2541 2294 emiuentissi-

1471 2337 1610 2371 mum
1651 2321 1897 2371 Vinnium
1936 2327 2184 2382 montem,
2226 2335 2327 2385 quo
2376 2320 2540 2370 ruatis

1473 2398 1619 2462 prius
1631 2396 1852 2459 Oceani,
1870 2411 2023 2461 quam
2039 2410 2179 2445 arma
2197 2397 2344 2446 Rom.
2357 2409 2537 2445 ascen-

1471 2487 1591 2523 sura
1635 2486 1749 2523 esse
1803 2473 2171 2523 crediderant.'
2254 2473 2326 2523 Et
2380 2474 2537 2537 paulo

1474 2558 1629 2615 post:
1686 2553 1702 2579 ‘
1722 2550 1844 2615 Ipse
1887 2564 2120 2614 praesens
2172 2551 2266 2600 bos
2322 2548 2542 2599 deduxit

1472 2628 1767 2688 montibus3
1818 2628 1911 2677 hos
1952 2625 2216 2677 obsidibus
2257 2626 2533 2686 astrinxit;

1471 2709 1564 2756 bos
1607 2706 1703 2756 sub
1738 2719 1926 2756 corona
1944 2702 2067 2768 J‘ure
2104 2703 2225 2753 bell!
2259 2702 2538 2755 venumde-

1470 2783 1587 2841 dit:
1615 2788 1719 2834 ἃς.
1784 2783 1878 2833 Sil.
1920 2782 2040 2832 Ital.
2076 2780 2375 2831 ‘Cantaber
2415 2787 2538 2830 ante

1470 2857 1647 2912 om'nes
1671 2861 1976 2926 hyemisque
1998 2867 2257 2924 oestusque
2283 2857 2538 2922 famisque

1471 2937 1741 2989 Invictus!
1808 2936 2207 2987 Observandum
2259 2949 2433 2999 porro,
2468 2935 2542 2984 ita

1472 3018 1582 3083 sub·
1597 3016 1783 3079 jugum
1820 3015 1959 3065 mitti
1998 3015 2179 3064 solitos
2214 3013 2336 3063 olim
2371 3013 2537 3062 victos

1473 3094 1678 3143 hostes:
1713 3094 1874 3143 hastae
1899 3092 2016 3142 duae
2051 3092 2334 3154 interjecto
2365 3088 2538 3154 spatio

1471 3171 1523 3220 in
1547 3177 1738 3221 terram
1765 3168 2148 3234 defigebautur,
2168 3167 2326 3231 tertia
2361 3178 2541 3230 super·

1472 3248 1737 3311 imposita,
1769 3252 1927 3311 atque
1949 3246 2068 3296 iiiuc
2089 3251 2144 3294 et
2161 3244 2283 3294 inde
2306 3242 2541 3306 alligata.

1474 3323 1582 3373 Sub
1610 3325 1744 3373 banc
1778 3323 1938 3387 igitur
1971 3323 2193 3376 inermes
2214 3329 2269 3374 et
2291 3317 2543 3389 discincti

1473 3401 1697 3451 transire
1730 3400 1919 3456 coacti,
1942 3400 2142 3463 jugum·
2164 3396 2357 3457 subire,
2388 3384 2546 3444 victi-¹

1473 3492 1577 3543 que
1599 3491 1716 3541 esse
1738 3475 2105 3527 censebantur.
2161 3473 2299 3523 Vide
2324 3471 2437 3524 Liv.
2459 3484 2543 3526 lx.

1471 3559 1520 3605 6.
1544 3554 1632 3605 ubi
1651 3554 1801 3604 Rom.
1816 3552 1960 3603 Coss.
1978 3560 2033 3603 et
2056 3552 2288 3616 legiones
2316 3551 2540 3613 turpiter

1471 3633 1536 3682 ad
1563 3633 1793 3683 furculas
1815 3629 2074 3682 Caudinas
2095 3631 2190 3680 sub
2213 3630 2398 3694 jugum
2424 3629 2541 3679 mit-

1472 3716 1673 3761 tuntur.
2116 3739 2119 3742 ·

1536 3790 1567 3836 3
1605 3785 1853 3835 Barbarae
1869 3782 2061 3849 Syrtes]
2112 3783 2444 3849 Inhospitas,
2466 3781 2542 3831 iu.

1473 3873 1736 3922 accessus,
1765 3876 1930 3912 saevas
1970 3861 2038 3912 ob
2080 3866 2240 3911 aestus
2273 3873 2335 3908 ac
2370 3865 2541 3909 motus

1473 3939 1626 3990 maris
1646 3939 1847 3990 dubios.

1550 4017 1647 4067 Ubi
1662 4017 1842 4066 *Maura
1855 4029 2036 4079 semper
2052 4016 2246 4064 AEstune
2263 4011 2410 4077 undu]
2434 4011 2542 4062 Ubi

1470 4109 1614 4147 mare
1634 4093 1980 4144 'Mauritaniae
2004 4107 2095 4142 seu
2119 4089 2320 4143 Africae.
2340 4087 2541 4141 crebris

1474 4174 1734 4225 aestuariis
1769 4171 1958 4234 fervet,
1979 4171 2227 4221 vadosum
2259 4169 2449 4233 passim
2485 4174 2541 4218 et

1473 4253 1820 4317 scopulosum.
1902 4247 2040 4299 Vide
2083 4247 2221 4298 Pliu.
2261 4260 2324 4297 ιι.
2361 4249 2441 4297 97.
2483 4250 2542 4294 et

1471 4329 1647 4397 Epod.
1672 4342 1753 4383 rx.
1774 4325 1871 4379 sub
1891 4324 2069 4390 finem,
2090 4324 2270 4391 ibique
2297 4323 2425 4374 Not.
2493 4392 2502 4401 ἰ
