3059 4909
994 381 1406 433 causamur«
1453 383 1599 431 mn.
1644 382 1694 433 1.
1738 366 1846 434 12.

570 526 845 606 Crescit,
873 527 1138 593 occulto
1168 527 1346 593 velut
1373 528 1567 594 arbor
1596 546 1772 608 aevo,
1807 544 1826 557 ⁴

2377 368 2510 435 123

2418 531 2508 595 45

575 629 789 695 Fama
819 630 1166 697 Marcelli:
1212 632 1420 697 micat
1447 632 1617 697 inter
1643 651 1908 697 omnes.

569 732 615 798 J
620 733 832 797 ulium
862 732 1070 813 sidua,
1096 734 1280 798 velut
1307 734 1479 798 inter
1505 734 1694 816 ignes

1080 837 1278 901 Luna
1305 838 1617 902 minores.

572 934 818 1001 Gentis
842 937 1150 1003 humanae
1178 944 1370 1022 pater
1399 946 1608 1024 atque
1638 945 1887 1019 eus-toa,

319 1110 439 1162 eim
459 1111 605 1162 arbor
626 1119 800 1162 mereto
823 1111 1044 1177 temporis
1076 1124 1346 1177 progressu.
1411 1109 1483 1159 At
1501 1114 1680 1160 ceteros
1700 1110 1828 1163 iuter
1850 1113 2065 1177 splendet
2092 1118 2274 1163 astrum
2293 1110 2440 1174 Juzii,
2459 1113 2514 1160 ut

320 1176 455 1227 Luna
473 1179 605 1229 inter
626 1180 831 1228 ”tinore-3
850 1179 1030 1228 uenas.
1100 1170 1234 1242 ofili
1255 1174 1460 1225 Sotmz‘
1480 1175 1699 1240 Jupiter,
1720 1177 1913 1228 hamoni
1928 1178 2119 1240 generis
2137 1184 2300 1229 auctor
2328 1183 2376 1228 et
2405 1192 2514 1226 cou-

1230 1320 1382 1347 ουκ
1384 1321 1597 1344 eeeeee

317 1419 407 1472 Sil.
428 1420 556 1473 Ital.
581 1435 620 1473 ι.
640 1426 754 1474 609.
777 1428 826 1474 et
845 1424 1004 1474 aeirus
1018 1430 1127 1474 orto
1147 1424 1364 1475 Mediol.
1388 1429 1536 1476 1477.
1555 1432 1616 1477 ut
1634 1425 1770 1491 conj.
1793 1426 2101 1477 Reum—45
2125 1424 2245 1475 Nic.
2265 1421 2512 1473 Heinsius
2607 1438 2612 1441 ⁴

323 1486 459 1550 conj.
492 1488 677 1537 occulto
698 1504 811 1539 o.o.
835 1504 968 1552 arvo,
1006 1489 1044 1539 i.
1071 1505 1120 1543 e.
1153 1490 1368 1541 deserto
1405 1505 1610 1556 campo,
1645 1492 1903 1557 probante
1939 1491 2330 1542 Bentleio.—46
2368 1488 2517 1538 Fama

1301 1637 1515 1690 NOTAE

322 1729 675 1794 triumphavit,
709 1733 1027 1798 Romamque
1052 1735 1162 1799 jam
1197 1736 1266 1786 ab
1297 1736 1376 1788 his

320 1815 525 1871 captam
552 1814 762 1859 strenue
778 1812 1058 1877 pugnando
1074 1813 1377 1865 vindicavit.

214 1942 219 1949 ,
318 1883 404 1934 Ad
427 1900 587 1935 annos
610 1888 874 1957 octoginta
893 1887 1225 1952 Reipublicae
1249 1905 1381 1939 sem-

311 1958 414 2023 'per
447 1960 589 2011 utilis
629 1961 795 2013 vixitz
831 1964 951 2015 hinc
990 1971 1144 2028 pater
1180 1967 1381 2028 patria»,

321 2038 453 2088 alter
485 2039 750 2096 Romulus,
772 2055 833 2091 ac
851 2042 992 2092 urbis
1023 2043 1261 2094 conditor
1280 2058 1386 2094 me-

320 2115 460 2165 ritus‘
473 2116 744 2180 appellari.
810 2119 946 2170 Vide
970 2120 1084 2170 Liv.
1104 2120 1198 2170 lib.
1215 2134 1267 2170 v.
1282 2124 1383 2172 διο.

384 2197 448 2242 45
488 2193 693 2254 Crescit,
721 2197 898 2246 occulto
935 2198 1066 2247 velut
1094 2198 1234 2247 ‹rr-bor
1263 2214 1384 2262 oevo,

322 2270 475 2319 Fumo
496 2269 743 2335 Marcelli]
762 2271 911 2322 Sicut
933 2271 1088 2323 arbor
1107 2274 1295 2324 sensim
1317 2289 1381 2325 ae

322 2346 527 2396 nemine
578 2345 886 2398 advertente
941 2350 1152 2407 crescit,
1205 2352 1382 2401 occulto

323 2437 439 2486 «eoo,
459 2421 668 2472 labente
689 2422 824 2472 clam
857 2429 1111 2488 tempore.
1147 2439 1382 2490 progres-

323 2513 383 2548 su
403 2499 669 2548 mensium
680 2505 737 2549 et
756 2513 1023 2561 annorum,
1044 2502 1119 2552 ita
1142 2502 1383 2553 Marcelli

323 2573 462 2625 fama
504 2575 557 2625 in
595 2573 709 2625 dies
754 2581 975 2640 augetur
1020 2592 1083 2627 ac
1125 2578 1384 2629 celebrior

322 2651 517 2702 evadit.
586 2653 828 2702 Erasmus
849 2654 986 2703 hunc
1008 2655 1178 2705 locum
1209 2655 1286 2705 sic
1324 2656 1383 2705 il·

324 2727 513 2779 lustrat
532 2744 546 2779 ε
568 2729 585 2757 ‘
601 2728 782 2779 Solent
798 2725 1057 2793 praecocia
1071 2731 1246 2782 subito
1261 2730 1383 2783 flac-

326 2817 574 2863 cescere3
615 2805 706 2854 sed
728 2806 865 2870 quod
896 2808 1146 2870 paulatim
1183 2823 1385 2860 accres-

325 2880 419 2941 cit,
435 2879 670 2931 durabile
684 2886 781 2931 est.
805 2882 960 2932 Unde
975 2883 1229 2933 Horatius
1243 2884 1384 2934 Mar·

326 2957 445 3007 celli
465 2956 661 3007 famam
687 2959 829 3009 velut
857 2974 974 3008 cum
1007 2961 1196 3012 robore
1231 2961 1384 3012 arbo·

328 3047 439 3083 rem
459 3042 759 3096 surgentem
787 3035 1061 3088 celebrat!

390 3113 458 3158 46
489 3108 736 3172 Marcelli]
783 3110 913 3163 Quis
952 3111 1060 3172 ille,
1093 3127 1195 3163 non
1231 3114 1383 3177 plane

326 3190 550 3235 constat.
619 3184 724 3235 Alii
757 3187 936 3236 volunt
965 3187 1041 3238 Μ.
1076 3188 1382 3239 Marcellum

330 3259 568 3311 Octavia:
607 3261 831 3325 Augusti
867 3265 1059 3312 sororis
1090 3264 1272 3328 filium,
1302 3265 1385 3316 cni

320 3339 381 3388 iu
404 3339 623 3403 Imperii
650 3355 1002 3392 successorem
1028 3342 1281 3407 adoptato
1303 3359 1385 3393 sn-

330 3430 412 3465 am
451 3416 541 3466 ille
582 3415 740 3466 filiam
783 3416 1135 3481 desponderat
1174 3420 1385 3472 Juliam.

334 3491 413 3541 De
437 3505 502 3542 eo
524 3492 715 3556 Virgil.
736 3494 936 3545 AEneid.
958 3509 1038 3546 vi.
1058 3500 1174 3547 861.
1197 3501 1253 3545 et
1274 3511 1386 3561 seq.

326 3575 387 3618 et
407 3569 613 3619 Seneca
646 3568 713 3618 ad
738 3570 990 3620 Marciam
1023 3586 1139 3636 cap.
1171 3576 1222 3622 2.
1288 3574 1388 3622 Ve-

324 3658 441 3695 -rnm
479 3659 597 3695 cum
640 3644 991 3697 is'admodnm
1024 3649 1250 3712 juvenis,
1282 3651 1390 3701 sola

324 3718 501 3773 ,indole
545 3720 800 3784 praeclara
843 3722 1144 3773 nobilitatus
1186 3724 1392 3789 obierit,

322 3809 433 3858 quo
456 3802 614 3858 paeto
636 3796 747 3860 ejus
768 3795 906 3847 fama
933 3812 1168 3850 crescere
1201 3801 1253 3850 in
1278 3800 1390 3850 dies

335 3872 399 3921 ab
429 3872 656 3922 Horatio
688 3872 933 3924 dicatur?
993 3876 1182 3940 Itaque
1221 3877 1390 3926 malim

335 3961 575 4012 egocum
607 3949 722 3998 aliis
760 3950 1051 4016 intelligere
1084 3952 1162 4002 Μ.
1183 3952 1393 4002 Claudi·

335 4038 415 4072 um
436 4023 768 4086 Marcellum,
804 4026 1077 4090 quinquies
1099 4028 1392 4089 Consulem,

324 4097 424 4161 qui
448 4098 631 4148 Gallos
665 4098 1063 4164 Germanosque
1096 4102 1396 4166 debellavit,

335 4173 604 4238 ipsumque
619 4172 967 4229 Hannibalem
979 4177 1233 4228 invictum
1240 4187 1396 4231 autea

339 4247 474 4304 vinci
514 4262 667 4313 posse
698 4248 913 4303 docuitz
948 4251 1106 4321 alque
1129 4253 1196 4304 ab
1217 4268 1282 4305 eo
1302 4254 1395 4309 de·

1457 1753 1594 1796 mum
1640 1736 2019 1789 circumventus
2057 1750 2120 1785 ac
2163 1748 2328 1786 eaesus
2355 1732 2515 1784 etiam

1458 1816 1560 1865 eoli
1584 1822 1639 1866 et
1660 1814 1924 1866 observari
1940 1812 2131 1863 meruit
2146 1819 2262 1876 post
2282 1816 2517 1860 mortem.

1461 1891 1596 1939 Nam
1619 1897 1674 1941 et
1699 1888 1976 1941 honorifice
2010 1887 2337 1939 cremandum
2370 1885 2520 1936 Han·

1460 1966 1603 2016 nibal
1646 1966 1867 2030 curavit,
1903 1968 2114 2031 ejusque
2148 1964 2350 2012 cineres
2389 1975 2520 2011 urna

1463 2049 1712 2107 argentea
1734 2044 1956 2093 inclusos
1974 2048 2029 2090 et
2044 2054 2236 2091 corona
2251 2052 2408 2091 auree
2429 2036 2520 2086 de-

1462 2125 1668 2169 coratos
1706 2118 1773 2168 ad
1813 2118 1929 2183 ejus
1965 2117 2127 2167 filium
2165 2115 2328 2166 misit.
2393 2114 2519 2164 Plu·
2567 2151 2573 2159 .

1463 2196 1630 2246 tarch.
1660 2196 1776 2246 Liv.
1811 2194 1903 2246 lib.
1924 2207 2092 2245 xxm.
2123 2201 2182 2244 et
2203 2206 2313 2258 seq.
2335 2190 2521 2255 virgil.

1464 2272 1669 2324 AEneid.
1691 2286 1768 2324 v1.
1788 2276 1903 2322 85⁶.

1531 2350 1684 2400 Μίοαε
1739 2350 1868 2399 iuter
1923 2361 2081 2397 omns
2131 2345 2316 2395 Julian
2363 2340 2519 2404 fidus]

1461 2427 1675 2476 Sueten.
1696 2426 1805 2478 Jul.
1828 2439 1945 2488 cap.
1965 2427 2048 2474 88.
2072 2422 2148 2471 ita
2170 2419 2390 2470 scribit:
2422 2425 2436 2446 ⁸
2454 2417 2519 2467 Iu

1464 2502 1693 2551 Deorum
1737 2513 2004 2550 numerum
2047 2498 2239 2547 relatus
2274 2501 2373 2551 est,
2393 2534 2400 2539 .
2417 2507 2522 2544 non

1466 2593 1558 2629 ore
1579 2578 1733 2628 modo
1766 2574 2177 2635 decernentium,
2208 2570 2301 2621 sed
2324 2577 2382 2621 et
2402 2583 2522 2633 per-

1461 2654 1702 2704 suasione
1722 2653 1893 2713 vulgi:
1930 2649 2185 2714 siquidem
2218 2646 2374 2707 ludis,
2394 2658 2523 2709 quos

1464 2731 1632 2796 primo
1651 2733 1987 2780 consecratos
2008 2726 2058 2775 ei
2073 2725 2240 2775 hares
2256 2722 2523 2787 Augustus

1461 2807 1674 2867 edebat,
1695 2805 1850 2857 stella
1868 2802 2056 2855 crinita
2073 2815 2167 2866 per
2184 2807 2386 2863 septem
2408 2796 2523 2847 dies

1462 2884 1735 2935 continuos
1767 2880 1936 2943 fulsit,
1975 2877 2211 2929 exoriens
2253 2875 2399 2927 circa
2429 2887 2524 2922 nn-

1461 2960 1717 3011 decimam
1773 2959 1986 3007 horamt
2034 2953 2395 3016 creditumque
2442 2955 2528 3000 est

1463 3037 1682 3086 animam
1718 3047 1835 3083 esse
1872 3031 2092 3083 Caesaris
2131 3029 2185 3078 iu
2222 3028 2407 3077 coelum
2446 3039 2527 3075 re-

1464 3112 1640 3176 cepti:
1675 3116 1731 3161 et
1750 3111 1847 3160 hac
1869 3110 1935 3158 de
1956 3105 2397 3158 causa-simulacro
2418 3103 2529 3167 qiu·

1463 3188 1516 3238 in
1547 3188 1747 3238 vertice
1772 3184 1983 3236 additur
2020 3181 2210 3233 stella?
2273 3179 2423 3230 Idem
2447 3193 2532 3228 re-

1462 3264 1633 3314 fertur
1664 3264 1714 3312 iu
1754 3262 2001 3326 Epistolis
2037 3260 2278 3325 Augusti.
2344 3256 2531 3320 virgil.

1467 3341 1648 3402 Eclog.
1669 3351 1748 3389 rx.
1769 3342 1854 3388 47.
1883 3338 1900 3367 ‘
1921 3339 2063 3387 Ecce
2085 3336 2289 3386 Diouaei
2320 3347 2529 3398 proces·

1464 3417 1535 3467 sit
1577 3415 1797 3466 Caesaris
1839 3412 2073 3464 astrum!
2134 3412 2270 3462 Vide
2291 3417 2366 3459 ·et
2403 3410 2530 3459 Plu-

1468 3493 1633 3543 tarch.
1657 3490 1818 3540 Dion.
1841 3489 1935 3538 lib.
1958 3501 2088 3538 xtv.
2121 3488 2307 3537 Senee.
2329 3486 2530 3538 Quaest.

1467 3569 1710 3620 Natural.
1734 3580 1832 3618 vu.
1853 3571 1934 3617 17.
1955 3567 2096 3617 Plin.
2117 3579 2182 3616 11.
2205 3569 2287 3614 26.
2310 3562 2400 3612 ubi
2420 3560 2530 3611 Au·

1468 3645 1606 3709 gusti
1630 3643 1793 3707 ipsius
1819 3642 1886 3692 de
1909 3641 2098 3692 crinito
2120 3640 2208 3689 illo
2229 3637 2400 3687 sidere
2427 3642 2532 3687 tee-

1468 3722 1737 3775 timonium
1764 3717 1944 3767 refert.
2009 3716 2175 3765 Porro
2200 3717 2429 3762 cometes
2443 3711 2533 3761 ille

1470 3793 1965 3847 ChristiServatoris
1979 3790 2144 3840 nostri
2157 3790 2378 3839 natalem
2397 3803 2533 3854 prae-

1468 3872 1732 3925 nuntiasse
1755 3869 1918 3918 multo
1936 3868 2118 3917 melius
2139 3867 2388 3917 creditur.

1533 3951 1600 3996 49
1637 3945 1812 3995 Genti-³
1832 3944 2047 3994 humane
2062 3949 2221 4008 pater,
2242 3944 2353 4009 qm]
2388 3945 2534 3997 Pra-

1472 4025 1616 4074 clare
1637 4021 1704 4073 ad
1728 4019 2046 4084 Augustum,
2065 4035 2168 4086 qno
2186 4028 2327 4073 totus
2351 4021 2534 4072 tende·

1471 4101 1583 4161 bat,
1626 4097 1939 4149 laudandum
1961 4098 2125 4148 ·veuit
2165 4099 2394 4162 tandem,
2440 4110 2534 4161 per

1470 4177 1821 4241 apostrophen
1841 4174 1919 4229 ,ad
1961 4176 2166 4236 Jovem,
2200 4173 2298 4227 cni.
2317 4172 2535 4225 divisum

1474 4270 1593 4309 eum
1613 4255 1728 4320 ipso
1747 4252 2033 4318 Imperium
2056 4250 2278 4305 usserit.⁸
