3059 4909
1231 381 1301 443 Q.
1347 377 1667 429 noaa‘ru
1718 374 1984 427 puscet

774 526 1007 593 Fatale
1036 531 1423 603 monstrum,
1453 526 1606 607 quae
1634 525 2025 606 generosius

772 630 1001 696 Perire
1031 650 1369 715 quaerenS,
1386 649 1508 694 nec
1536 624 1951 693 muliebriter

858 734 1157 818 Expavit
1188 754 1440 813 ensem,
1470 752 1594 798 nee
1621 734 1899 798 latentes

948 836 1189 904 Classe
1219 838 1357 902 cita
1382 835 1729 920 reparavit
1754 850 1954 900 oras:

776 939 971 1007 Ausa
996 946 1063 1006 et
1080 940 1419 1025 jacentem
1449 940 1665 1004 visere
1689 938 1939 1021 regiam

2636 936 2721 1001 25

777 1042 991 1109 Vultu
1022 1062 1281 1121 sereno,
1311 1041 1504 1107 fortis
1536 1051 1609 1106 et
1636 1058 1914 1124 asperas

520 1214 755 1265 AEmonioe
775 1213 998 1279 niveam)
1012 1219 1067 1264 nt
1088 1215 1140 1264 in
1159 1215 1346 1264 vinula
1367 1215 1616 1277 conjiceret
1635 1214 1887 1275 funestam
1912 1219 2199 1279 portentum.
2266 1213 2362 1264 Illa
2391 1227 2501 1263 vero
2536 1216 2721 1261 strenae

516 1280 642 1328 meri
662 1281 836 1337 volens,
866 1281 991 1330 haud
1006 1279 1227 1343 gladium
1246 1280 1491 1330 extremit
1521 1295 1649 1330 more
1675 1280 1917 1342 smniaeo,
1940 1296 2025 1331 nec
2056 1280 2324 1329 reconditus
2355 1278 2497 1328 celeri
2531 1276 2722 1338 navigio

517 1350 675 1394 terras
693 1345 960 1410 requisivit.
1029 1345 1125 1396 Sed
1134 1345 1305 1407 fronte
1333 1347 1447 1396 toeta
1463 1346 1758 1411 desperatum
1779 1346 1927 1396 etium
1945 1360 2144 1409 regnam
2164 1345 2300 1396 adire
2319 1360 2413 1394 aon
2444 1343 2601 1393 verita
2620 1346 2723 1396 σαί

1447 1484 1813 1505 OOOO‘OWOOO

521 1570 588 1616 24
621 1567 910 1630 Bentleius,
932 1568 1093 1619 verbo
1126 1575 1141 1598 ‘
1167 1583 1412 1633 reparare
1428 1569 1444 1592 '
1478 1567 1722 1628 offensus,
1746 1570 1880 1635 conj.
1909 1568 2181 1633 penetravit
2201 1580 2328 1627 orae,
2345 1579 2411 1615 ex
2435 1565 2585 1628 Virg.
2606 1560 2721 1613 AEn.

525 1635 639 1682 143.
653 1633 744 1709 „ire
760 1634 972 1697 paravit,
997 1634 1312 1721 ingeniosius
1333 1643 1387 1686 et
1409 1637 1700 1699 elegantius
1720 1635 1843 1687 Jani
1861 1633 2060 1699 judice,
2081 1633 2222 1696 conj.
2244 1633 2348 1681 Bos
2374 1630 2546 1680 Anim.
2566 1644 2617 1693 p.
2640 1632 2721 1678 86.

524 1707 585 1745 nt
618 1697 837 1747 ‘ibimus
877 1698 1034 1749 Afros
1114 1700 1265 1765 Virg.
1305 1701 1421 1751 Ecl.
1457 1715 1497 1749 ῐ.
1567 1700 1797 1752 reseravit
1833 1715 1944 1749 orus
1978 1698 2117 1761 conj.
2159 1697 2319 1747 With.
2360 1704 2415 1747 et
2448 1695 2722 1754 Jortimm

521 1760 736 1812 Wakef.
772 1778 915 1827 vero,
946 1766 1192 1829 repedavit
1230 1781 1353 1822 oras,
1382 1781 1499 1817 cum
1530 1764 1632 1816 hac
1669 1765 2063 1817 Annotatione:
2095 1763 2405 1826 ‘vulgatam
2442 1761 2722 1813 lectionem

561 1829 638 1877 uis
661 1828 878 1879 audebit
900 1831 953 1879 in
978 1844 1034 1879 se
1057 1832 1320 1895 suscipere
1339 1829 1757 1882 defendendam?
1793 1832 1873 1882 De
1896 1837 2076 1880 nostra
2097 1829 2180 1878 adi
2200 1828 2392 1878 Titium
2414 1825 2480 1875 ad
2494 1825 2718 1889 Scriptt.

529 1956 544 1970 ο
579 1900 718 1942 enat.
743 1907 794 1958 p.
818 1899 934 1946 176.
968 1895 1065 1945 Ed.
1100 1895 1428 1947 Burm.’—25
1470 1900 1605 1947 Ausa
1636 1903 1688 1947 ut
1709 1897 1836 1946 Var.
1860 1896 2008 1948 Lect.
2029 1910 2115 1959 ap.
2131 1895 2312 1947 Jones.
2362 1896 2611 1942 vacantem
2632 1904 2726 1954 pro

514 1964 756 2017 ,vacentem
777 1959 906 2010 ibid.
940 1966 1188 2018 tacentem,
1222 1961 1272 2011 b.
1291 1976 1339 2012 e.
1374 1961 1679 2025 desolatam,
1717 1976 1946 2023 vacuam,
1982 1962 2124 2026 conj.
2170 1959 2344 2009 Bentl.
2380 1966 2438 2008 et
2476 1957 2554 2006 sic
2594 1970 2725 2004 unus

532 2024 993 2076 Bersmanni.-26
1032 2027 1181 2077 Vultu
1198 2041 1241 2076 a.
1261 2026 1430 2088 fortis,
1453 2034 1520 2091 et,
1543 2032 1625 2093 ξε.
1657 2027 1987 2093 distinguunt
2008 2025 2247 2093 quaedam
2265 2023 2385 2074 edd.
2401 2030 2530 2073 vett.
2552 2020 2724 2071 Lamb.

1536 2166 1750 2220 NOTAE

522 2270 731 2324 monte3
763 2264 847 2313 vel
873 2265 1066 2331 potius,
1083 2266 1391 2317 Thessalicae
1414 2266 1585 2331 regio·

522 2342 602 2390 nis
629 2342 1008 2395 Macedonibus
1043 2346 1291 2408 proximae
1324 2345 1391 2396 ab
1414 2345 1585 2395 AEmo·

524 2432 591 2467 ne
616 2419 949 2470 Deucalionis
970 2418 1081 2470 filio
1105 2427 1434 2486 nuncupatae.

596 2496 755 2546 Daret
796 2501 851 2546 nt
882 2499 1061 2547 catenis
1098 2498 1269 2549 Fatale
1302 2496 1586 2560 taenarum]

526 2573 605 2623 Ut.
645 2573 905 2637 captivam
952 2575 1198 2627 aveheret
1253 2575 1589 2639 Cleopatram

526 2647 850 2713 Reipublicae
892 2652 1137 2703 Romanae
1169 2651 1386 2703 fatalem
1407 2658 1464 2702 et
1481 2653 1592 2702 exi-

524 2723 744 2789 tiosam3
776 2730 860 2779 vel
890 2743 1002 2779 snae
1036 2731 1213 2794 glorias
1242 2744 1304 2780 ac
1331 2730 1593 2793 triumpho

526 2801 655 2853 fatis
693 2813 1028 2855 reservatam.
1093 2805 1317 2856 Addunt
1352 2806 1457 2862 alii,
1481 2804 1593 2855 the-

526 2883 693 2932 sauris
717 2883 830 2946 ejus
853 2882 1093 2947 potiundi
1130 2897 1298 2947 spem,
1319 2883 1594 2947 insequen-

527 2959 585 3009 di
608 2959 1008 3010 cansamfuisse.
1048 2955 1053 2960 ’
1386 2975 1393 2982 ·
1571 2971 1577 2976 ·

528 3059 533 3064 ·
568 3041 657 3087 ’21
695 3038 817 3093 Quoe
846 3038 1121 3100 genev-osiae
1157 3038 1332 3087 Perire
1359 3052 1594 3101 querens,

527 3110 639 3178 ξιξ]
695 3111 851 3164 Haud
898 3114 1204 3166 muliebrem
1243 3115 1466 3165 animum
1499 3115 1593 3165 sed

530 3191 727 3241 virilem
752 3193 926 3256 potius
953 3206 1135 3257 gerens
1165 3195 1219 3244 in
1240 3208 1460 3259 corpore
1480 3209 1594 3243 mu-

527 3267 701 3330 liebri,
740 3282 1067 3334 nequaqnam
1101 3283 1246 3322 more
1267 3269 1596 3321 foeminarum

531 3346 670 3394 ensis
697 3346 861 3397 aciem
886 3348 1120 3411 expavit.
1191 3349 1595 3399 Nimirumcum

530 3420 800 3486 Augustus
836 3422 1232 3488 Alexandriam,
1255 3425 1595 3490 obsessosque

529 3498 607 3548 ibi
643 3497 926 3552 Antonium
966 3508 1023 3552 et
1062 3503 1395 3568 Cleopatram
1439 3501 1593 3552 rede·

530 3576 694 3637 gisset
728 3578 780 3627 in
813 3592 954 3628 suam
992 3587 1344 3643 potestatem3
1377 3594 1433 3631 se
1476 3581 1594 3645 qui·

530 3653 649 3702 «iem
703 3654 971 3706 interemit
1014 3655 1272 3707 Antonius
1301 3675 1318 3706 e
1374 3655 1598 3719 arripuit

529 3740 587 3781 et
610 3732 895 3797 Cleopatra
931 3735 1184 3801 gladium,
1214 3748 1319 3801 quo
1341 3735 1441 3785 sibi
1460 3750 1598 3785 mor-

530 3816 639 3860 tem
682 3809 896 3862 inferret
922 3829 938 3862 =
996 3811 1088 3863 sed
1137 3811 1400 3876 prohibita
1442 3817 1523 3862 est
1566 3827 1599 3863 a

532 3881 809 3940 Proculeio
829 3891 971 3940 intra
992 3890 1349 3953 sepulcrorum
1366 3891 1600 3940 claustra

531 3964 689 4013 misso
730 3966 1015 4022 a'Caesare‚
1048 3965 1137 4029 qui
1177 3965 1347 4015 vivam
1386 3980 1598 4017 servare

529 4039 598 4091 ad
646 4044 725 4091 sui
784 4042 1033 4106 triumphi
1087 4041 1248 4093 decus
1291 4043 1596 4107 exoptabat.

530 4119 799 4195 Plutarch.
822 4120 874 4168 in
894 4120 1017 4169 Vita
1040 4118 1269 4170 Antonii.
1310 4121 1490 4171 Livius
1507 4122 1596 4172 lib.

535 4207 785 4243 cxxxiii.
807 4194 899 4242 cit.
1520 4202 1526 4208 ·

595 4270 658 4317 23
695 4268 801 4318 Nee
838 4271 1037 4321 latentes
1075 4271 1239 4322 Classe
1272 4271 1369 4322 cito
1400 4267 1593 4335 repar-a-⁸
1619 4322 1626 4329 .

1669 2267 1745 2316 vit
1760 2267 1910 2332 ‘orasJ
1951 2266 2065 2316 Nec
2087 2265 2138 2314 in
2161 2271 2387 2313 remotas
2411 2259 2627 2325 AEgypti
2651 2271 2729 2307 re·

1672 2345 1846 2409 giones
1880 2344 2010 2393 clam
2044 2338 2269 2404 aufugit,
2309 2344 2398 2387 aut
2427 2350 2640 2401 usquam
2664 2335 2730 2383 la·

1674 2428 1787 2471 tere
1824 2420 2007 2481 voluit,
2039 2416 2133 2467 sed
2171 2413 2542 2466 Alexandriam
2586 2416 2730 2462 recto

1674 2510 1828 2547 cursu
1852 2486 2139 2545 contendit.

1736 2571 1987 2634 Latentea]
2042 2570 2155 2621 Cic.
2209 2568 2395 2633 Agrar.
2440 2580 2505 2616 n.
2550 2581 2602 2617 n.
2650 2569 2731 2616 4⁸.

1671 2649 1849 2701 ‘Quid
1906 2645 2247 2703 Alexandria,
2301 2653 2595 2709 cunctaque
2650 2642 2733 2692 ΙΕ-

1672 2734 1868 2790 gyptus
1879 2725 1906 2790 ἒ,
1939 2731 1997 2774 ut
2019 2724 2227 2773 occulte
2244 2723 2392 2781 latet,
2416 2729 2476 2770 ut
2499 2719 2735 2770 recondi-

1673 2810 1730 2854 ta
1749 2802 1901 2853 est?'
1964 2802 2125 2852 Suum
2160 2795 2343 2850 tamen'
2373 2805 2561 2863 postea
2593 2797 2733 2847 dam·

1674 2879 1821 2930 navit
1864 2893 2126 2929 errorem:
2163 2877 2528 2941 intellexitque
2573 2875 2737 2946 satius

1673 2955 1906 3007 faturum
1926 2955 2091 3006 fnisse
2111 2954 2301 3005 cedere
2332 2953 2573 3019 tempori,
2605 2960 2661 3003 et
2684 2952 2736 3002 in

1672 3042 1841 3087 tutum
1886 3035 2109 3100 aliquem
2159 3034 2330 3083 locum
2376 3046 2434 3082 se
2479 3031 2735 3096 recipere,

1673 3114 1796 3164 dum
1831 3113 2024 3163 bellum
2058 3116 2366 3177 repararet3
2400 3109 2737 3174 conspirante

1673 3190 1965 3256 proesertim
2006 3190 2060 3239 in
2101 3190 2211 3254 ejus
2245 3186 2488 3237 auxilium
2514 3192 2632 3236 tota
2652 3185 2737 3235 ΙΕ-

1673 3275 1856 3334 gypto.
1937 3267 2076 3317 Vide
2118 3265 2303 3329 Vir-gil.
2347 3264 2555 3315 AEneid.
2606 3276 2736 3313 vm.

1674 3350 1790 3397 707.
1829 3351 1885 3396 et
1920 3359 2028 3409 seq.
2063 3350 2120 3394 et
2154 3343 2393 3393 Servium
2434 3343 2485 3391 in
2520 3355 2640 3391 eum
2664 3341 2737 3390 lo·

1676 3417 1815 3473 cum.
1876 3421 2013 3472 Vide
2056 3429 2115 3472 et
2158 3420 2429 3470 Plutarch.
2485 3418 2737 3470 Dionem·

1675 3517 1796 3569 que,
1830 3507 2091 3552 tentatam
2132 3500 2197 3550 ab
2231 3514 2294 3549 ea
2330 3500 2505 3564 fugam
2545 3514 2644 3565 per
2674 3499 2741 3550 si·

1675 3595 1798 3632 num
1822 3578 2127 3640 Arabicum,
2147 3584 2334 3628 contra
2348 3584 2643 3628 narrantes.

1741 3662 1806 3707 26
1840 3655 1976 3705 Ausa
2007 3661 2057 3705 et
2081 3654 2321 3717 jacentem
2348 3655 2505 3705 visere
2534 3655 2739 3722 regiam,

1675 3737 1783 3800 ξω]
1843 3735 2188 3798 Desperatum
2232 3733 2357 3783 licet
2399 3746 2618 3795 reguum
2663 3734 2742 3784 in-

1679 3826 1855 3877 gressa
1875 3810 2001 3859 nibil
2023 3809 2090 3859 de
2113 3809 2357 3874 superbia
2380 3809 2604 3860 remisit:
2631 3809 2741 3859 vnl-

1678 3897 1735 3939 tu
1754 3901 1939 3937 sereno
1964 3886 2159 3949 regiam
2189 3884 2317 3949 adit,
2352 3885 2532 3950 ibique
2557 3885 2611 3935 in
2634 3900 2741 3935 om·

1677 3965 1732 4015 ni
1752 3959 1877 4014 luxu
1901 3970 2158 4024 versatur,
2180 3968 2319 4012 teste
2340 3961 2645 4013 Plutarcho.

1742 4045 1808 4092 26
1845 4041 2009 4091 Fortis
2049 4044 2098 4090 et
2139 4053 2332 4103 asperos
2371 4040 2603 4104 Tractat?
2642 4053 2741 4088 ser-

1672 4121 1861 4184 pentes]
1907 4119 2036 4168 Cum
2062 4118 2113 4167 in
2140 4116 2350 4167 victoris
2374 4121 2637 4180 potestate
2661 4130 2740 4165 es·

1678 4201 1777 4260 set,
1800 4195 2033 4260 morique
2069 4194 2446 4249 constituisset,
2477 4200 2736 4242 secretum

1675 4274 1855 4323 mortis
1879 4286 2040 4337 genus
2081 4270 2323 4323 tentavit.
2389 4271 2529 4320 Flor.
2555 4283 2633 4321 w.
2658 4273 2739 4321 ll.
