3059 4909
544 354 673 421 160

1256 371 1327 433 q.
1373 370 1693 423 noan-11
1743 371 2008 423 resecr

1304 457 1339 505 ,ι
1599 460 1629 503 2

803 456 1159 581 thndituss
1179 513 1339 595 levi,
1369 515 1566 581 datus
1594 517 1663 581 in
1693 483 1959 582 theatro

1381 594 1490 684 usn
1520 618 1642 683 tibi
1671 598 1975 704 pla‘usu8‚

804 715 977 784 Care
1012 717 1356 786 Maecenas
1396 740 1607 807 eques
1627 742 1646 802 3

1691 727 1764 788 ut
1794 722 2051 809 paterni
2111 788 2118 795 ,
2696 723 2739 789 5

805 817 1139 886 Fluminis
1161 811 1583 906 ripae,‘simul
1614 828 1680 888 et
1701 820 1949 908 jocosa

809 920 1154 989 Redderet
1181 922 1418 988 laudes
1450 924 1571 989 tibi
1602 923 1926 990 Vaticani

1322 1026 1575 1093 Montis
1602 1029 1850 1112 imago·

547 1181 642 1233 bile
660 1182 904 1250 Sabin-m
923 1189 1046 1252 quod
1073 1194 1255 1251 egomet
1286 1189 1409 1239 inivi
1433 1189 1604 1238 Groeco

1627 1186 1779 1251 fictili
1810 1189 2042 1237 reclusum
2061 1203 2082 1246 ,·

2271 1162 2280 1177 ‘
2308 1181 2374 1236 {a
2387 1174 2738 1263 ῑῆριιὶῑιῐᾱιω

549 1250 908 1302 acclamas-’om
924 1252 1018 1302 fibi
1044 1268 1272 1303 concessa
1280 1252 1482 1313 fumat
1505 1257 1676 1313 tante,
1695 1257 1752 1301 ut
1782 1254 2058 1316 applausum
2095 1253 2327 1301 iterarent
2347 1252 2436 1300 tihi
2457 1250 2739 1313 cutm-arpa-

550 1314 810 1379 austasii,
834 1318 1020 1381 pariter
1046 1323 1096 1368 ct
1115 1317 1412 1369 adumbratio
1427 1318 1615 1379 festivo
1643 1317 1774 1367 collis
1804 1316 2043 1368 Vaticani.
2114 1317 2185 1366 Tu
2211 1316 2339 1367 domi
2365 1317 2553 1380 potabis
2577 1318 2739 1366 Coecu-

1467 1444 1495 1466 O
1499 1445 1556 1469 Ν
1560 1443 1705 1466 ‘NG‘
1710 1444 1828 1467 ene

549 1544 722 1587 ortum
744 1553 859 1591 esse
890 1541 1108 1593 Vita-s
1141 1544 1363 1595 Mentel.
1394 1545 1530 1595 eleni.
1581 1543 1818 1609 quaedam
1851 1542 1973 1593 edd.
2012 1547 2069 1593 ut
2092 1541 2253 1592 Basil.
2281 1544 2425 1591 1⁵31.
2463 1546 2518 1591 et
2552 1540 2740 1589 Venet.

554 1606 700 1653 1600.
729 1605 875 1655 datar
888 1607 946 1657 in
967 1609 1267 1659 theatro—3
1303 1613 1320 1639 ‘
1340 1610 1484 1661 clare
1502 1609 1709 1659 emend.
1740 1609 1917 1660 Bentl.
1952 1623 1982 1658 e
2024 1607 2208 1658 codice
2243 1607 2376 1670 Reg-
2407 1605 2532 1654 Soc.
2570 1618 2742 1669 neque

553 1667 689 1717 enim
712 1672 991 1721 convenire
1016 1672 1141 1725 Cure
1161 1688 1316 1738 eques,
1343 1689 1441 1726 nec
1461 1689 1602 1738 eques
1621 1674 1858 1738 epitheto
1880 1672 2105 1733 nudum3
2135 1673 2276 1721 Chre
2294 1684 2432 1734 eques
2451 1682 2566 1719 esse
2587 1667 2750 1728 idem,

551 1731 690 1844 guod
719 1745 809 1784 ιιι.
833 1735 938 1787 od.
957 1741 1039 1787 16.
1059 1743 1141 1788 20.
1173 1741 1189 1767 ‘
1207 1739 1438 1803 equitum
1459 1739 1658 1789 decas!
1698 1738 1802 1788 Sed
1826 1737 1948 1802 quid
1971 1738 2026 1787 ni
2047 1737 2210 1800 possit
2225 1750 2362 1800 eques
2383 1735 2491 1785 sine
2507 1733 2746 1798 epitheto

590 1795 657 1845 ici
682 1797 984 1851 Maecenas?
1016 1817 1131 1853 cum
1155 1811 1380 1864 constet,
1399 1803 1562 1866 illum,
1580 1804 1718 1869 quod
1741 1802 1975 1867 equestri
1999 1801 2251 1866 dignitate
2272 1806 2548 1851 contentus
2581 1804 2742 1857 esset.

550 1859 868 1913 delectatum
893 1863 1057 1916 fuisse
1079 1869 1270 1932 equitis
1294 1868 1668 1933 appellatione,
1691 1882 1791 1933 qua
1815 1869 1924 1918 laus
1946 1866 2059 1916 e'us
2093 1864 2426 1916 continentiae
2450 1863 2741 1913 continere·

554 1932 662 1976 tur.
731 1927 855 1978 Care
875 1931 1138 1994 Moecenas,
1172 1933 1352 2000 (plane
1387 1941 1446 1983 ut
1477 1934 1709 1984 ‘dilecte
1733 1931 1829 1983 M.’
1864 1945 1929 1981 ιι.

2007 1930 2059 1980 d.
2078 1935 2160 1980 20.
2182 1927 2260 1994 7.)
2294 1943 2406 1978 cum
2441 1927 2744 1977 familiarius

552 1995 657 2052 est,
680 1997 735 2041 et
757 1994 930 2057 apths
953 1995 1151 2059 odorio,
1173 1998 1264 2049 ubi
1297 1998 1365 2048 de
1386 1998 1508 2048 vino
1534 1999 1709 2062 agitur
1742 1996 1869 2062 (nou
1906 1996 2041 2047 forte
2075 1994 2144 2044 de
2178 1993 2454 2044 virtutibus
2493 2007 2557 2041 ac
2594 1990 2743 2040 rebus

554 2055 718 2117 gestis
739 2057 863 2123 viri)
883 2074 899 2119 ;
926 2066 1058 2124 tum,
1078 2063 1122 2111 si
1144 2061 1211 2113 de
1235 2064 1395 2114 totins
1419 2064 1601 2126 populi
1615 2063 1676 2124 *in
1695 2076 1816 2112 curn
1842 2074 2015 2110 amore
2037 2058 2345 2123 accipiatur,
2366 2057 2619 2120 majorem
2644 2056 2744 2105 vim

550 2118 764 2185 mm»
781 2130 838 2172 et
862 2124 943 2186 ἰὴ,
964 2140 1078 2189 quoe
1098 2136 1406 2192 sequuntur,
1431 2127 1597 2189 magis
1614 2125 1889 2177 convenire
1913 2125 2149 2184 videtum
2175 2122 2306 2188 quod
2332 2122 2547 2187 pulchre
2567 2121 2748 2170 obser-

555 2191 729 2234 vatum
762 2187 1004 2238 Curiatio.
1071 2191 1317 2241 Ceterum
1338 2192 1581 2241 Bentleio
1600 2189 1914 2253 suffragatur
1934 2190 2183 2238 Wakker.

2207 2204 2259 2251 p.
2286 2192 2365 2238 ll.
2398 2194 2508 2237 tum
2541 2185 2617 2236 sic
2640 2184 2745 2232 edi·

551 2245 742 2299 derunt
764 2251 924 2305 etiam
947 2254 1080 2303 Cun.
1113 2255 1304 2305 Sanad.
1369 2255 1640 2307 Quomodo
1674 2261 1845 2305 autem
1881 2255 2022 2305 clare
2044 2251 2279 2302 Lambini
2311 2252 2586 2301 lectionem
2627 2263 2746 2312 esse,

552 2309 729 2364 dicere
764 2317 997 2380 potuerit
1031 2318 1224 2370 Sanad.
1252 2334 1355 2372 uon
1381 2319 1665 2385 assequor!
1698 2320 1835 2369 Jani.
1903 2319 2194 2369 Bentleiuni
2229 2317 2392 2368 secuti
2429 2324 2549 2365 suut
2584 2314 2744 2375 etiam

1540 2454 1761 2508 NOTAE

617 2551 647 2598 3
671 2546 832 2599 Datus
852 2549 907 2599 in
927 2550 1115 2601 theatro
1138 2552 1260 2603 Cum
1279 2552 1371 2603 tibi
1390 2553 1609 2619 plausus]

546 2622 786 2675 Jucunde
820 2626 971 2678 simul
1005 2635 1062 2680 et
1092 2629 1371 2682 honorifice
1395 2629 1610 2682 refricat

548 2698 802 2755 Horatius
845 2704 1127 2755 Maecenati
1167 2707 1463 2757 memoriam
1498 2706 1609 2757 dati

550 2792 646 2841 per
669 2778 928 2842 Populum
951 2781 1235 2833 Romanum
1257 2784 1491 2847 plausus,
1514 2797 1609 2833 seu

550 2867 668 2903 cum
688 2854 753 2903 ad
768 2857 1072 2919 spectacula
1089 2858 1341 2919 venissen
1366 2858 1610 2913 solebant

550 2932 683 2980 enim
701 2933 798 2983 viri
814 2949 998 3005 graves
1013 2950 1075 2986 ac
1090 2936 1156 2986 de
1172 2935 1462 3002 Republica
1475 2937 1610 2988 bene

549 3008 724 3058 meriti
767 3012 1223 3062 acclamationibus
1261 3013 1458 3080 excipi;
1515 3028 1609 3064 seu

551 3097 670 3132 cum
699 3084 850 3136 ludos
885 3086 998 3150 ipse
1035 3087 1358 3139 exhibuisset
1391 3104 1485 3155 pro
1516 3102 1611 3140 sua

547 3156 867 3211 liberalitate
901 3162 1235 3227 magnificosg
1268 3178 1359 3214 seu
1387 3165 1453 3217 ob
1475 3166 1626 3217 18ιί-

552 3233 675 3284 tiam
697 3243 1021 3301 recuperatae
1043 3254 1073 3288 a
1094 3240 1390 3291 Maecenate
1413 3243 1611 3293 valetu-

553 3307 706 3374 dinis,
725 3312 892 3361 varias
914 3313 1050 3364 enim
1073 3315 1200 3365 varii
1225 3316 1435 3382 plausus
1458 3319 1610 3383 hujus

552 3399 733 3436 causas
753 3389 1223 3442 comminiscuntur.
1451 3390 1458 3396 ’

616 3466 646 3509 5
686 3462 868 3528 Eques]
902 3464 1166 3517 Modestia
1185 3468 1272 3519 hic
1306 3470 1610 3520 Maecenatis

551 3537 862 3602 celebratur,
885 3542 973 3607 qui
996 3558 1114 3594 cum
1137 3560 1360 3596 summos
1379 3560 1610 3611 quosque

550 3627 824 3680 capessere
847 3619 1182 3683 magistratus
1208 3622 1483 3684 potuisset,
1517 3621 1610 3673 ob·

548 3689 686 3741 latos
729 3693 886 3750 etiam
945 3695 1223 3758 recusavit,
1265 3703 1321 3748 et
1363 3698 1611 3763 Equestri

551 3763 807 3829 dignitate
846 3776 1124 3821 contentus
1161 3771 1306 3823 vixit.
1360 3773 1608 3837 Propert.

551 3853 642 3891 111.
664 3845 715 3891 9.
738 3846 786 3892 1.
828 3845 844 3872 ‘
870 3844 1137 3895 Maecenas
1177 3847 1350 3913 Eques
1387 3849 1611 3901 Etrusco

550 3916 618 3966 de
635 3921 883 3983 sanguine
918 3922 1146 3986 Regum,
1177 3925 1324 3975 Intra
1349 3925 1609 3979 fortunam

552 3994 639 4057 qui
659 3995 806 4058 cupis
826 4009 941 4046 esse
966 3998 1144 4049 tuam.'

623 4069 693 4118 Ut
707 4073 898 4134 paterni
921 4074 1159 4125 fluminis
1175 4075 1309 4140 ripa,
1330 4076 1440 4141 ξω]
1471 4079 1611 4128 Tan·

554 4151 642 4194 tus
678 4160 833 4209 porro
867 4148 967 4200 fuit
997 4150 1089 4200 ille
1124 4151 1355 4215 plausus,
1391 4161 1452 4204 ut
1489 4154 1611 4207 inde

554 4231 893 4285 personarent
915 4225 955 4274 ri
962 4241 1043 4290 pae
1060 4226 1262 4278 Tiberis
1280 4230 1609 4280 scaturientis

1690 2551 1743 2603 in
1778 2551 2049 2615 Hetruria,
2081 2565 2196 2616 quae
2228 2547 2536 2599 Maecenatis
2576 2545 2750 2610 patria

1688 2638 1840 2689 erat:
1880 2644 1977 2681 uec
2013 2643 2114 2679 non
2157 2627 2550 2681 acclamantium
2591 2638 2748 2675 voces

1689 2707 2033 2771 ingeminaret
2055 2704 2201 2755 Echo
2224 2701 2456 2752 residens
2482 2701 2532 2749 in
2561 2714 2749 2751 couca-

1689 2783 1767 2833 vis
1810 2782 1936 2835 locis
1973 2779 2112 2849 apud
2146 2785 2373 2829 montem
2417 2776 2751 2837 Vaticanum,

1689 2859 1780 2923 qui
1805 2858 2010 2908 theatro
2041 2853 2284 2921 Pompeii
2309 2853 2593 2920 proximus,
2614 2853 2751 2917 sicut

1690 2938 1746 2984 et
1765 2931 1953 2984 fluvius
1972 2931 2190 2982 Tiberis.
2741 2973 2748 2981 ,

1754 3014 1785 3060 7
1827 3008 2047 3061 Vaticani
2071 3006 2281 3071 Montis]
2306 3005 2411 3057 Hic
2441 3018 2569 3053 unus
2593 3017 2624 3054 e
2647 3004 2754 3053 col·

1690 3086 1842 3142 libus,
1880 3085 2065 3150 quibus
2100 3083 2268 3134 Roma
2302 3080 2616 3132 inaedificata
2649 3091 2755 3141 est,

1692 3163 1860 3213 adhuc
1897 3161 2088 3210 retinet
2125 3166 2272 3209 vetus
2305 3171 2508 3217 nomen,
2535 3156 2753 3220 insuper

1693 3232 1871 3288 autem
1886 3242 2118 3288 ostentat
2138 3234 2391 3299 insignem
2408 3232 2464 3282 S.
2479 3231 2629 3281 Petri
2648 3231 2752 3280 Ba-

1691 3314 1910 3375 silicam,
1929 3319 1986 3364 et
2006 3311 2255 3377 palatium
2283 3307 2618 3370 PontificIum
2643 3307 2755 3358 dic·

1691 3397 1775 3440 tus
1800 3396 1912 3439 est:
1948 3404 1979 3439 a
2001 3385 2258 3438 vaticiniis
2292 3386 2399 3436 illic
2427 3383 2513 3433 edi
2546 3381 2752 3448 pridem

1690 3465 1874 3517 solitis.
1910 3464 2046 3514 Vide
2068 3463 2208 3515 Geli.
2233 3475 2356 3512 xvr.
2374 3465 2454 3510 17.

1754 3548 1787 3594 8
1821 3544 2013 3608 Imago]
2061 3541 2322 3606 Repetitio
2365 3538 2526 3598 vocis,
2566 3540 2623 3584 et
2665 3550 2752 3586 ac·

1689 3619 2049 3671 clamationum
2074 3617 2248 3681 populi
2271 3612 2592 3679 repercussio
2608 3609 2756 3661 facta

1689 3696 1742 3746 in
1764 3702 1954 3746 moute.
2019 3691 2212 3756 Jocosa]
2244 3692 2382 3744 Quia
2401 3689 2571 3754 jocari
2605 3686 2757 3736 vide·

1689 3782 1776 3827 tur
1795 3775 1955 3836 Echo,
1979 3773 2099 3822 dum
2136 3771 2320 3821 ultima
2353 3774 2551 3818 tantum
2586 3764 2752 3819 verba

1690 3851 1886 3915 repetit
1918 3858 2074 3913 atque
2097 3848 2401 3913 ingeminat.
2449 3845 2617 3906 Supra
2638 3840 2751 3900 od.

1691 3942 1796 3980 ιιι.
1819 3931 1867 3977 3.
1894 3927 1913 3957 ‘
1935 3926 2157 3976 Reciuet
2170 3924 2359 3988 jocosa
2391 3917 2753 3983 Nomenjma-

1690 4008 1793 4070 go.’
1837 4004 1986 4068 Virg.
2011 4003 2111 4053 Ge.
2129 4014 2209 4051 ιν.
2240 4004 2322 4049 50.
2344 4001 2360 4028 ‘
2383 3999 2522 4051 Saxa
2541 4001 2752 4057 sonant,

1691 4078 1933 4144 vocisque
1990 4076 2185 4141 offensa
2255 4075 2473 4125 resultat
2527 4067 2757 4134 imago.’

1687 4156 1880 4205 Tullius
1903 4155 2057 4204 Tusc.
2078 4168 2171 4205 ιιι.
2213 4153 2381 4213 initio,
2416 4148 2582 4201 simile
2620 4144 2750 4212 quid

1689 4232 1849 4297 habet
1883 4231 1971 4281 ubi
2002 4229 2209 4280 scribit:
2250 4230 2266 4257 ‘
2292 4226 2606 4291 Popularem
2633 4221 2749 4286 glo·
