3059 4909
754 355 1157 409 excunsus
1205 365 1311 412 AD
1361 365 1778 418 cARM1NUM
1832 372 1975 421 mu.
2024 376 2071 422 1.
2374 366 2506 431 239

1294 508 1509 560 Nom:

308 613 430 664 Mihi
452 615 647 679 pariter
670 614 891 669 sufficiet
913 630 1110 686 myrtus
1132 623 1354 689 simplex
1435 635 1493 679 et
1513 636 1656 680 arcta
1682 631 1802 693 vite,
1819 631 1871 680 id
1896 639 1992 695 est,
2007 633 2104 684 sub
2123 636 2419 699 palmitibus
2442 646 2498 690 et

307 692 586 742 considenti
599 692 802 758 quidem
822 701 876 745 et
886 696 1118 748 hilariter
1136 700 1358 766 bibenti,
1435 708 1690 771 pampinis
1708 712 1927 775 pergula
1944 712 2156 765 intextis
2174 722 2228 767 et
2244 714 2499 770 suffultis·

306 783 400 818 non
424 776 479 819 ut
501 769 682 820 Persai
701 772 794 823 sub
814 772 1060 825 lacunari
1065 778 1356 842 splendido,
1435 799 1543 836 sous
1566 785 1613 835 la
1635 788 1805 839 trsille.

303 846 388 897 sed
423 847 518 897 snb
553 848 675 900 vitis
703 849 1026 917 umbraculo,
1049 854 1147 906 sub
1179 855 1358 907 humili
1433 925 1440 933 ὁ

1290 961 1335 1010 ἵῑ
1372 961 1408 1010 ²?
1444 969 1461 984 ²

1228 1013 1375 1107 ‘Cf‘-
1404 1031 1443 1078 px

858 1357 1811 1572 ‘EXCURSUS

676 1645 845 1721 AD
926 1646 1614 1731 CARMINUM
1695 1658 1932 1734 LIB·
2019 1662 2092 1736 I·

966 1851 977 1859 ’
1083 1856 1209 1922 [Ex
1242 1858 1439 1912 EDIT.
1471 1859 1690 1926 JANL]

998 2156 1634 2225 EXCURSUS
1715 2161 1774 2225 Ι.

1059 2324 1166 2375 AD
1203 2326 1249 2378 1.
1281 2326 1408 2378 OD.
1443 2329 1494 2379 1.
1528 2331 1709 2379 8—28.

281 2435 708 2515 Consrrruwu
752 2467 853 2527 es‘t,
888 2465 1069 2516 statim
1092 2467 1156 2517 ad
1197 2468 1419 2531 primum
1445 2469 1689 2530 Carmen,
1732 2482 1848 2532 quae
1884 2465 2157 2518 attendere
2195 2466 2390 2517 debeat
2425 2467 2480 2515 in

278 2543 676 2608 elegantissimis
697 2545 837 2595 illius
860 2548 1217 2611 imagunculis,
1242 2549 1474 2612 pluribus
1508 2549 1697 2599 docere
1720 2547 2123 2610 adolescentem,
2148 2561 2249 2612 quo
2271 2552 2342 2608 et,
2363 2561 2484 2610 quae

278 2624 342 2674 de
372 2627 599 2689 picturis
635 2627 811 2692 lyricis
849 2628 1089 2690 diximus,
1112 2630 1315 2693 planius
1352 2629 1666 2694 intelligere,
1701 2635 1756 2679 et
1777 2627 1984 2678 omnino
2010 2641 2198 2677 acuere
2232 2641 2378 2676 snum
2414 2625 2481 2675 de

278 2707 671 2769 pulchritudine
698 2709 954 2774 judicium
988 2711 1190 2762 discat.
1234 2712 1369 2777 qnod
1406 2718 1461 2762 et
1500 2712 1566 2761 ad
1610 2719 1900 2791 ceterorum
1935 2707 2142 2759 Horatii
2182 2708 2483 2759 carminum

275 2788 491 2841 virtutes
510 2797 664 2841 reete
682 2791 978 2842 sentiendas
999 2792 1304 2858 adjumento
1326 2794 1374 2843 ei
1396 2792 1507 2843 fore
1531 2794 1777 2843 arbitror.

335 2870 572 2924 Primum
595 2873 837 2925 advertat
870 2877 1094 2925 animum
1099 2883 1328 2941 ‚quanto
1361 2890 1479 2926 eum
1516 2875 1751 2925 dilectu
1737 2890 1788 2923 ιιι
1811 2871 2042 2939 quamvis
2066 2871 2341 2935 picturam,
2364 2885 2482 2933 spe·

273 2950 389 3002 ciali
411 2951 527 3004 sere
567 2954 777 3006 notione
811 2956 1053 3020 quadam,
1078 2961 1331 3021 tanquam
1357 2956 1513 3019 linea,
1536 2955 1915 3012 adumbratam,
1936 2968 2023 3003 eos
2059 2959 2260 3003 tantum
2285 2952 2485 3001 colores

274 3032 436 3084 Poeta
468 3035 733 3098 intulerit,
755 3051 882 3101 qnos
915 3039 1136 3090 maxime
1170 3040 1341 3090 nitere
1376 3037 1754 3098 intellexisset3
1786 3044 1846 3087 ut
1876 3038 1928 3085 in
1953 3036 2254 3085 stravissima
2278 3032 2484 3082 eadem·

276 3129 372 3176 que
395 3096 687 3167 fortissima
707 3117 982 3182 brevitate,
1004 3135 1123 3185 qnae
1148 3120 1470 3183 picturarum
1492 3117 1772 3183 lyricarum
1806 3116 1976 3182 prima
2001 3115 2161 3165 virtus
2183 3120 2285 3171 est,
2307 3128 2482 3164 eoram

270 3196 462 3248 intueri
498 3199 677 3249 omnia
712 3198 997 3252 videamur.
1061 3200 1286 3258 Deinde,
1328 3216 1481 3265 quam
1520 3198 1792 3264 exquisitis
1837 3205 2018 3249 utatur
2057 3196 2248 3257 verbis,
2287 3194 2485 3259 reique,

272 3293 422 3342 quarn
446 3288 575 3331 ante
596 3280 776 3332 oculos
798 3282 974 3343 habet,
1001 3282 1427 3340 accommodatis.
1443 3296 1699 3347 nunquam
1723 3280 1803 3329 vel
1826 3278 2180 3329 humilioribus
2201 3277 2281 3324 vel
2304 3276 2484 3326 elatio-

272 3359 411 3412 ribus
431 3378 448 3424 3
483 3361 747 3427 quomodo
768 3378 863 3427 pro
899 3365 974 3413 rei
999 3364 1250 3428 subjectae
1274 3371 1459 3415 natura
1482 3376 1620 3413 nune
1643 3360 1934 3427 magnifice,
1958 3374 2032 3410 vs.
2050 3362 2100 3408 6.
2126 3362 2174 3409 8.
2197 3371 2333 3407 nune
2357 3358 2496 3408 mol·,

270 3439 406 3504 liter,
426 3458 506 3495 vs.
544 3446 625 3493 19.
656 3448 738 3494 26.
771 3458 909 3497 nunc
943 3444 1222 3507 horrende,
1243 3459 1320 3495 vs.
1352 3449 1433 3494 16.
1456 3448 1537 3495 24.
1574 3458 1710 3495 nnuc
1743 3442 1972 3501 heroice,
2009 3454 2083 3489 vs.
2109 3442 2194 3488 23.
2216 3439 2488 3528 loquatur.

268 3521 394 3573 Tum
419 3537 613 3588 magna
635 3524 892 3575 Carminis
913 3517 1075 3576 virtus
1098 3528 1336 3576 cernitur
1356 3526 1408 3576 in
1433 3526 1688 3575 varietate
1707 3530 1763 3575 et
1785 3522 1969 3587 copia:
2007 3521 2129 3570 dnm
2152 3519 2299 3578 illud,
2326 3532 2480 3567 unice

270 3617 464 3670 amare,
486 3604 845 3656 beatissimum
867 3620 923 3658 se
945 3606 1182 3668 credere,
1196 3606 1333 3672 quod
1357 3607 1513 3660 toties
1538 3613 1651 3656 erat
1669 3603 2086 3668 exprimendum,
2104 3613 2239 3649 nova
2258 3612 2483 3691 semper,

269 3684 431 3735 cuivis
472 3686 651 3736 studio
690 3688 901 3751 propris
928 3690 1129 3740 ratione
1152 3689 1323 3739 Poeta
1353 3690 1562 3750 extulit,
1583 3695 1742 3752 atque
1773 3686 1977 3736 omnino
2013 3683 2085 3732 ita
2111 3680 2479 3771 variavit'con-

270 3768 538 3822 versiones
560 3774 976 3833 struatur-amque
998 3770 1274 3820 verborum
1305 3772 1360 3819 in
1396 3771 1576 3835 quavis
1605 3771 1833 3835 pictura,
1856 3774 1916 3816 ut
1947 3773 2004 3816 et
2038 3764 2152 3816 sine
2180 3760 2404 3822 fastidio,
2423 3766 2480 3808 et

268 3848 497 3898 maxima
518 3862 636 3897 cum
662 3849 931 3912 voluptate
951 3849 1305 3914 novitatisque
1333 3851 1697 3910 admiratione,
1719 3862 1894 3898 earum
1918 3847 2102 3895 seriem
2127 3842 2251 3891 satis
2273 3840 2479 3932 longam

268 3935 629 3979 contueamur.
699 3929 939 3995 Denique
962 3944 1170 3994 semper
1202 3931 1426 3994 cujusvis
1451 3931 1610 3980 studii
1632 3931 1715 3979 vel
1739 3931 2043 3988 vanitatem,
2068 3926 2150 3974 vel
2173 3923 2480 3976 molestiam,

267 4023 369 4060 uno
405 4010 644 4060 alterove
669 4010 827 4061 verbo
860 4011 1087 4061 molliter
1120 4011 1296 4076 tetigit
1328 4012 1471 4077 quasi
1504 4010 1777 4061 subridens
1811 4008 2001 4069 Poeta,
2023 4014 2082 4057 ut
2103 4020 2178 4055 vs.
2210 4009 2260 4054 7.
2295 4006 2373 4051 18.
2395 4004 2479 4049 20.

265 4095 347 4143 24.
368 4095 456 4142 26.
481 4094 566 4142 27.
585 4105 831 4168 uon,quo
854 4100 1218 4145 contemneret
1251 4110 1314 4145 ea
1347 4094 1539 4155 omnia,
1562 4092 1749 4158 quibus
1783 4092 1869 4142 alii
1907 4088 2044 4140 beati
2078 4093 2271 4146 essent,
2294 4081 2386 4133 sed
2421 4088 2478 4130 ιιι

266 4181 343 4236 et,
364 4178 570 4238 quanta
590 4174 667 4223 vis
691 4180 830 4224 esset
852 4174 1107 4239 cujusque
1124 4174 1319 4224 studii
1305 4190 1358 4224 ιιι
1381 4174 1632 4237 homines,
1646 4180 1720 4238 et,
1740 4179 1934 4239 quanto
1958 4167 2193 4236 superior
2225 4169 2364 4215 esset
2382 4176 2477 4216 sua

266 4269 332 4306 ex
356 4254 574 4321 ingenio
597 4254 806 4321 poe'tieo
830 4257 1069 4321 voluptas
1092 4263 1146 4307 et
1168 4256 1352 4321 gloria,
1373 4256 1624 4310 eluceret.
