3059 4909
2401 406 2527 472 187

1002 421 1413 485 uARmNUM
1463 426 1613 474 mn.
1660 426 1708 473 1.
1752 408 1866 475 27.

685 557 958 642 Quanta
978 565 1333 633 laborabas
1364 568 1724 653 Charybdi,

768 667 984 749 Digne
1008 688 1174 751 puer
1201 669 1471 734 meliore
1500 670 1771 735 flamma
1794 670 1809 734 l
2442 669 2529 733 20

602 765 775 844 Quae
801 787 985 851 saga,
1014 771 1164 853 quis
1191 775 1256 834 te
1287 771 1553 834 solvere
1585 770 1934 834 Thessalis

598 866 844 950 Magus
878 873 1165 950 veneniS,
1197 873 1348 955 quis
1379 873 1618 956 poterit
1651 873 1886 937 Deus‘l

341 1078 567 1129 luctaris!
635 1083 681 1130 0
701 1085 965 1134 adolescens
986 1088 1307 1136 clementiores
1330 1101 1512 1136 amores
1533 1089 1731 1138 meritus
1755 1086 1916 1145 suisti.
1991 1088 2163 1151 Ecquoe
2185 1068 2407 1151 venefica,
2459 1083 2532 1133 uis

343 1143 613 1195 incantator
633 1147 788 1197 herbis
824 1165 851 1198 e
888 1150 1131 1201 Thessalia
1164 1152 1428 1213 venenosis,
1444 1154 1575 1226 ⁸quod
1618 1153 1812 1202 Numen
1847 1158 1894 1202 te
1927 1157 2066 1215 queat
2103 1151 2353 1215 expedire?
2448 1163 2531 1212 pse

1250 1325 1614 1347 “coetae-‘eo‘

343 1449 358 1478 ⁸
379 1449 631 1499 ridentis.’
697 1452 778 1502 Ab
801 1452 945 1502 miser
964 1454 1129 1507 ceteri
1168 1454 1321 1504 codd.
1352 1463 1406 1506 et
1442 1457 1751 1521 vulgg.—l9
1780 1455 1915 1503 ‘Vix
1952 1469 2083 1504 unus
2114 1453 2312 1503 alterve
2347 1452 2534 1516 codex,

346 1515 528 1564 laboras
548 1515 601 1563 in
623 1516 712 1564 ch.
737 1525 792 1566 et
814 1515 923 1568 fere
945 1519 996 1567 in
1015 1525 1096 1567 est
1120 1534 1149 1567 a
1174 1535 1241 1568 m.
1265 1535 1305 1568 s.
1372 1522 1441 1569 Et
1465 1530 1656 1583 tamen,
1676 1521 1811 1586 quod
1835 1520 1959 1569 satis
1982 1519 2154 1567 mirari
2179 1532 2280 1567 nou
2305 1532 2533 1581 possum,

347 1580 421 1628 sic
446 1580 642 1630 Venet.
660 1586 804 1631 1590.
838 1583 956 1632 Ald.
977 1582 1158 1633 Lamb.
1176 1585 1333 1647 Cruq.
1359 1586 1574 1635 Ascens.
1595 1586 1752 1648 Rutg.
1772 1585 1901 1634 Fab.
1925 1584 2105 1647 Steph.
2134 1582 2315 1631 Heius.
2335 1582 2528 1632 Dacer.

344 1644 516 1694 Bentl.
541 1646 674 1695 (31111.
709 1648 900 1697 Dacer.
935 1649 1114 1700 Jones.
1144 1649 1335 1698 Sanad.
1390 1650 1652 1700 Putarnnt
1675 1650 1793 1698 VV.
1814 1650 1933 1698 DD.
1953 1662 2156 1697 sensum
2180 1651 2252 1696 ita
2283 1646 2536 1710 poscere!

323 1708 478 1757 dani.
513 1710 756 1759 laborabas
779 1711 1036 1788 Porphyr.
1062 1721 1168 1762 tres
1191 1714 1421 1764 Lambin.
1437 1715 1817 1780 antiquissimus
1839 1713 2028 1763 Bland.
2048 1714 2173 1761 item
2196 1713 2327 1761 alius
2346 1711 2532 1760 Blaud.

345 1773 508 1823 Mald.
533 1788 710 1824 omnes
732 1776 1010 1840 Torrentri,
1033 1785 1140 1828 tres
1164 1778 1366 1829 Fabric.
1393 1779 1570 1830 Hunn.
1610 1780 1875 1829 Gemblac.
1903 1782 1950 1828 1.
1971 1781 2021 1826 2.
2063 1776 2208 1826 Leid.
2247 1776 2444 1826 zulich.
2478 1782 2535 1824 et

349 1837 544 1887 Battel.
582 1854 674 1902 pro
700 1854 748 1888 v.
774 1842 806 1888 Ι.
840 1842 1031 1891 Venet.
1057 1846 1200 1891 1478.
1234 1844 1476 1893 Torrent.
1515 1853 1571 1894 et
1609 1845 1765 1894 Baxt.
1801 1843 1986 1892 laboras
2028 1841 2256 1889 charibdi
2288 1840 2438 1889 Gott.
2477 1847 2533 1887 et

348 1902 563 1952 Venett.
587 1918 669 1967 ap.
692 1904 982 1955 (seam—20
1018 1906 1159 1972 Lips.
1182 1911 1232 1955 4.
1267 1908 1752 1968 meliorefama.——2l
1791 1908 2045 1956 Thessalus
2067 1905 2267 1954 emend.
2291 1905 2455 1953 With.
2480 1912 2534 1952 et

348 1965 421 2016 sic
439 1967 550 2017 Alt.
577 1973 756 2032 2.‡-22
790 1971 1006 2020 Locher·
1025 1971 1113 2020 vix
1128 1972 1452 2034 potente-23
1488 1974 1708 2025 Quidam
1745 1972 1894 2021 Fabr.
1919 1979 1973 2020 et
2011 1971 2155 2035 Lips.
2180 1974 2225 2019 1.
2263 1969 2535 2029 tetrfformi.

1334 2135 1556 2188 NOTAE

412 2264 474 2310 19
499 2262 766 2326 Charybdi]
796 2265 921 2314 Tam
941 2267 1226 2330 periculose
1247 2284 1406 2333 arnas,

347 2355 496 2404 quam
523 2356 641 2389 cum
665 2344 926 2408 Charybdi
957 2346 1231 2397 luctarere.
1298 2348 1405 2397 Sci-

348 2416 474 2466 licet
529 2417 779 2480 ejusmodi
836 2421 1102 2471 mulierem
1157 2423 1406 2487 deperis?

351 2491 429 2541 Ab
477 2495 633 2543 miser
678 2496 905 2559 periisti:
960 2499 1159 2549 meliori
1205 2499 1408 2564 profec-

349 2576 403 2617 to
460 2577 605 2619 sorte
671 2577 728 2621 et
787 2588 956 2623 amore
1019 2575 1203 2639 dignus
1278 2591 1408 2626 eras.

351 2646 595 2718 Cbarybdi
613 2648 783 2697 omnia
803 2649 1096 2702 absorbenti
1117 2653 1255 2703 bene
1271 2668 1408 2703 com·

349 2731 564 2785 paratur
586 2737 739 2773 avara
760 2729 1027 2777 meretrix.
1076 2730 1261 2779 Cicero
1287 2730 1408 2779 Plri-

354 2799 537 2863 lippic.
572 2814 633 2850 ιι.
681 2804 825 2868 ‘qnae
867 2804 1152 2869 Charybdis
1184 2814 1292 2855 tam
1322 2821 1410 2855 vo-

354 2878 509 2925 rax?’
563 2880 660 2927 Est
685 2881 893 2943 proprie
930 2896 1140 2946 vorago,
1177 2897 1268 2932 seu
1291 2899 1411 2948 gur-

354 2965 445 3015 ges
489 2953 774 3003 vorticosus
826 2957 878 3005 in
923 2955 1062 3007 freto
1103 2959 1298 3020 Siculo,
1328 2960 1408 3010 ‚ad

355 3025 669 3091 Messanam,
701 3029 870 3087 hodie,
899 3033 1029 3095 Capo
1057 3034 1110 3083 di
1129 3035 1274 3092 Far-o,
1310 3036 1412 3099 vel,

340 3101 485 3175 ‘Capo
524 3103 672 3165 Faro,
708 3106 773 3154 ob
809 3107 1039 3157 Pharum
1077 3109 1181 3158 illic
1216 3111 1411 3160 excita·

355 3184 478 3228 tam.
533 3180 855 3229 Fabulantur
878 3190 1049 3234 autem
1084 3192 1312 3236 scortum
1334 3186 1411 3235 fu-

354 3254 453 3302 isse
491 3258 780 3319 rapacitate
816 3256 1086 3325 fsmosnm,
1118 3262 1256 3326 quod
1297 3278 1412 3312 curn

357 3329 605 3379 Herculis
649 3332 948 3384 abduxisset
992 3336 1170 3400 boves,
1211 3353 1241 3387 a
1280 3340 1414 3389 Jove

357 3404 702 3469 fulminatum,
748 3411 802 3457 in
847 3425 985 3460 mare
1027 3416 1413 3478 proecipitatum

358 3489 436 3530 est
464 3490 623 3546 atque
663 3484 714 3533 in
744 3486 876 3536 hanc
916 3490 1211 3552 voraginem
1249 3499 1413 3541 muta-

360 3563 486 3607 tum.
536 3558 942 3621 VirgibAEneid.
968 3578 1055 3614 ιιι.
1078 3569 1194 3615 420.
1241 3567 1413 3616 ‘Dex-

260 3668 267 3674 .
362 3638 496 3681 trum
521 3633 694 3697 Scylla
727 3636 881 3693 latus,
919 3636 1106 3689 laevum
1140 3642 1420 3706 implacata

363 3710 648 3774 Charybdis
672 3713 928 3765 obsidet:
964 3723 1116 3782 atque
1139 3720 1240 3769 imo
1272 3721 1420 3771 bara-

361 3785 462 3833 thri
488 3794 571 3834 ter
602 3789 805 3851 gurgite
841 3799 1014 3842 vastos
1044 3794 1233 3844 Sorbet
1255 3797 1307 3845 in
1332 3797 1421 3846 ab·

364 3869 571 3924 ruptum
606 3860 832 3927 fluctus,'
851 3870 949 3917 &c.
1008 3869 1210 3919 Seneca
1231 3871 1296 3920 ad
1321 3873 1423 3921 Lu·

363 3938 537 3987 cilium
558 3956 572 3988 ι
624 3941 640 3968 ‘
666 3942 956 4007 Charybdis
1000 3961 1064 3996 an
1105 3950 1419 4012 respondeat

362 4012 568 4078 fabulis,
589 4019 837 4078 perscribi
861 4022 982 4071 mihi
1005 4023 1263 4075 desidero.
1316 4026 1419 4076 Fac

366 4105 456 4140 nos
472 4094 722 4145 certiores
738 4104 910 4148 utrum
929 4115 1031 4151 uno
1049 4109 1247 4153 tantum
1266 4109 1424 4154 vento

370 4177 553 4232 agatur
576 4171 628 4219 in
650 4174 900 4239 vortices,
923 4192 986 4227 an
1009 4181 1174 4228 omnis
1198 4187 1424 4245 tempes-

372 4254 449 4297 tas
481 4249 608 4299 illud
653 4265 796 4303 mare
840 4261 1214 4326 contorqueat:
1267 4266 1323 4309 et
1360 4274 1425 4309 an

1488 2284 1665 2319 verum
1713 2270 1798 2327 sit,
1844 2268 2087 2334 quicquid
2132 2266 2220 2316 illo
2266 2264 2386 2316 freti
2430 2270 2539 2315 tur-

1489 2346 1608 2396 bine
1632 2347 1901 2413 abreptum
1935 2352 2033 2409 est,
2071 2359 2164 2409 per
2198 2345 2359 2394 multa
2381 2342 2542 2391 millia

1487 2421 1660 2472 trahi!

1553 2503 1612 2548 21
1656 2499 1775 2554 Quoe
1815 2511 1951 2559 saga,
1994 2495 2103 2558 asa]
2150 2496 2278 2545 Cum
2322 2492 2545 2542 videaris

1490 2574 1693 2624 fascino
1718 2581 1771 2622 et
1800 2570 2197 2621 incantamentis
2232 2577 2338 2619 tam
2376 2568 2545 2632 perni-

1491 2650 1631 2700 cioso
1671 2648 1828 2697 amori
1868 2648 2168 2710 implicituS,
2202 2646 2290 2694 vix
2325 2650 2545 2707 apparet

1492 2728 1671 2777 salutis
1695 2726 1792 2774 via.
1861 2725 1990 2776 Quis
2012 2723 2149 2773 enim
2179 2730 2233 2773 te
2267 2720 2417 2769 homo
2440 2733 2545 2767 ma-

1492 2804 1620 2868 gicis
1661 2802 1860 2852 artibus
1899 2801 2112 2866 pollens,
2154 2797 2267 2862 quis
2303 2802 2359 2846 et
2399 2796 2547 2844 Deus

1491 2880 1741 2944 expedire
1798 2887 1951 2943 queat
2004 2875 2156 2924 fatali
2209 2875 2357 2924 velut
2408 2886 2545 2921 nexu

1491 2958 1759 3008 astrictum
1795 2964 1953 3019 atque
1984 2951 2270 3016 illigatum?

1561 3031 1795 3082 Thessalis
1830 3031 2007 3093 Magus
2026 3024 2235 3088 venenis]
2266 3023 2546 3074 venenatis

1492 3116 1548 3159 et
1608 3109 1671 3157 ad
1743 3110 2128 3157 incantamenta
2186 3099 2551 3151 efficacissimis

1491 3186 1663 3235 herbis
1688 3185 1739 3233 in
1755 3184 2020 3233 Thessalia
2038 3180 2246 3244 copiose
2268 3174 2550 3227 crescenti·

1494 3262 1606 3311 bus·
1675 3259 1836 3310 Aiunt
1859 3258 2096 3308 nimirum
2134 3254 2335 3315 Poe'tae,
2371 3250 2551 3301 Mede·

1495 3352 1576 3387 am
1609 3338 1728 3385 illac
1769 3335 2080 3399 fugientem,
2118 3332 2241 3381 aiire
2269 3330 2552 3397 sublatam,

1496 3417 1793 3469 scriniolum
1813 3414 2074 3470 veneficiis
2111 3419 2166 3463 et
2196 3410 2372 3460 herbis
2393 3406 2553 3471 magi·

1495 3495 1567 3543 cis
1606 3494 1810 3556 plenum
1850 3490 2121 3554 dejecisse,
2159 3487 2336 3552 sicque
2375 3497 2554 3547 sparsa

1496 3571 1585 3619 illa
1609 3569 1902 3632 pullulasse.
1969 3563 2221 3629 Apuleius
2244 3560 2379 3624 apud
2400 3560 2556 3607 Thes-

1496 3647 1674 3695 saliam
1693 3645 1747 3693 in
1772 3645 1965 3692 asinum
2000 3656 2056 3690 se
2080 3644 2332 3688 mutatum
2354 3632 2555 3693 scribit,

1500 3719 1850 3780 Metamorph.
1870 3732 1961 3765 seu
1982 3717 2046 3764 de
2069 3714 2215 3763 asino
2238 3724 2424 3761 aureo:
2461 3708 2558 3757 ibi-

1501 3797 1724 3857 demque
1754 3790 2005 3841 describit
2031 3787 2371 3839 veneficarum
2403 3785 2559 3834 Thes-

1502 3872 1723 3920 salarum
1768 3875 2096 3931 apparatum,
2141 3872 2317 3928 atque,
2374 3869 2431 3910 ut
2488 3862 2560 3911 ait

1497 3950 1632 4012 ipse,
1656 3949 1671 3974 ‘
1693 3945 1911 3995 feralem
1934 3941 2230 3993 officinam.'
2264 3940 2400 3990 Vide
2423 3940 2559 3989 Plin.

1500 4037 1642 4074 xxx.
1682 4027 1730 4073 l.
1775 4021 1862 4071 ubi
1906 4026 1962 4070 et
2004 4017 2171 4069 refert
2215 4016 2562 4067 Menandrum

1504 4101 1811 4150 Thessalam
1873 4097 2260 4161 cognominasse
2321 4092 2566 4154 fabulam,

1505 4180 1522 4207 ⁴
1540 4178 1861 4242 complexam
1880 4175 2124 4238 ambages
2140 4171 2460 4224 foeminarum
2478 4169 2568 4218 de·

1507 4254 1821 4307 trahentium
1839 4249 2073 4304 Lunam.’
