3059 4909
1032 375 1293 424 METRA
1342 373 1824 434 Honn'rlANA’.
1919 343 1937 360 ’
2429 357 2519 424 53
2627 369 2638 380 ”

331 518 493 578 πίσω
510 517 739 579 'celicam
767 515 1064 580 climeteon
1085 541 1109 587 ,-
1135 528 1426 598 corrupte‚
1448 528 1738 600 quantum
1760 536 2035 598 auguror,
2060 536 2134 577 ex
2152 520 2347 589 ἐπικὴν
2363 523 2517 577 τελι-

331 620 426 686 κὴν
451 616 770 692 Διμοῳίαν,
789 624 1005 676 remoto
1031 617 1376 678 Hexametri
1398 619 1599 689 Besse,
1619 617 1904 697 reliquum
1926 607 2233 677 Trientem.
2317 614 2477 675 Nota
2502 634 2518 673 :

330 711 552 770 Versus
581 713 754 771 certis
791 712 1043 793 pedibus
1086 712 1336 793 alligati,
1381 714 1482 792 qui
1521 712 2078 773 Monoschematisti
2114 712 2384 785 audiunt,
2417 730 2522 789 per

333 809 590 892 syllabas
621 811 912 869 numerari
937 812 1275 889 patiuntur:
1318 810 1478 871 unde
1519 810 1880 890 Sapphicum
1901 809 2388 891 Pentasyllabum
2418 827 2523 867 vo-

332 917 516 972 catur.
602 905 849 966 Musicis
879 906 1354 969 choriambicum
1390 909 1828 968 Monometrum
1861 908 2441 988 Hypercatalectum.

410 1006 468 1060 2.
511 1003 950 1063 Archilochium
1006 1005 1497 1086 Heptasyllabum
1548 1014 1785 1066 constat
1828 1025 1901 1063 ex
1951 1005 2092 1064 Basi
2129 1004 2221 1064 vel
2268 1001 2525 1083 Dipodia

334 1096 644 1178 Dactylica
690 1117 823 1157 cum
870 1100 1188 1179 semipede.
1272 1100 1599 1162 Dimetrurn
1641 1100 2015 1182 Dactylicum
2064 1099 2527 1181 Hypercatalec-

333 1203 475 1253 tum.
536 1191 797 1255 'Goes'ura
820 1190 894 1256 ex
922 1197 1208 1277 superiori
1235 1207 1401 1276 parte
1423 1199 1764 1258 Hexametri
1790 1198 2311 1258 penthemimeres.
2376 1196 2527 1254 Sub-

318 1287 587 1349 ‘nectitur
617 1290 997 1365 Hexametm,
1023 1311 1117 1351 ιν.
1149 1291 1270 1353 od.
1301 1297 1362 1355 7.

415 1390 470 1446 3.
516 1383 954 1448 Pherecratium
985 1392 1059 1449 ab
1085 1391 1410 1452 inventore.
1494 1391 1880 1453 Pherecrates
1907 1391 2284 1451 inCoriano:

890 1565 895 1570 ·
989 1486 1239 1565 Ἀνδρες
1265 1490 1542 1569 πρόσχετε
1569 1489 1667 1548 τὸν
1693 1497 1827 1549 νοῦν

997 1585 1353 1662 Έξευρὴματι
1390 1591 1559 1666 καινῷ

1008 1680 1377 1757 Συμπτὺκτοις
1401 1685 1793 1742 ἀναπαίστοις.

335 1776 574 1837 Plocius
607 1777 1237 1837 Monoschematistum
1268 1788 1444 1839 vocat
1465 1769 1491 1838 ε’
1511 1778 1692 1839 habet
1716 1780 1869 1839 enim
1893 1776 2080 1858 pedes
2097 1778 2156 1836 in
2178 1775 2388 1836 eodem
2414 1775 2531 1834 situ

331 1872 741 1942 invariabiles:
793 1883 860 1933 ut
901 1874 1000 1952 qui
1036 1865 1212 1952 juxta
1258 1872 1693 1935 Grammaticos
1732 1874 1964 1934 duobus
2008 1871 2313 1933 hincinde
2343 1872 2534 1949 Spon-

333 1970 482 2030 daeis‘
513 1969 832 2050 Dactylum
859 1989 1090 2049 semper
1112 1969 1422 2048 interjiciat
1443 1968 1741 2038 medium:
1771 1960 1934 2029 unde
1956 1979 2016 2029 et
2038 1965 2532 2048 Heptasyllabum

333 2067 458 2127 fieri
489 2086 738 2127 necesse
766 2076 879 2127 est.
964 2065 1141 2133 Quod
1171 2066 1339 2152 addit
1364 2065 1520 2125 idem
1550 2067 1699 2126 alios
1730 2067 2145 2146 Symptycton,
2188 2062 2336 2125 alios
2370 2062 2533 2120 Ana-

334 2164 648 2242 paesticum
677 2163 895 2233 dicere,
921 2182 1124 2223 vereor
1151 2173 1219 2222 ut
1249 2162 1510 2223 alterutri
1540 2147 1694 2243 quid‘
1714 2164 1826 2223 sibi
1852 2162 2058 2235 velint,
2088 2161 2233 2220 satis
2261 2159 2535 2219 intellex-

337 2262 524 2319 erint:
582 2278 694 2318 nec
734 2259 890 2319 enim
939 2253 1309 2320 Pherecratis
1349 2263 1530 2319 verba
1570 2260 1646 2322 de
1686 2261 1842 2340 pede
1882 2262 2207 2340 Anapaesto
2235 2256 2531 2338 ceperim:

337 2378 470 2418 cum
516 2356 904 2437 Hephaestion
937 2357 1223 2420 Metricus
1254 2356 2288 2439 Pherecratium'Hephthemimeres
2331 2354 2538 2413 Antis-

337 2455 567 2536 pastico
597 2454 800 2533 generi
825 2452 1103 2526 vindicet,
1141 2453 1226 2511 ita
1268 2453 1495 2513 scilicet
1537 2455 1785 2532 partitur
1824 2463 1892 2513 ut
1921 2453 2538 2532 Epitritum'quartum

341 2551 676 2630 complicet,
724 2568 859 2609 cum
900 2550 1150 2630 Epitrito
1177 2552 1364 2629 primo
1391 2549 1562 2628 cujus
1591 2550 1801 2608 ultima
1825 2548 2043 2608 deficit.
2124 2548 2541 2616 Δικατᾶληκτον

340 2656 518 2708 vocat
545 2656 608 2707 et
632 2648 1011 2722 ἀσυνάρτητον
1039 2653 1177 2707 κατὰ
1212 2648 1605 2718 ἆντιπάθειαν,
1651 2646 1789 2723 quia
1821 2643 2204 2703 Trochaic'atn
2232 2650 2542 2721 protomen

344 2743 572 2805 claudit
619 2741 882 2801 Iambica
926 2741 1249 2801 'catalexisz
1299 2761 1433 2801 cum
1462 2742 1558 2801 hae
1586 2741 2034 2821 conjugationes
2065 2739 2176 2798 sibi
2205 2747 2410 2797 mutuo
2438 2734 2545 2795 ad-

343 2849 672 2920 versentur.
757 2837 1310 2918 Sesquiseptenaria
1336 2838 1612 2897 clausula·
1650 2837 1884 2912 dicitur,
1917 2835 2078 2917 quod
2110 2835 2298 2894 tribus
2326 2831 2544 2913 dissyl-

344 2937 493 2997 labis
522 2935 775 3015 pedibus
801 2934 1043 2994 bisectis
1072 2935 1322 3018 accedat
1360 2935 1636 3014 semipes.
1710 2936 2057 2995 -Ἀνάπαισις
2104 2932 2202 2992 hic
2246 2930 2307 2991 id
2349 2929 2546 2989 valere

345 3032 576 3092 videtur
603 3030 766 3110 quod
792 3032 853 3090 in
886 3030 1099 3094 Ionicis
1127 3031 1498 3090 Ἀνᾶκλασις.
1583 3030 1700 3090 Pes
1745 3031 1900 3091 enim
1945 3039 2172 3108 septem
2217 3037 2547 3105 temporum

346 3136 479 3189 ‘cum
507 3128 661 3208 pede
687 3129 949 3208 quinque
977 3136 1305 3205 temporum
1335 3127 1509 3187 simul
1540 3128 1718 3187 sumti
1740 3137 1963 3207 puncta
1978 3124 2304 3186 conficiunt
2322 3120 2549 3180 duode-

350 3225 460 3284 cim
486 3246 502 3292 3
538 3236 605 3284 ut
628 3225 981 3293 Dimetrum,
1007 3224 1276 3302 quamvis
1307 3223 1539 3303 syllaba
1566 3223 1823 3293 deficiat,
1867 3234 2062 3283 tamen
2090 3241 2195 3301 per
2219 3220 2377 3279 hanc
2404 3217 2548 3296 Epi-

349 3322 560 3401 plocen
605 3320 772 3380 velut
825 3340 900 3379 ex
954 3318 1399 3399 repercussione
1444 3321 1645 3399 justos
1702 3320 1974 3380 absolvat
2022 3335 2316 3377 numeros,
2401 3313 2554 3373 Post

306 3413 323 3422 ‘⁴
352 3416 914 3496 Asclepiadeabina
938 3418 1178 3495 ponitur
1205 3427 1490 3496 sequente
1510 3416 1836 3497 'Glyconim
1874 3423 1920 3476 i.
1950 3415 2072 3477 Od.
2101 3417 2163 3474 5.
2186 3416 2293 3473 ³14.
2316 3413 2418 3469 21.
2447 3411 2551 3469 23.

354 3524 414 3574 et
440 3533 550 3573 111.
574 3511 696 3572 Od.
727 3514 905 3572 7.13.
2061 3586 2072 3594 ⁶
2227 3541 2233 3550 =
2361 3537 2369 3546 ·

384 3597 393 3602 ”
432 3615 492 3670 4.
537 3608 894 3688 Glyconium
924 3608 1375 3689 Octasyllabum
1399 3630 1415 3677 ;
1443 3608 1678 3669 duobus
1703 3608 1981 3689 ‘Dactylis
2006 3605 2368 3687 Spondoeum
2400 3620 2552 3679 prae-

346 3705 513 3783 jacit.
598 3705 819 3765 Locum
866 3706 1106 3764 sortitur
1151 3704 1310 3785 apud
1338 3706 1552 3767 Horat.
1582 3706 1676 3766 vel
1706 3714 1843 3765 ante
1873 3703 2112 3782 singula
2142 3695 2555 3776 Asclepiadea‚

355 3803 446 3861 vel
472 3812 613 3881 post
631 3800 777 3860 bina
803 3819 937 3860 cum
967 3800 1368 3874 Pherecratio,
1388 3801 1485 3859 vel
1514 3800 1772 3877 denique
1810 3807 1949 3876 post
1976 3805 2163 3855 terna.
2234 3793 2554 3871 Hemiepos

359 3898 590 3957 dicitur.
675 3896 1125 3957 Animadvertas
1173 3897 1315 3956 licet
1367 3895 1726 3974 Glyconium
1767 3890 2142 3953 Pherecratio
2187 3889 2556 3971 praemissum
2600 3906 2609 3916 ·

360 3994 648 4054 conficere
676 3993 1033 4074 Priapeium,
1061 3992 1363 4072 quomodo
1391 3990 1707 4051 Catullus:

506 4091 684 4150 Hunc
711 4090 911 4150 lucum
939 4089 1043 4148 tibi
1068 4088 1283 4148 dedico
1312 4105 1737 4166 consecroque,
1764 4084 2003 4164 Priape.

363 4185 676 4264 Virgilius:

419 4341 425 4350 ,
509 4282 622 4341 Cui
652 4301 772 4342 non
803 4281 1002 4341 dictus
1033 4279 1225 4361 Hylas
1252 4300 1400 4361 puer
1427 4292 1490 4342 et
1518 4280 1767 4344 Latonia
1794 4274 2023 4337 Delos?
