<?xml version="1.0" encoding="UTF-8"?>
<!DOCTYPE html PUBLIC "-//W3C//DTD XHTML 1.0 Transitional//EN"
    "http://www.w3.org/TR/xhtml1/DTD/xhtml1-transitional.dtd">
<html xmlns="http://www.w3.org/1999/xhtml" xml:lang="en" lang="en">
 <head>
  <title>
</title>
<meta http-equiv="Content-Type" content="text/html;charset=utf-8" />
  <meta name='ocr-system' content='tesseract 3.04.00' />
  <meta name='ocr-capabilities' content='ocr_page ocr_carea ocr_par ocr_line ocrx_word'/>
</head>
<body>
  <div class='ocr_page' id='page_1' title='image "./quintihoratiifl00unkngoog_0013.png"; bbox 0 0 3059 4909; ppageno 0'>
   <div class='ocr_carea' id='block_1_1' title="bbox 620 1006 2073 1132">
    <p class='ocr_par' dir='ltr' id='par_1_1' title="bbox 620 1006 2073 1132">
     <span class='ocr_line' id='line_1_1' title="bbox 620 1006 2073 1132; baseline -0.003 -24"><span class='ocrx_word' id='word_1_1' title='bbox 620 1067 694 1132; x_wconf 44' lang='grc' dir='ltr'><strong><em>χ</em></strong></span> <span class='ocrx_word' id='word_1_2' title='bbox 787 1018 887 1118; x_wconf 90' lang='lat' dir='ltr'><strong>J.</strong></span> <span class='ocrx_word' id='word_1_3' title='bbox 1002 1006 2073 1113; x_wconf 79' lang='lat' dir='ltr'><strong>M.-GESNER1</strong></span> 
     </span>
    </p>
   </div>
   <div class='ocr_carea' id='block_1_2' title="bbox 1051 1264 1842 1386">
    <p class='ocr_par' dir='ltr' id='par_1_2' title="bbox 1051 1264 1842 1386">
     <span class='ocr_line' id='line_1_2' title="bbox 1051 1264 1842 1386; baseline -0.003 -1"><span class='ocrx_word' id='word_1_4' title='bbox 1051 1264 1842 1386; x_wconf 70' lang='lat' dir='ltr'><strong>PRAEFATIO.</strong></span> 
     </span>
    </p>
   </div>
   <div class='ocr_carea' id='block_1_3' title="bbox 1191 1592 1699 1611">
    <p class='ocr_par' dir='ltr' id='par_1_3' title="bbox 1191 1592 1699 1611">
     <span class='ocr_line' id='line_1_3' title="bbox 1191 1592 1699 1611; baseline 0 3298"><span class='ocrx_word' id='word_1_5' title='bbox 1191 1592 1699 1611; x_wconf 95' lang='lat' dir='ltr'><strong> </strong></span> 
     </span>
    </p>
   </div>
   <div class='ocr_carea' id='block_1_4' title="bbox 1190 1612 1700 1636">
    <p class='ocr_par' dir='ltr' id='par_1_4' title="bbox 1190 1612 1700 1636">
     <span class='ocr_line' id='line_1_4' title="bbox 1190 1612 1700 1636; baseline 0 0"><span class='ocrx_word' id='word_1_6' title='bbox 1190 1612 1700 1636; x_wconf 95' lang='lat' dir='ltr'><strong> </strong></span> 
     </span>
    </p>
   </div>
   <div class='ocr_carea' id='block_1_5' title="bbox 240 1846 2595 4314">
    <p class='ocr_par' dir='ltr' id='par_1_5' title="bbox 240 1846 2561 2264">
     <span class='ocr_line' id='line_1_5' title="bbox 240 1846 2557 1954; baseline -0.001 -18"><span class='ocrx_word' id='word_1_7' title='bbox 240 1906 245 1913; x_wconf 91' lang='lat'><strong>·</strong></span> <span class='ocrx_word' id='word_1_8' title='bbox 342 1846 594 1937; x_wconf 72' lang='lat' dir='ltr'><strong>Anno</strong></span> <span class='ocrx_word' id='word_1_9' title='bbox 628 1874 716 1938; x_wconf 90' lang='lat' dir='ltr'><strong>ab</strong></span> <span class='ocrx_word' id='word_1_10' title='bbox 756 1851 1066 1937; x_wconf 83' lang='lat' dir='ltr'><strong>omnibus</strong></span> <span class='ocrx_word' id='word_1_11' title='bbox 1108 1869 1265 1936; x_wconf 90' lang='lat' dir='ltr'><strong>inde</strong></span> <span class='ocrx_word' id='word_1_12' title='bbox 1311 1871 1589 1935; x_wconf 76' lang='lat' dir='ltr'><strong>saeculis</strong></span> <span class='ocrx_word' id='word_1_13' title='bbox 1635 1872 2011 1954; x_wconf 80' lang='lat' dir='ltr'><strong>sategerunt</strong></span> <span class='ocrx_word' id='word_1_14' title='bbox 2051 1868 2236 1934; x_wconf 88' lang='lat' dir='ltr'><strong>circa</strong></span> <span class='ocrx_word' id='word_1_15' title='bbox 2279 1868 2557 1935; x_wconf 83' lang='lat' dir='ltr'>Horatii</span> 
     </span>
     <span class='ocr_line' id='line_1_6' title="bbox 344 1969 2560 2059; baseline -0.002 -20"><span class='ocrx_word' id='word_1_16' title='bbox 344 1973 585 2039; x_wconf 81' lang='lat' dir='ltr'><strong>Flacci</strong></span> <span class='ocrx_word' id='word_1_17' title='bbox 607 1974 899 2059; x_wconf 84' lang='lat' dir='ltr'><strong>Eclogas</strong></span> <span class='ocrx_word' id='word_1_18' title='bbox 926 1972 1230 2055; x_wconf 88' lang='lat' dir='ltr'><strong>Librarii,</strong></span> <span class='ocrx_word' id='word_1_19' title='bbox 1261 1969 1702 2056; x_wconf 86' lang='lat' dir='ltr'><strong>Interpretes,</strong></span> <span class='ocrx_word' id='word_1_20' title='bbox 1722 1971 1977 2052; x_wconf 85' lang='lat' dir='ltr'><strong>Critici,</strong></span> <span class='ocrx_word' id='word_1_21' title='bbox 2000 1980 2078 2037; x_wconf 93' lang='lat' dir='ltr'><strong>ut</strong></span> <span class='ocrx_word' id='word_1_22' title='bbox 2111 1974 2336 2057; x_wconf 84' lang='lat' dir='ltr'><strong>possit</strong></span> <span class='ocrx_word' id='word_1_23' title='bbox 2362 1972 2560 2036; x_wconf 93' lang='lat' dir='ltr'><strong>homo</strong></span> 
     </span>
     <span class='ocr_line' id='line_1_7' title="bbox 343 2074 2561 2160; baseline -0.002 -19"><span class='ocrx_word' id='word_1_24' title='bbox 343 2075 655 2159; x_wconf 87' lang='lat' dir='ltr'><strong>diligens,</strong></span> <span class='ocrx_word' id='word_1_25' title='bbox 682 2077 791 2141; x_wconf 89' lang='lat' dir='ltr'><strong>cui</strong></span> <span class='ocrx_word' id='word_1_26' title='bbox 816 2075 1268 2141; x_wconf 75' lang='lat' dir='ltr'><strong>Bibliothecae</strong></span> <span class='ocrx_word' id='word_1_27' title='bbox 1292 2079 1607 2160; x_wconf 86' lang='lat' dir='ltr'><strong>pateant,</strong></span> <span class='ocrx_word' id='word_1_28' title='bbox 1647 2074 1851 2140; x_wconf 88' lang='lat' dir='ltr'><strong>facile</strong></span> <span class='ocrx_word' id='word_1_29' title='bbox 1879 2076 2125 2141; x_wconf 88' lang='lat' dir='ltr'><strong>librum</strong></span> <span class='ocrx_word' id='word_1_30' title='bbox 2150 2074 2561 2141; x_wconf 82' lang='lat' dir='ltr'><strong>mediocrem</strong></span> 
     </span>
     <span class='ocr_line' id='line_1_8' title="bbox 342 2177 2534 2264; baseline -0.001 -20"><span class='ocrx_word' id='word_1_31' title='bbox 342 2180 458 2246; x_wconf 81' lang='lat' dir='ltr'><strong>vel</strong></span> <span class='ocrx_word' id='word_1_32' title='bbox 491 2179 638 2245; x_wconf 85' lang='lat' dir='ltr'><strong>sola</strong></span> <span class='ocrx_word' id='word_1_33' title='bbox 666 2178 865 2264; x_wconf 89' lang='lat' dir='ltr'><strong>hujus</strong></span> <span class='ocrx_word' id='word_1_34' title='bbox 897 2177 1140 2244; x_wconf 65' lang='lat' dir='ltr'><strong>Poetae</strong></span> <span class='ocrx_word' id='word_1_35' title='bbox 1166 2177 1540 2244; x_wconf 82' lang='lat' dir='ltr'><strong>enarranda</strong></span> <span class='ocrx_word' id='word_1_36' title='bbox 1570 2177 1885 2244; x_wconf 84' lang='lat' dir='ltr'><strong>Historia</strong></span> <span class='ocrx_word' id='word_1_37' title='bbox 1909 2178 2202 2245; x_wconf 87' lang='lat' dir='ltr'><strong>literaria</strong></span> <span class='ocrx_word' id='word_1_38' title='bbox 2230 2178 2534 2262; x_wconf 89' lang='lat' dir='ltr'><strong>implere.</strong></span> 
     </span>
    </p>

    <p class='ocr_par' dir='ltr' id='par_1_6' title="bbox 341 2280 2571 2861">
     <span class='ocr_line' id='line_1_9' title="bbox 432 2280 2570 2369; baseline -0.001 -22"><span class='ocrx_word' id='word_1_39' title='bbox 432 2283 532 2347; x_wconf 93' lang='lat' dir='ltr'><strong>Et</strong></span> <span class='ocrx_word' id='word_1_40' title='bbox 560 2289 809 2361; x_wconf 88' lang='lat' dir='ltr'><strong>tamen,</strong></span> <span class='ocrx_word' id='word_1_41' title='bbox 843 2282 1026 2367; x_wconf 89' lang='lat' dir='ltr'><strong>quod</strong></span> <span class='ocrx_word' id='word_1_42' title='bbox 1057 2283 1201 2348; x_wconf 89' lang='lat' dir='ltr'><strong>sine</strong></span> <span class='ocrx_word' id='word_1_43' title='bbox 1229 2280 1474 2366; x_wconf 88' lang='lat' dir='ltr'><strong>injuria</strong></span> <span class='ocrx_word' id='word_1_44' title='bbox 1501 2284 1902 2369; x_wconf 89' lang='lat' dir='ltr'><strong>cujusquam</strong></span> <span class='ocrx_word' id='word_1_45' title='bbox 1930 2281 2217 2349; x_wconf 88' lang='lat' dir='ltr'><strong>hominis</strong></span> <span class='ocrx_word' id='word_1_46' title='bbox 2242 2280 2570 2365; x_wconf 79' lang='lat' dir='ltr'><strong>simplici</strong></span> 
     </span>
     <span class='ocr_line' id='line_1_10' title="bbox 341 2384 2566 2468; baseline -0 -20"><span class='ocrx_word' id='word_1_47' title='bbox 341 2390 588 2468; x_wconf 83' lang='lat' dir='ltr'><strong>terque</strong></span> <span class='ocrx_word' id='word_1_48' title='bbox 638 2384 893 2451; x_wconf 89' lang='lat' dir='ltr'><strong>dictum</strong></span> <span class='ocrx_word' id='word_1_49' title='bbox 941 2385 1277 2464; x_wconf 85' lang='lat' dir='ltr'><strong>volumus,</strong></span> <span class='ocrx_word' id='word_1_50' title='bbox 1327 2384 1752 2451; x_wconf 87' lang='lat' dir='ltr'><strong>desideratur</strong></span> <span class='ocrx_word' id='word_1_51' title='bbox 1801 2405 1844 2451; x_wconf 88' lang='lat' dir='ltr'><strong>a</strong></span> <span class='ocrx_word' id='word_1_52' title='bbox 1886 2385 2115 2450; x_wconf 88' lang='lat' dir='ltr'><strong>multis</strong></span> <span class='ocrx_word' id='word_1_53' title='bbox 2163 2385 2318 2450; x_wconf 88' lang='lat' dir='ltr'><strong>inde</strong></span> <span class='ocrx_word' id='word_1_54' title='bbox 2368 2384 2566 2449; x_wconf 84' lang='lat' dir='ltr'><strong>annis</strong></span> 
     </span>
     <span class='ocr_line' id='line_1_11' title="bbox 347 2485 2569 2573; baseline -0.002 -20"><span class='ocrx_word' id='word_1_55' title='bbox 347 2485 588 2553; x_wconf 81' lang='lat' dir='ltr'><strong>Editio</strong></span> <span class='ocrx_word' id='word_1_56' title='bbox 619 2508 772 2572; x_wconf 81' lang='lat' dir='ltr'><strong>quoe</strong></span> <span class='ocrx_word' id='word_1_57' title='bbox 801 2487 1091 2573; x_wconf 86' lang='lat' dir='ltr'><strong>primum</strong></span> <span class='ocrx_word' id='word_1_58' title='bbox 1120 2488 1330 2553; x_wconf 82' lang='lat' dir='ltr'><strong>verba</strong></span> <span class='ocrx_word' id='word_1_59' title='bbox 1359 2485 1705 2566; x_wconf 77' lang='lat' dir='ltr'><strong>AuctoriS,</strong></span> <span class='ocrx_word' id='word_1_60' title='bbox 1737 2495 2068 2571; x_wconf 88' lang='lat' dir='ltr'><strong>quantum</strong></span> <span class='ocrx_word' id='word_1_61' title='bbox 2104 2491 2355 2572; x_wconf 87' lang='lat' dir='ltr'><strong>potest,</strong></span> <span class='ocrx_word' id='word_1_62' title='bbox 2397 2488 2569 2549; x_wconf 85' lang='lat' dir='ltr'><strong>inte-</strong></span> 
     </span>
     <span class='ocr_line' id='line_1_12' title="bbox 347 2587 2572 2680; baseline -0.003 -26"><span class='ocrx_word' id='word_1_63' title='bbox 347 2607 472 2674; x_wconf 83' lang='lat' dir='ltr'><strong>gra</strong></span> <span class='ocrx_word' id='word_1_64' title='bbox 498 2596 707 2674; x_wconf 87' lang='lat' dir='ltr'><strong>atque</strong></span> <span class='ocrx_word' id='word_1_65' title='bbox 754 2588 1115 2655; x_wconf 89' lang='lat' dir='ltr'><strong>emendata</strong></span> <span class='ocrx_word' id='word_1_66' title='bbox 1152 2595 1609 2680; x_wconf 75' lang='lat' dir='ltr'><strong>repraesentet,</strong></span> <span class='ocrx_word' id='word_1_67' title='bbox 1646 2608 1857 2673; x_wconf 88' lang='lat' dir='ltr'><strong>neque</strong></span> <span class='ocrx_word' id='word_1_68' title='bbox 1919 2588 2285 2674; x_wconf 85' lang='lat' dir='ltr'><strong>superioris</strong></span> <span class='ocrx_word' id='word_1_69' title='bbox 2334 2587 2572 2651; x_wconf 87' lang='lat' dir='ltr'><strong>barba-</strong></span> 
     </span>
     <span class='ocr_line' id='line_1_13' title="bbox 347 2689 2571 2817; baseline -0.003 -60"><span class='ocrx_word' id='word_1_70' title='bbox 347 2691 477 2758; x_wconf 88' lang='lat' dir='ltr'><strong>riei</strong></span> <span class='ocrx_word' id='word_1_71' title='bbox 499 2692 693 2757; x_wconf 85' lang='lat' dir='ltr'><strong>vitiis</strong></span> <span class='ocrx_word' id='word_1_72' title='bbox 720 2689 1014 2772; x_wconf 82' lang='lat' dir='ltr'><strong>horrida,</strong></span> <span class='ocrx_word' id='word_1_73' title='bbox 1053 2710 1273 2777; x_wconf 81' lang='lat' dir='ltr'><strong>neque</strong></span> <span class='ocrx_word' id='word_1_74' title='bbox 1321 2689 1555 2756; x_wconf 87' lang='lat' dir='ltr'><strong>eadem</strong></span> <span class='ocrx_word' id='word_1_75' title='bbox 1604 2698 1921 2776; x_wconf 85' lang='lat' dir='ltr'><strong>corrupta</strong></span> <span class='ocrx_word' id='word_1_76' title='bbox 1967 2698 2040 2756; x_wconf 92' lang='lat' dir='ltr'><strong>et</strong></span> <span class='ocrx_word' id='word_1_77' title='bbox 2083 2690 2515 2817; x_wconf 83' lang='lat' dir='ltr'><strong>interpolata</strong></span> <span class='ocrx_word' id='word_1_78' title='bbox 2528 2706 2571 2752; x_wconf 96' lang='lat' dir='ltr'><strong>a</strong></span> 
     </span>
     <span class='ocr_line' id='line_1_14' title="bbox 354 2793 653 2864; baseline 0 -3"><span class='ocrx_word' id='word_1_79' title='bbox 354 2793 653 2864; x_wconf 87' lang='lat' dir='ltr'><strong>Criticis.</strong></span> 
     </span>
    </p>

    <p class='ocr_par' dir='ltr' id='par_1_7' title="bbox 349 2893 2588 3904">
     <span class='ocr_line' id='line_1_15' title="bbox 438 2893 2574 2985; baseline -0.001 -23"><span class='ocrx_word' id='word_1_80' title='bbox 438 2894 649 2977; x_wconf 85' lang='lat' dir='ltr'><strong>Quod</strong></span> <span class='ocrx_word' id='word_1_81' title='bbox 675 2909 748 2963; x_wconf 90' lang='lat' dir='ltr'><strong>ut</strong></span> <span class='ocrx_word' id='word_1_82' title='bbox 764 2896 1065 2985; x_wconf 88' lang='lat' dir='ltr'><strong>judicari</strong></span> <span class='ocrx_word' id='word_1_83' title='bbox 1107 2897 1353 2962; x_wconf 87' lang='lat' dir='ltr'><strong>melius</strong></span> <span class='ocrx_word' id='word_1_84' title='bbox 1397 2898 1640 2982; x_wconf 84' lang='lat' dir='ltr'><strong>possit,</strong></span> <span class='ocrx_word' id='word_1_85' title='bbox 1673 2897 1879 2982; x_wconf 88' lang='lat' dir='ltr'><strong>adjici</strong></span> <span class='ocrx_word' id='word_1_86' title='bbox 1914 2898 2235 2982; x_wconf 84' lang='lat' dir='ltr'><strong>optabam</strong></span> <span class='ocrx_word' id='word_1_87' title='bbox 2262 2893 2574 2961; x_wconf 83' lang='lat' dir='ltr'><strong>Varieta-</strong></span> 
     </span>
     <span class='ocr_line' id='line_1_16' title="bbox 352 2997 2577 3085; baseline -0.002 -21"><span class='ocrx_word' id='word_1_88' title='bbox 352 3007 498 3065; x_wconf 86' lang='lat' dir='ltr'><strong>tem</strong></span> <span class='ocrx_word' id='word_1_89' title='bbox 542 2998 910 3079; x_wconf 82' lang='lat' dir='ltr'><strong>Lectionis,</strong></span> <span class='ocrx_word' id='word_1_90' title='bbox 957 3000 1127 3065; x_wconf 86' lang='lat' dir='ltr'><strong>sive</strong></span> <span class='ocrx_word' id='word_1_91' title='bbox 1152 3001 1239 3065; x_wconf 91' lang='lat' dir='ltr'><strong>ab</strong></span> <span class='ocrx_word' id='word_1_92' title='bbox 1289 3001 1581 3085; x_wconf 85' lang='lat' dir='ltr'><strong>antiquis</strong></span> <span class='ocrx_word' id='word_1_93' title='bbox 1631 3000 1922 3066; x_wconf 86' lang='lat' dir='ltr'><strong>librariis</strong></span> <span class='ocrx_word' id='word_1_94' title='bbox 1974 3020 2060 3066; x_wconf 86' lang='lat' dir='ltr'><strong>ea</strong></span> <span class='ocrx_word' id='word_1_95' title='bbox 2112 2997 2438 3085; x_wconf 39' lang='lat' dir='ltr'><strong>profecta,</strong></span> <span class='ocrx_word' id='word_1_96' title='bbox 2463 2997 2577 3076; x_wconf 83' lang='lat' dir='ltr'><strong>sit,</strong></span> 
     </span>
     <span class='ocr_line' id='line_1_17' title="bbox 359 3101 2582 3185; baseline -0.002 -20"><span class='ocrx_word' id='word_1_97' title='bbox 359 3104 510 3168; x_wconf 85' lang='lat' dir='ltr'><strong>sive</strong></span> <span class='ocrx_word' id='word_1_98' title='bbox 556 3123 603 3168; x_wconf 88' lang='lat' dir='ltr'><strong>a</strong></span> <span class='ocrx_word' id='word_1_99' title='bbox 651 3104 1089 3169; x_wconf 83' lang='lat' dir='ltr'><strong>recentiorum</strong></span> <span class='ocrx_word' id='word_1_100' title='bbox 1130 3103 1475 3168; x_wconf 89' lang='lat' dir='ltr'><strong>hominum</strong></span> <span class='ocrx_word' id='word_1_101' title='bbox 1506 3102 1777 3169; x_wconf 86' lang='lat' dir='ltr'><strong>invecta</strong></span> <span class='ocrx_word' id='word_1_102' title='bbox 1806 3101 2120 3185; x_wconf 81' lang='lat' dir='ltr'><strong>ingeniiS,</strong></span> <span class='ocrx_word' id='word_1_103' title='bbox 2150 3121 2286 3166; x_wconf 88' lang='lat' dir='ltr'><strong>non</strong></span> <span class='ocrx_word' id='word_1_104' title='bbox 2316 3117 2582 3174; x_wconf 83' lang='lat' dir='ltr'><strong>omnem</strong></span> 
     </span>
     <span class='ocr_line' id='line_1_18' title="bbox 358 3200 2579 3289; baseline -0.003 -20"><span class='ocrx_word' id='word_1_105' title='bbox 358 3204 541 3271; x_wconf 87' lang='lat' dir='ltr'><strong>illam</strong></span> <span class='ocrx_word' id='word_1_106' title='bbox 575 3205 873 3289; x_wconf 90' lang='lat' dir='ltr'><strong>quidem,</strong></span> <span class='ocrx_word' id='word_1_107' title='bbox 911 3204 1096 3289; x_wconf 88' lang='lat' dir='ltr'><strong>quod</strong></span> <span class='ocrx_word' id='word_1_108' title='bbox 1140 3202 1468 3270; x_wconf 88' lang='lat' dir='ltr'><strong>infinitum</strong></span> <span class='ocrx_word' id='word_1_109' title='bbox 1513 3210 1645 3285; x_wconf 89' lang='lat' dir='ltr'><strong>est,</strong></span> <span class='ocrx_word' id='word_1_110' title='bbox 1689 3211 1756 3271; x_wconf 85' lang='lat' dir='ltr'><strong>et</strong></span> <span class='ocrx_word' id='word_1_111' title='bbox 1796 3204 1869 3269; x_wconf 89' lang='lat' dir='ltr'><strong>in</strong></span> <span class='ocrx_word' id='word_1_112' title='bbox 1911 3204 2115 3285; x_wconf 89' lang='lat' dir='ltr'><strong>libro,</strong></span> <span class='ocrx_word' id='word_1_113' title='bbox 2160 3203 2428 3288; x_wconf 74' lang='lat' dir='ltr'><strong>qualem</strong></span> <span class='ocrx_word' id='word_1_114' title='bbox 2468 3200 2579 3264; x_wconf 90' lang='lat' dir='ltr'><strong>hic</strong></span> 
     </span>
     <span class='ocr_line' id='line_1_19' title="bbox 349 3304 2582 3394; baseline -0.004 -22"><span class='ocrx_word' id='word_1_115' title='bbox 349 3306 831 3394; x_wconf 72' lang='lat' dir='ltr'><strong>describimus,</strong></span> <span class='ocrx_word' id='word_1_116' title='bbox 874 3326 1012 3372; x_wconf 87' lang='lat' dir='ltr'><strong>non</strong></span> <span class='ocrx_word' id='word_1_117' title='bbox 1053 3307 1527 3387; x_wconf 87' lang='lat' dir='ltr'><strong>necessarium,</strong></span> <span class='ocrx_word' id='word_1_118' title='bbox 1571 3305 1692 3371; x_wconf 87' lang='lat' dir='ltr'><strong>sed</strong></span> <span class='ocrx_word' id='word_1_119' title='bbox 1737 3325 1911 3385; x_wconf 88' lang='lat' dir='ltr'><strong>eam,</strong></span> <span class='ocrx_word' id='word_1_120' title='bbox 1963 3325 2119 3392; x_wconf 75' lang='lat' dir='ltr'><strong>quae</strong></span> <span class='ocrx_word' id='word_1_121' title='bbox 2163 3304 2276 3371; x_wconf 82' lang='lat' dir='ltr'><strong>vel</strong></span> <span class='ocrx_word' id='word_1_122' title='bbox 2297 3308 2582 3383; x_wconf 12' lang='lat' dir='ltr'><strong>“senten-i</strong></span> 
     </span>
     <span class='ocr_line' id='line_1_20' title="bbox 362 3403 2585 3492; baseline -0.003 -17"><span class='ocrx_word' id='word_1_123' title='bbox 362 3411 532 3478; x_wconf 86' lang='lat' dir='ltr'><strong>tiam</strong></span> <span class='ocrx_word' id='word_1_124' title='bbox 576 3407 839 3489; x_wconf 60' lang='lat' dir='ltr'><strong>Poetae,</strong></span> <span class='ocrx_word' id='word_1_125' title='bbox 879 3409 990 3475; x_wconf 86' lang='lat' dir='ltr'><strong>vel</strong></span> <span class='ocrx_word' id='word_1_126' title='bbox 1033 3415 1326 3475; x_wconf 82' lang='lat' dir='ltr'><strong>veterem</strong></span> <span class='ocrx_word' id='word_1_127' title='bbox 1377 3407 1939 3492; x_wconf 76' lang='lat' dir='ltr'><strong>orthographiam</strong></span> <span class='ocrx_word' id='word_1_128' title='bbox 1985 3411 2214 3485; x_wconf 88' lang='lat' dir='ltr'><strong>mutet,</strong></span> <span class='ocrx_word' id='word_1_129' title='bbox 2251 3405 2377 3489; x_wconf 66' lang='lat' dir='ltr'><strong>vel⁴</strong></span> <span class='ocrx_word' id='word_1_130' title='bbox 2402 3403 2585 3487; x_wconf 82' lang='lat' dir='ltr'><strong>aliud</strong></span> 
     </span>
     <span class='ocr_line' id='line_1_21' title="bbox 363 3506 2587 3600; baseline -0.004 -21"><span class='ocrx_word' id='word_1_131' title='bbox 363 3512 800 3578; x_wconf 86' lang='lat' dir='ltr'><strong>memorabile</strong></span> <span class='ocrx_word' id='word_1_132' title='bbox 824 3512 1103 3590; x_wconf 89' lang='lat' dir='ltr'><strong>habeat,</strong></span> <span class='ocrx_word' id='word_1_133' title='bbox 1134 3510 1322 3596; x_wconf 90' lang='lat' dir='ltr'><strong>quod</strong></span> <span class='ocrx_word' id='word_1_134' title='bbox 1364 3531 1494 3577; x_wconf 90' lang='lat' dir='ltr'><strong>non</strong></span> <span class='ocrx_word' id='word_1_135' title='bbox 1525 3512 1824 3594; x_wconf 82' lang='lat' dir='ltr'><strong>ignorare</strong></span> <span class='ocrx_word' id='word_1_136' title='bbox 1850 3510 2024 3577; x_wconf 82' lang='lat' dir='ltr'><strong>velit</strong></span> <span class='ocrx_word' id='word_1_137' title='bbox 2055 3509 2312 3600; x_wconf 13' lang='lat' dir='ltr'><strong>aliquis*</strong></span> <span class='ocrx_word' id='word_1_138' title='bbox 2331 3506 2587 3572; x_wconf 88' lang='lat' dir='ltr'><strong>medio-</strong></span> 
     </span>
     <span class='ocr_line' id='line_1_22' title="bbox 366 3607 2585 3705; baseline -0.004 -26"><span class='ocrx_word' id='word_1_139' title='bbox 366 3616 562 3681; x_wconf 87' lang='lat' dir='ltr'><strong>criter</strong></span> <span class='ocrx_word' id='word_1_140' title='bbox 604 3615 844 3681; x_wconf 82' lang='lat' dir='ltr'><strong>horum</strong></span> <span class='ocrx_word' id='word_1_141' title='bbox 893 3614 1273 3680; x_wconf 83' lang='lat' dir='ltr'><strong>studiorum</strong></span> <span class='ocrx_word' id='word_1_142' title='bbox 1317 3616 1657 3705; x_wconf 70' lang='lat' dir='ltr'><strong>curiosus.</strong></span> <span class='ocrx_word' id='word_1_143' title='bbox 1746 3612 1933 3678; x_wconf 88' lang='lat' dir='ltr'><strong>Nam</strong></span> <span class='ocrx_word' id='word_1_144' title='bbox 1966 3613 2085 3697; x_wconf 86' lang='lat' dir='ltr'><strong>qui</strong></span> <span class='ocrx_word' id='word_1_145' title='bbox 2114 3612 2318 3696; x_wconf 88' lang='lat' dir='ltr'><strong>plane</strong></span> <span class='ocrx_word' id='word_1_146' title='bbox 2345 3629 2419 3674; x_wconf 89' lang='lat' dir='ltr'><strong>se</strong></span> <span class='ocrx_word' id='word_1_147' title='bbox 2449 3607 2585 3671; x_wconf 88' lang='lat' dir='ltr'><strong>illis</strong></span> 
     </span>
     <span class='ocr_line' id='line_1_23' title="bbox 368 3713 2588 3799; baseline -0.003 -19"><span class='ocrx_word' id='word_1_148' title='bbox 368 3717 713 3797; x_wconf 87' lang='lat' dir='ltr'><strong>dedidere,</strong></span> <span class='ocrx_word' id='word_1_149' title='bbox 761 3718 868 3795; x_wconf 80' lang='lat' dir='ltr'><strong>his</strong></span> <span class='ocrx_word' id='word_1_150' title='bbox 920 3718 1082 3784; x_wconf 90' lang='lat' dir='ltr'><strong>nihil</strong></span> <span class='ocrx_word' id='word_1_151' title='bbox 1122 3717 1401 3783; x_wconf 83' lang='lat' dir='ltr'><strong>nimium</strong></span> <span class='ocrx_word' id='word_1_152' title='bbox 1432 3725 1566 3783; x_wconf 88' lang='lat' dir='ltr'><strong>est.</strong></span> <span class='ocrx_word' id='word_1_153' title='bbox 1654 3715 1818 3782; x_wconf 90' lang='lat' dir='ltr'><strong>Hoc</strong></span> <span class='ocrx_word' id='word_1_154' title='bbox 1847 3716 2051 3799; x_wconf 85' lang='lat' dir='ltr'><strong>igitur</strong></span> <span class='ocrx_word' id='word_1_155' title='bbox 2098 3713 2389 3780; x_wconf 88' lang='lat' dir='ltr'><strong>alterum</strong></span> <span class='ocrx_word' id='word_1_156' title='bbox 2421 3716 2588 3785; x_wconf 86' lang='lat' dir='ltr'><strong>erat,</strong></span> 
     </span>
     <span class='ocr_line' id='line_1_24' title="bbox 370 3820 1927 3904; baseline -0.001 -17"><span class='ocrx_word' id='word_1_157' title='bbox 370 3820 553 3903; x_wconf 87' lang='lat' dir='ltr'><strong>quod</strong></span> <span class='ocrx_word' id='word_1_158' title='bbox 589 3820 1042 3904; x_wconf 84' lang='lat' dir='ltr'><strong>requirebam.</strong></span> <span class='ocrx_word' id='word_1_159' title='bbox 1919 3831 1927 3839; x_wconf 83' lang='grc'><em>·</em></span> 
     </span>
    </p>

    <p class='ocr_par' dir='ltr' id='par_1_8' title="bbox 328 3913 2595 4314">
     <span class='ocr_line' id='line_1_25' title="bbox 455 3913 2591 4008; baseline -0.005 -21"><span class='ocrx_word' id='word_1_160' title='bbox 455 3922 767 4008; x_wconf 86' lang='lat' dir='ltr'><strong>Denique</strong></span> <span class='ocrx_word' id='word_1_161' title='bbox 798 3942 956 3988; x_wconf 90' lang='lat' dir='ltr'><strong>cum</strong></span> <span class='ocrx_word' id='word_1_162' title='bbox 986 3921 1290 4008; x_wconf 83' lang='lat' dir='ltr'><strong>plurimi,</strong></span> <span class='ocrx_word' id='word_1_163' title='bbox 1310 3922 1476 4007; x_wconf 89' lang='lat' dir='ltr'><strong>quin</strong></span> <span class='ocrx_word' id='word_1_164' title='bbox 1494 4002 1502 4008; x_wconf 32' lang='grc'>,</span> <span class='ocrx_word' id='word_1_165' title='bbox 1519 3920 1826 4005; x_wconf 86' lang='lat' dir='ltr'><strong>plerique</strong></span> <span class='ocrx_word' id='word_1_166' title='bbox 1855 3919 1991 3984; x_wconf 87' lang='lat' dir='ltr'><strong>sint</strong></span> <span class='ocrx_word' id='word_1_167' title='bbox 2023 3916 2421 4000; x_wconf 79' lang='lat' dir='ltr'><strong>Horatianae</strong></span> <span class='ocrx_word' id='word_1_168' title='bbox 2457 3913 2591 3977; x_wconf 89' lang='lat' dir='ltr'><strong>ele-</strong></span> 
     </span>
     <span class='ocr_line' id='line_1_26' title="bbox 328 4022 2593 4111; baseline -0.006 -21"><span class='ocrx_word' id='word_1_169' title='bbox 328 4097 349 4103; x_wconf 54' lang='grc'><em>,</em></span> <span class='ocrx_word' id='word_1_170' title='bbox 374 4024 622 4109; x_wconf 77' lang='lat' dir='ltr'><strong>gantiae</strong></span> <span class='ocrx_word' id='word_1_171' title='bbox 654 4026 972 4103; x_wconf 88' lang='lat' dir='ltr'><strong>studiosi,</strong></span> <span class='ocrx_word' id='word_1_172' title='bbox 1003 4025 1121 4109; x_wconf 85' lang='lat' dir='ltr'><strong>qui</strong></span> <span class='ocrx_word' id='word_1_173' title='bbox 1168 4026 1275 4111; x_wconf 75' lang='lat' dir='ltr'><strong>vel</strong></span> <span class='ocrx_word' id='word_1_174' title='bbox 1317 4045 1441 4110; x_wconf 79' lang='lat' dir='ltr'><strong>per</strong></span> <span class='ocrx_word' id='word_1_175' title='bbox 1484 4026 1780 4103; x_wconf 84' lang='lat' dir='ltr'><strong>aetatem,</strong></span> <span class='ocrx_word' id='word_1_176' title='bbox 1828 4022 1933 4089; x_wconf 85' lang='lat' dir='ltr'><strong>vel</strong></span> <span class='ocrx_word' id='word_1_177' title='bbox 1977 4042 2102 4106; x_wconf 86' lang='lat' dir='ltr'><strong>per</strong></span> <span class='ocrx_word' id='word_1_178' title='bbox 2130 4035 2593 4106; x_wconf 82' lang='lat' dir='ltr'><strong>quascumque</strong></span> 
     </span>
     <span class='ocr_line' id='line_1_27' title="bbox 376 4114 2595 4212; baseline -0.006 -20"><span class='ocrx_word' id='word_1_179' title='bbox 376 4128 549 4194; x_wconf 86' lang='lat' dir='ltr'><strong>alias</strong></span> <span class='ocrx_word' id='word_1_180' title='bbox 577 4129 737 4193; x_wconf 83' lang='lat' dir='ltr'><strong>vitae</strong></span> <span class='ocrx_word' id='word_1_181' title='bbox 767 4147 911 4193; x_wconf 84' lang='lat' dir='ltr'><strong>suae</strong></span> <span class='ocrx_word' id='word_1_182' title='bbox 955 4129 1276 4207; x_wconf 83' lang='lat' dir='ltr'><strong>rationes,</strong></span> <span class='ocrx_word' id='word_1_183' title='bbox 1303 4147 1440 4208; x_wconf 86' lang='lat' dir='ltr'><strong>non</strong></span> <span class='ocrx_word' id='word_1_184' title='bbox 1484 4126 1754 4212; x_wconf 89' lang='lat' dir='ltr'><strong>possint</strong></span> <span class='ocrx_word' id='word_1_185' title='bbox 1800 4125 1968 4191; x_wconf 87' lang='lat' dir='ltr'><strong>satis</strong></span> <span class='ocrx_word' id='word_1_186' title='bbox 2010 4122 2386 4205; x_wconf 86' lang='lat' dir='ltr'><strong>intelligere</strong></span> <span class='ocrx_word' id='word_1_187' title='bbox 2416 4114 2595 4181; x_wconf 68' lang='lat' dir='ltr'><strong>Poe-</strong></span> 
     </span>
     <span class='ocr_line' id='line_1_28' title="bbox 375 4219 2591 4314; baseline -0.006 -19"><span class='ocrx_word' id='word_1_188' title='bbox 375 4234 538 4311; x_wconf 82' lang='lat' dir='ltr'><strong>tam,</strong></span> <span class='ocrx_word' id='word_1_189' title='bbox 565 4238 958 4301; x_wconf 83' lang='lat' dir='ltr'><strong>novatorem</strong></span> <span class='ocrx_word' id='word_1_190' title='bbox 984 4231 1054 4297; x_wconf 84' lang='lat' dir='ltr'><strong>in</strong></span> <span class='ocrx_word' id='word_1_191' title='bbox 1075 4229 1298 4298; x_wconf 88' lang='lat' dir='ltr'><strong>verbis</strong></span> <span class='ocrx_word' id='word_1_192' title='bbox 1325 4219 2111 4314; x_wconf 68' lang='lat' dir='ltr'><strong>nonnunquam,multa&#39;c</strong></span> <span class='ocrx_word' id='word_1_193' title='bbox 2137 4225 2383 4293; x_wconf 85' lang='lat' dir='ltr'><strong>Graeco</strong></span> <span class='ocrx_word' id='word_1_194' title='bbox 2409 4220 2591 4284; x_wconf 83' lang='lat' dir='ltr'><strong>sonte</strong></span> 
     </span>
    </p>
   </div>
  </div>
 </body>
</html>
