3059 4909
980 409 1395 459 οΑιιιιιΝυΜ
1446 412 1593 459 mn.
1643 411 1689 460 1.
1733 395 1842 459 34.

2383 393 2513 458 217

662 554 1085 640 Plerumque,
1119 578 1239 641 per
1267 575 1505 642 purum
1536 562 1846 622 tonantes
1881 567 1886 578 ·

746 658 903 742 Egit
929 680 1144 743 equos
1174 660 1653 743 volucremque
1694 677 1997 738 currum;

577 758 736 838 Quo
762 761 958 827 bruta
985 764 1206 842 telluS,
1235 769 1299 827 et
1326 783 1501 846 vaga
1531 761 1835 840 flumina,

573 861 733 941 Quo
765 864 963 949 Styx,
995 871 1064 932 et
1091 866 1594 948 invisihorrida
1623 865 1908 952 Taenari*

2426 867 2512 931 10

295 1053 578 1120 frequenter
593 1058 780 1123 impulit
794 1077 810 1109 .-
844 1075 933 1125 quo
954 1064 1087 1110 terra
1102 1060 1289 1122 gravis,
1307 1063 1609 1123 errantesque
1615 1059 1785 1124 fluvii,
1807 1075 1897 1124 quo
1920 1059 2050 1125 Styx
2069 1065 2211 1125 atque
2234 1061 2383 1112 odiosi
2406 1062 2508 1112 Tae·

1237 1201 1415 1222 000000

1421 1200 1597 1222 000000

311 1301 375 1350 ad
400 1303 559 1352 Lucr.
586 1317 663 1353 vr.
687 1308 769 1355 95.
800 1305 1000 1357 Talbot.
1029 1306 1179 1369 Pine,
1212 1306 1368 1354 Baxt.
1395 1305 1570 1356 Bentl.
1593 1306 1717 1357 San.
1734 1306 1919 1358 Joues.
1946 1312 2002 1357 et
2025 1305 2261 1369 Lessing.
2331 1306 2401 1355 Et
2434 1306 2506 1355 vi·

308 1367 500 1418 dentur
536 1370 611 1419 sic
657 1370 845 1420 Scholl.
915 1372 1048 1422 Nam
1094 1371 1220 1422 Acr.
1259 1371 1382 1436 ‘qui
1423 1371 1603 1422 nubilo
1637 1372 1769 1422 coelo
1807 1386 2085 1423 coruscare
2120 1370 2420 1422 consuevit’
2451 1376 2511 1421 et

1305 1519 1350 1580 N
1364 1518 1526 1568 oTAE

305 1615 499 1665 minum
549 1615 931 1679 extimuissent‚
976 1617 1261 1669 credidisse
1304 1631 1367 1667 ea

304 1691 518 1743 efficere
541 1706 710 1742 rerum
732 1695 958 1744 omnium
985 1701 1366 1758 praepotentern

302 1770 492 1820 Jovem
505 1802 650 1821 .....
668 1771 854 1822 Placet
873 1771 1066 1822 Stoicis
1098 1786 1186 1821 eos
1212 1772 1368 1820 anhe-

302 1844 425 1895 litus
443 1852 604 1897 terrae
621 1846 711 1912 qui
727 1845 905 1912 frigidi
919 1854 1060 1911 sunt,
1075 1862 1190 1897 cum
1204 1845 1367 1899 fluere

302 1922 585 1986 coeperint,
623 1930 804 1974 ventos
848 1938 1001 1974 esse:
1036 1938 1153 1974 cum
1194 1931 1367 1974 autem

299 2013 352 2049 se
377 2000 431 2049 iu
459 1998 648 2050 nubem
672 1999 951 2065 induerint,
978 2000 1195 2067 ejusque
1222 2009 1369 2051 tenu·

298 2074 530 2126 issimam
571 2091 830 2143 quamque
878 2085 1078 2142 partem
1113 2078 1368 2143 coeperint

298 2149 541 2202 dividere
594 2157 752 2216 atque
803 2151 1139 2216 disrumpere,
1211 2153 1367 2218 idque

298 2227 540 2278 crebrius
561 2227 733 2278 facere
769 2236 825 2279 et
861 2230 1236 2292 vehementius,
1258 2238 1368 2281 tum

296 2302 513 2368 fulgura
535 2311 589 2354 et
613 2305 841 2355 tonitrua
854 2307 1107 2356 existere:
1129 2307 1172 2356 si
1195 2314 1367 2359 autem

288 2382 518 2432 ,nubium
543 2380 801 2442 ‚conflictu
831 2382 988 2434 ardor
1010 2397 1286 2447 expressus
1310 2400 1367 2435 se

297 2459 553 2524 emiserit,
569 2456 623 2508 id
646 2472 755 2509 esse
776 2458 1010 2523 fulmen‚'
1040 2461 1142 2511 &c-

360 2539 392 2585 7
424 2536 525 2586 Per
534 2535 727 2599 purum]
748 2537 836 2587 Sic
859 2536 1058 2600 opinati
1079 2542 1283 2587 veteres
1303 2551 1369 2587 ea

296 2613 679 2678 tonitrua,quae
691 2627 877 2664 sereno
891 2612 1013 2663 aiire
1029 2612 1236 2674 fierent,
1252 2628 1369 2664 esse

296 2696 626 2755 portentosa,
649 2697 706 2740 et
744 2691 917 2742 tristia
938 2691 1121 2741 minari
1152 2691 1366 2740 homini-

296 2767 436 2828 bus;
471 2767 703 2832 taliaque
738 2768 790 2817 in
822 2768 958 2818 iibro
982 2767 1253 2833 Augurum
1278 2781 1367 2818 uo·

297 2843 552 2893 tabantur
594 2843 739 2894 velut
777 2846 1029 2909 ominosa,
1070 2850 1125 2895 et
1167 2859 1199 2895 a
1229 2845 1367 2895 Jove

295 2919 493 2985 aliquid
532 2928 854 2972 monstrante
883 2922 1127 2975 immissa.
1191 2923 1369 2976 Quare
1396 2936 1409 2952 ·

295 2997 382 3048 hic
437 2996 506 3047 ab
552 2997 775 3050 Horatio
819 2996 1108 3049 afferuntur
1153 3007 1216 3050 ut
1253 3014 1366 3051 cer·

297 3081 412 3126 tum
430 3074 723 3126 divinitatis
740 3082 1116 3140 argumentum.
1144 3076 1368 3130 Homer.

297 3151 495 3217 odyss.
514 3158 571 3202 Υ.
597 3156 713 3204 123.
733 3167 800 3203 ex
834 3167 897 3203 eo
917 3153 1053 3219 quod
1084 3154 1252 3204 stellis
1274 3154 1368 3204 mi-

295 3238 457 3281 cante
513 3231 666 3288 coelo,
722 3230 921 3282 tonitru
975 3230 1176 3281 factum
1230 3237 1367 3296 erat,

290 3308 519 3359 monstri
540 3308 805 3374 quidpiam
822 3309 977 3359 alicui
993 3323 1025 3358 a
1037 3308 1173 3360 Jove
1189 3316 1367 3358 osten-

296 3386 373 3449 di,
394 3384 673 3448 conjicitur
693 3391 749 3434 et
768 3383 992 3435 infertur
1009 3401 1024 3435 ε
1060 3386 1168 3443 Ζεῦ,
1186 3383 1364 3447 μεγάλ’

295 3459 596 3526 ἐβρόντησας
610 3461 690 3511 ἀπ’
712 3462 910 3525 οὐρανοῦ
928 3461 1259 3526 &cuspidem-os,
1270 3462 1364 3512 Οὔ·

295 3536 354 3588 δέ
388 3543 499 3588 Ιιὀθι
537 3536 680 3602 νέφος
722 3536 842 3587 ἐστί·
874 3536 1012 3602 τέρας
1039 3537 1096 3587 νύ
1129 3557 1223 3600 τεῳ
1252 3536 1367 3590 τάδε

295 3613 500 3679 φαίνεις.
563 3616 779 3679 Jupiter,
798 3616 1016 3678 graviter
1036 3631 1062 3665 e
1092 3618 1204 3665 coelo
1233 3621 1368 3666 tonu-

296 3692 388 3743 isti
419 3691 629 3750 stellato,
651 3693 822 3756 Neque
857 3707 1052 3756 ιωφιαιι
1083 3693 1228 3743 nubes
1259 3698 1331 3742 est
1348 3709 1366 3743 .·

296 3774 534 3819 ostentm
554 3769 641 3818 1⁸00
659 3776 787 3819 certe
805 3768 952 3818 aucus·
984 3768 1184 3832 praebes.
1249 3768 1369 3817 Vir-

298 3847 394 3911 gil.
415 3846 666 3910 Georgic.
688 3860 727 3896 1·
749 3849 867 3897 48⁷.
902 3847 918 3875 ‘
943 3846 1063 3896 Non
1087 3845 1214 3895 alias
1236 3844 1370 3894 coslo

296 3924 611 3975 ceciderunt
664 3923 813 3986 plura
863 3935 1045 3972 sereno
1102 3919 1366 3984 Fulgura.'

303 4001 418 4050 Cic.
464 4000 532 4050 de
563 3997 739 4049 Divin.
774 4011 814 4048 1.
854 4012 906 4047 n.
946 4002 1026 4049 18.
1059 3994 1211 4047 ‘Aut
1247 4010 1366 4046 cum

302 4076 528 4129 terribili
552 4076 819 4140 perculsus
837 4073 1048 4124 fulmine
1071 4073 1201 4124 civis
1223 4075 1373 4124 Luce

303 4153 568 4205 serenanti
584 4151 771 4203 vitalia
791 4151 989 4204 lumina
1008 4148 1194 4216 liquit·'
1228 4151 1369 4202 Prin.

302 4245 368 4281 ιι.
389 4235 472 4283 51.
504 4229 522 4259 ‘
542 4229 621 4279 Μ.
659 4227 954 4280 Herennius
971 4229 1206 4280 Decurio
1228 4242 1368 4279 sere-

304 4322 374 4359 no
411 4308 498 4361 die
536 4305 759 4361 fulmine
789 4306 927 4362 ictus
972 4305 1091 4359 est.'
1151 4305 1369 4364 Sueten.

1445 1616 1552 1666 Tit.
1577 1631 1691 1681 cap.
1719 1621 1798 1667 10.
1831 1615 2079 1668 ‘Sabinos
2097 1615 2232 1680 petit
2244 1615 2511 1680 aliquanto

1447 1695 1663 1758 tristior,
1700 1696 1838 1761 quod
1871 1694 2184 1745 sacrificanti
2220 1693 2386 1744 hostia
2423 1708 2514 1743 au-

1446 1769 1678 1835 fugerat,
1714 1772 1955 1837 quodque
1978 1776 2294 1835 tempestate
2326 1784 2514 1821 serena

1445 1846 1726 1898 tenuerat?
1788 1847 1926 1897 Vide
1944 1854 2000 1898 et
2023 1847 2173 1897 Alex.
2196 1847 2262 1897 ab
2280 1846 2432 1898 Alex·
2452 1861 2509 1896 v.

1450 1927 1529 1974 1⁸.
1551 1930 1610 1973 et
1629 1924 1861 1975 Turneb.
1881 1938 1965 1975 rx.
1983 1928 2032 1974 9.
2054 1932 2110 1975 et
2134 1928 2213 1973 13.

1517 2001 1752 2052 rma
1775 2002 1898 2064 Egit
1915 2016 2073 2066 equos,
2085 1999 2193 2064 ξω]
2210 1997 2511 2050 Secundum

1449 2077 1591 2143 vulgi
1616 2078 1928 2143 opinionem,
1941 2075 2137 2127 fulmen
2155 2083 2266 2126 erat
2289 2089 2350 2125 ac
2378 2073 2514 2124 toni·

1449 2162 1554 2218 tru,
1596 2155 1731 2207 Jove
1775 2169 1984 2208 currum
2022 2168 2138 2204 cum
2176 2154 2376 2216 impetu
2416 2164 2513 2214 per

1451 2233 1624 2283 ae'rem
1666 2240 1874 2299 agente.
1938 2233 2109 2296 Supra
2151 2229 2257 2281 Od.
2302 2241 2409 2279 ιιι.
2454 2227 2543 2278 iu·

1448 2308 1571 2359 flue.
1639 2308 1781 2359 Hinc
1797 2308 2001 2360 Graecis
2026 2308 2195 2358 dictus
2218 2303 2514 2368 amand-rm,

1447 2383 1695 2437 descensos·
1709 2403 1730 2446 ,-
1762 2393 1817 2436 et
1841 2385 2042 2436 Latinis
2060 2386 2077 2413 ‘
2100 2383 2293 2433 Elicius
2314 2382 2349 2444 ς’
2371 2380 2512 2447 quod

1449 2469 1725 2526 putaretur
1750 2476 1907 2512 curru
1943 2475 2035 2510 suo
2071 2460 2308 2510 invectus
2331 2459 2384 2508 in
2417 2473 2514 2530 nug·

1448 2539 1542 2588 bes
1581 2539 1920 2599 descendere,
1962 2536 2101 2588 unde
2147 2536 2290 2601 gravi
2336 2535 2512 2586 sonitu

1446 2613 1657 2679 fulgura
1695 2621 1752 2664 et
1788 2615 2020 2664 tonitrua
2045 2612 2292 2675 eliceret3
2326 2626 2389 2662 ac
2412 2610 2512 2661 ful-

1448 2708 1565 2743 men
1583 2693 1929 2759 jacularetur.

1511 2774 1546 2819 9
1581 2770 1687 2826 Quo
1704 2768 1844 2818 bruta
1865 2769 2020 2830 tellus,
2038 2763 2146 2830 dra]
2179 2764 2511 2816 Fulminante

1445 2846 1601 2904 Jove,
1650 2860 1849 2896 summa
1883 2851 1940 2895 et
1981 2844 2156 2895 infima
2185 2857 2513 2894 commoven-

1448 2931 1554 2974 tur.
1620 2922 1833 2975 servius
1869 2923 1922 2972 in
1955 2921 2156 2973 AEneid.
2193 2936 2242 2972 v,
2279 2923 2388 2972 102.
2417 2920 2433 2948 ‘
2454 2926 2513 2978 et
2591 2957 2600 2968 .

1450 2999 1758 3051 tremefacta
1787 3001 1897 3050 solo
1936 2998 2126 3056 tellus,’
2158 3002 2258 3050 ὅτε.
2287 2997 2365 3047 ita
2387 2996 2514 3060 scri-5

1447 3078 1558 3130 bit:
1593 3084 1609 3107 ‘
1629 3079 1901 3144 Loquente
1921 3076 2057 3129 Jove
2079 3083 2264 3140 stupor
2286 3075 2512 3124 elemen-

1448 3165 1619 3207 torum
1641 3155 1955 3206 ostenditur.
2009 3155 2145 3204 Nam
2167 3152 2305 3219 quod
2328 3151 2381 3201 in
2400 3165 2511 3201 mo-

1449 3240 1506 3286 tu
1539 3240 1639 3291 est,
1675 3233 1924 3299 quiescit3
1959 3237 2016 3281 et
2037 3236 2221 3281 contra
2241 3237 2383 3279 terra
2405 3242 2513 3277 mo·

1446 3319 1602 3362 vetur
1622 3325 1739 3376 quae
1763 3318 1848 3360 est
1862 3309 2134 3361 immobilis
2147 3308 2178 3370 ς’
2211 3307 2512 3372 ibidemque

1444 3391 1614 3442 locum
1638 3389 1773 3439 bunc
1786 3387 1990 3438 Horatii
2017 3383 2188 3437 affert.
2230 3383 2513 3435 Coel.Rho-

1443 3466 1551 3531 dig.
1574 3480 1661 3516 ιιι.
1693 3470 1777 3517 29.
1816 3465 1908 3522 ait,
1931 3463 2146 3514 fulmine
2168 3476 2288 3512 mox
2326 3467 2512 3524 peten-⁴

1445 3543 1540 3593 dos
1590 3543 1730 3607 prius
1786 3539 2041 3590 hebetari.
2109 3538 2296 3588 Potest
2350 3535 2512 3598 igitur

1445 3619 1586 3670 bruta
1604 3619 1744 3668 tellus
1765 3616 2037 3681 explicari,
2073 3614 2252 3676 hebes,
2278 3611 2513 3662 immobi-

1446 3697 1527 3759 lis,
1550 3697 1663 3745 sine
1684 3707 1859 3753 sensu,
1883 3698 2119 3754 stupens,
2143 3690 2298 3738 iners.

1513 3774 1577 3821 10
1610 3771 1759 3834 Styx,
1797 3773 1847 3817 et
1889 3767 2032 3815 invisi
2072 3765 2270 3814 horrida
2322 3764 2516 3814 Teum·

1449 3845 1620 3908 Sedes]
1670 3844 1781 3907 Ipsi
1821 3855 2026 3908 quoque
2065 3839 2251 3902 Inferi,
2296 3845 2513 3890 tonante

1447 3924 1606 3985 Jove,
1621 3920 2015 3982 obstupescunt.
2049 3916 2202 3982 Styx]
2223 3916 2405 3979 Palus,
2422 3922 2514 3967 aut

1445 3998 1640 4050 fiumen
1673 3993 1983 4046 Inferorum.
2054 3992 2308 4057 Toem]
2350 3994 2514 4044 Laco-

1445 4077 1547 4128 niae
1586 4076 2011 4141 promontorium,
2040 4072 2131 4122 ubi
2168 4086 2263 4137 per
2298 4084 2511 4135 specum

1448 4160 1504 4205 et
1524 4153 1717 4203 hiatum
1753 4150 2015 4213 ingentem
2037 4147 2320 4199 descensus
2340 4154 2423 4198 est
2444 4146 2513 4203 ad

1447 4227 1673 4294 Inferos,
1694 4226 1737 4278 si
1759 4224 1940 4280 Poetis
1963 4222 2111 4280 fides.
