3059 4909
1053 366 1469 430 caumatum
1525 379 1672 429 un.
1722 381 1770 429 1.
1814 364 1879 431 2.

627 525 840 593 Omne
869 545 1025 594 cum
1056 527 1346 593 Proteus
1374 547 1579 613 pecus
1612 527 1747 611 egit
1776 525 1955 592 altos

1059 621 1065 627 ’
1133 628 1371 696 Visere
1399 635 1661 700 montes
1681 637 1713 695 ε’
2008 623 2018 634 “’

617 731 920 797 Piscium
946 740 1017 799 et
1046 752 1310 799 summa
1340 754 1553 817 genus
1584 734 1790 799 haesit
1819 734 2023 814 ulmo,

614 836 799 901 Nota
827 857 983 921 quae
1014 835 1208 902 se'des
1236 837 1455 902 fuerat
1485 838 1856 903 columbis:

2474 840 2561 905 10

522 935 539 942 ’
617 938 707 1005 Et
734 938 1115 1024 superjecto
1145 927 1414 1036 pavidae
1449 946 1758 1007 natarunt
1833 947 1836 948 ’
1933 945 1934 948 ’

1130 1043 1432 1129 AEquore
1461 1043 1703 1111 damae.

344 1204 528 1261 mdo
551 1175 754 1255 Proteus
773 1211 926 1256 utum
941 1211 1207 1256 armatum
1224 1206 1366 1257 duxit
1383 1206 1437 1257 in
1457 1209 1665 1257 excelsos
1693 1213 1896 1270 montes,
1923 1213 2063 1273 utque
2078 1207 2284 1273 piscanu-
2298 1222 2450 1271 ἔοικε
2468 1209 2556 1257 ad·

344 1265 482 1319 lesit
500 1269 870 1334 ulmisastigio3
901 1272 983 1336 qui
1002 1271 1301 1331 locussuerat
1321 1272 1544 1323 columbis
1563 1274 1808 1337 cognitus.-
1840 1289 1928 1324 nec
1947 1290 2043 1325 non
2062 1276 2218 1326 dum
2240 1274 2399 1325 timidi
2415 1279 2560 1324 nuta-

1271 1404 1565 1425 muoom
1572 1406 1630 1426 00

341 1527 418 1567 lv.
440 1520 560 1568 210.
599 1517 757 1570 ovid.
784 1520 919 1570 Met.
949 1534 988 1572 1.
1009 1526 1092 1570 55.
1131 1521 1295 1579 ‚Vide
1322 1513 1511 1575 Heius.
1534 1521 1600 1573 ad
1622 1519 1778 1574 Ovid.
1812 1524 1948 1574 Met.
1974 1538 2013 1573 ι.
2033 1525 2217 1573 99.-7
2255 1521 2405 1570 Omne
2442 1521 2555 1569 dum

340 1595 471 1632 nnus
492 1584 817 1639 Bersmanni.

846 1600 992 1650 pecus
1010 1587 1113 1637 exit
1138 1587 1287 1639 Harl.
1303 1592 1410 1638 3.-
1422 1593 1484 1638 10
1507 1590 1710 1639 ‘Codex
1730 1590 1925 1638 Battel.
1952 1602 2048 1652 pro
2070 1603 2120 1638 v.
2139 1587 2175 1639 l.
2193 1586 2444 1651 palumbis,
2460 1584 2554 1642 cui

339 1648 657 1765 ἷεὸῐὲειιιιιίεἱξιιὲι·
678 1649 997 1767 ἰξῐᾳιζῖῐῖιέι
1000 1651 1196 1768 3011ῗῄ
1214 1654 1229 1682 ‘
1253 1653 1535 1769 pevitssfssn
1561 1662 1747 1771 {cctam
1767 1653 1938 1769 atrocit
1955 1660 2010 1770 est
2034 1653 2332 1768 pisgiumoet
2353 1651 2554 1766 ρέῐιὶιῗῖῐ

642 1731 806 1767 num.
1043 1753 1057 1768 .
1122 1743 1127 1746 ·
1226 1734 1303 1769 sic
1339 1734 1404 1769 ex
1445 1735 1459 1767 ι
1502 1734 1567 1769 en
1662 1735 1783 1769 unm
1825 1755 1837 1769 .
1881 1735 1912 1769 e
2015 1734 2111 1770 ana
2151 1754 2165 1769 .
2289 1731 2375 1767 mn
2410 1731 2433 1765 s

338 1777 491 1828 codd.
515 1780 699 1845 scripti
721 1788 778 1831 et
799 1781 919 1832 edd.
942 1781 1071 1833 vett.
1089 1777 1324 1834 manabis.
1387 1785 1407 1812 ‘
1425 1785 1693 1835 columbis
1709 1785 1724 1807 ’
1759 1735 1925 1835 logcum
1966 1785 2021 1834 in
2059 1783 2352 1845 arboribus,
2388 1788 2443 1831 et
2464 1781 2552 1831 hie

339 1843 489 1905 adeo,
510 1853 705 1909 negant
726 1847 911 1897 Critici
947 1856 1081 1912 post⁴
1108 1849 1425 1911 Bentleinm,
1459 1858 1514 1900 et
1546 1851 1778 1914 palumbis
1818 1851 2165 1900 substituunt.
2231 1848 2306 1898 At
2347 1846 2551 1909 generis

334 1921 524 1959 nomen
564 1917 646 1960 est
678 1918 695 1941 ‘
714 1911 982 1975 columba:
1016 1928 1116 1978 quo
1140 1920 1197 1964 et
1230 1920 1246 1943 ‘
1266 1914 1567 1979 palumbes’
1598 1924 1655 1964 et
1688 1918 1704 1944 ‘
1731 1914 1991 1965 turtures'
2024 1912 2398 1977 comprehendi
2438 1925 2554 1976 pos·

337 1980 478 2035 sunt,
498 1975 685 2040 quibus
707 1977 761 2027 in
779 1977 1046 2028 arboribus
1066 1977 1216 2028 sedes
1239 1993 1350 2029 esse
1371 1994 1524 2030 nemo
1548 1979 1741 2041 negat?
1766 1980 2041 2030 Ceam-11
2082 1979 2228 2043 Harl.
2247 1982 2294 2026 1.
2325 1977 2390 2025 Et
2410 1990 2550 2038 super

322 2036 486 2099 jectu
535 2041 678 2106 Lips.
701 2046 749 2093 l.
784 2044 855 2093 Et
878 2058 1018 2107 super
1037 2043 1210 2105 jado,-
1273 2042 1383 2095 Ait.
1417 2048 1466 2096 2.
1508 2045 1574 2096 Et
1595 2044 1865 2108 superjectoe
1896 2044 2216 2107 pauida—12
2250 2043 2358 2092 Sex
2392 2039 2547 2090 codd.

1332 2182 1555 2234 NOTAE

336 2276 461 2327 theo
483 2275 751 2342 AEgyptiis‘
767 2294 781 2326 t
815 2265 974 2340 tertia
1006 2280 1226 2331 duorum
1258 2295 1401 2331 men-

333 2354 466 2403 sium
487 2352 583 2403 sub
607 2353 795 2420 Ogyge
815 2354 1026 2407 Attico:
1052 2365 1239 2422 quarta
1261 2373 1402 2409 men-

336 2430 465 2479 sium
486 2430 644 2481 trium
659 2432 711 2479 in
728 2432 995 2483 Thessalia
1013 2441 1248 2500 tempore
1257 2436 1403 2485 Deu-

334 2508 548 2560 calionis
583 2516 639 2559 et
660 2510 913 2575 Pyrrhae:
950 2511 1128 2575 quinta
1148 2512 1245 2562 sub
1270 2512 1399 2561 Pro-

333 2592 420 2636 teo
462 2587 733 2652 AEgyptio.
797 2589 909 2638 Has
941 2589 1126 2640 Poetae
1165 2603 1398 2639 nonnun-

333 2679 485 2728 quam
516 2664 751 2730 jungunt
783 2664 1223 2731 consumuntque,
1245 2667 1400 2716 immo

327 2742 406 2791 his
428 2742 670 2792 tribuunt
692 2756 753 2792 ea
771 2757 885 2807 quae
908 2757 973 2792 ex
994 2743 1169 2793 Sacris
1190 2742 1398 2793 Codici-

330 2818 424 2867 bns
447 2820 765 2882 acceperant
787 2819 853 2868 de
871 2817 1152 2868 universali
1170 2818 1399 2881 Diluvio,

330 2894 467 2959 quod
493 2894 747 2944 describit
781 2895 958 2945 Moses
991 2894 1184 2947 Genea.
1206 2909 1324 2960 cap.
1347 2901 1396 2946 6.

331 2978 387 3020 et
423 2986 534 3037 seq.
588 2971 676 3023 Sic
713 2979 768 3022 et
803 2972 892 3021 alii
933 2973 1132 3035 pariter
1165 2973 1398 3024 Ethnici.

329 3045 636 3113 Apollodor.
668 3049 763 3100 lib.
801 3063 842 3100 1.
879 3051 895 3079 ⁴
915 3049 1024 3099 Ubi
1045 3048 1297 3114 Jupiter,'
1319 3050 1396 3099 in-

327 3124 456 3189 quit,
488 3124 505 3153 ‘
521 3131 724 3176 “xeneam
746 3124 943 3190 prolem
974 3125 1252 3175 tollendam
1273 3141 1394 3176 cen-

330 3201 450 3264 suit,
485 3201 779 3252 Deucalion
826 3202 1127 3252 Promethei
1182 3203 1396 3252 consilio

325 3275 623 3328 fabrefacta
646 3293 676 3328 e
698 3279 848 3342 lignis
878 3292 1016 3335 arca,
1046 3278 1394 3344 repositisque

325 3352 377 3402 in
401 3359 466 3404 e'a
490 3355 657 3424 'rebus
692 3355 757 3406 ad
791 3357 952 3407 vitam
975 3356 1296 3420 necessariis,
1318 3357 1394 3405 in-

325 3422 533 3495 gressus
549 3432 603 3481 in
618 3447 732 3482 eam
750 3440 834 3498 est
850 3448 968 3483 cum
985 3434 1187 3499 Pyrrha
1205 3448 1390 3486 uxore:

322 3513 431 3558 tum
473 3509 691 3574 Jupiter
733 3509 911 3561 effusis
957 3512 1101 3575 large
1144 3512 1393 3561 imbribus
1434 3571 1444 3582 ·

319 3587 595 3636 maximam
620 3588 841 3638 Graeciae
863 3596 1067 3653 partem
1090 3588 1393 3652 cooperuit3

319 3660 646 3727 iri-quicquid
677 3665 970 3714 mortalium
1005 3664 1113 3713 illic
1134 3663 1290 3727 soret,
1313 3666 1393 3714 in-

320 3740 551 3804 terierit,
570 3749 791 3806 —praeter
840 3742 1115 3792 admodum
1160 3742 1393 3807 paucos.’

252 3851 256 3855 -
316 3815 634 3868 Plutarchus
671 3817 738 3868 de
778 3817 1045 3869 Animant.
1089 3819 1395 3883 Comparat.

317 3890 485 3943 refert
504 3893 797 3945 columbam
820 3909 953 3945 arca
985 3893 1224 3944 emissam
1248 3894 1389 3942 Deu-

318 3970 503 4021 calioni
557 3970 792 4021 nuntiam
837 3971 1169 4035 tempestatis
1210 3969 1389 4033 fuisse,

321 4054 750 4171 fgrgtremeareu
785 4049 1103 4112 serenitatis,
1123 4063 1242 4099 curn
1265 4062 1388 4099 evo-

386 4199 623 4265 Pyrrhoe]
654 4201 857 4264 Pyrrha
895 4215 1026 4252 uxor
1045 4201 1384 4252 Deucalionis

322 4273 595 4336 Thessaliae
649 4278 843 4343 Regis:
898 4278 986 4343 qui
1031 4279 1134 4328 duo
1180 4285 1383 4330 tantum

1483 2279 1633 2331 fuere
1668 2282 1979 2346 superstites
2014 2294 2082 2330 ex
2113 2279 2381 2341 eluvione3
2410 2277 2552 2328 navi-

1481 2360 1600 2409 cula
1624 2366 1950 2423 emergentes
1983 2359 2033 2407 in
2057 2357 2387 2412 Parnassum,
2412 2361 2552 2405 cete·

1480 2435 1551 2484 ris
1575 2437 1838 2486 montibus
1872 2449 2006 2500 aqua
2043 2434 2351 2483 summersis.
2417 2431 2551 2480 Sub-

1479 2512 1604 2562 inde
1650 2527 1776 2562 vero
1828 2512 2201 2562 consuluerunt
2243 2507 2550 2564 Graculum,

1481 2575 1592 2653 quo'
1607 2595 1765 2653 pacto
1783 2602 1944 2652 genus
1966 2587 2242 2635 humanum
2264 2589 2444 2649 posset
2467 2596 2549 2633 re-

1483 2665 1685 2728 parari:
1743 2670 2066 2728 acceptoque
2109 2673 2354 2725 responso
2387 2655 2554 2722 jactis

1481 2750 1603 2806 post
1646 2749 1846 2804 tergum
1888 2739 2146 2804 lapidibus
2192 2737 2245 2788 id
2289 2736 2552 2802 praestite·

1482 2826 1623 2869 runt.
1702 2818 1838 2869 Vide
1896 2817 2056 2869 Ovid.
2099 2817 2234 2867 Met.
2276 2829 2317 2867 1.
2362 2814 2550 2880 virgil.

1482 2895 1665 2961 Eclog.
1692 2910 1770 2946 vt.
1796 2896 2037 2947 Juvenal.
2060 2895 2172 2945 Sat.
2193 2908 2233 2945 1.
2257 2896 2340 2943 81.
2364 2900 2421 2943 et
2437 2905 2546 2956 seq.

1479 2976 1579 3023 ἀς.
1617 2973 1930 3040 ‘Thessalica
1975 2972 2067 3021 illa
2110 2971 2333 3035 contigit
2375 2968 2547 3019 eluvio

1479 3051 1625 3099 annis
1660 3049 1772 3099 fere
1804 3049 2100 3116 quindecim
2135 3055 2259 3098 ante
2289 3045 2546 3096 Hebraeo-

1479 3140 1591 3175 rum
1616 3142 1681 3175 ex
1706 3126 1932 3191 AEgypto
1955 3139 2251 3191 egressum:
2284 3131 2343 3174 ut
2364 3123 2549 3176 volunt

1476 3202 1687 3266 quidam
1713 3218 1814 3253 non
1841 3202 2083 3253 absurde.
2373 3253 2396 3273 Α

1540 3285 1573 3330 7
1613 3282 1767 3332 Omne
1799 3297 1905 3332 cum
1928 3282 2153 3342 Proteus,
2175 3276 2284 3343 ξω]
2318 3277 2544 3327 Proteus

1477 3364 1652 3408 custos
1675 3359 1971 3408 Phocarum
1992 3356 2251 3422 Neptuni,
2283 3355 2335 3404 in
2368 3368 2433 3404 eo
2466 3352 2546 3402 di·

1477 3432 1635 3498 luvio,
1676 3436 1843 3498 inquit
1887 3434 2074 3497 Poeta,
2117 3447 2327 3497 gregem
2373 3431 2543 3491 suum,

1475 3524 1570 3560 seu
1600 3513 1789 3561 vitulos
1811 3513 2057 3572 marinos,
2080 3508 2299 3557 deduxit
2327 3507 2382 3555 in
2412 3507 2546 3555 altos

1475 3596 1702 3652 montes,
1722 3588 1808 3653 qui
1832 3589 1973 3653 prius
1997 3587 2080 3635 vel
2113 3586 2166 3634 in
2197 3585 2360 3648 aquis,
2381 3580 2464 3631 vel
2487 3581 2542 3644 in

1473 3665 1588 3729 ripa
1610 3666 1867 3715 duntaxat
1901 3663 2185 3727 degebant.
2238 3660 2374 3709 Sunt
2406 3656 2546 3734 enim

1473 3742 1689 3805 ἂμφίβιοι
1712 3743 1928 3792 Phocoe.
2539 3754 2549 3766 ‘

1538 3824 1571 3869 9
1611 3820 1825 3868 Piscium
1846 3823 1894 3866 et
1916 3830 2100 3865 summa
2114 3826 2266 3877 genus
2294 3811 2438 3862 haesit
2466 3810 2547 3860 αἱ*
2612 3865 2617 3870 ‚

1471 3896 1571 3959 mo]
1605 3893 1877 3945 Fluctibus
1918 3900 2074 3943 terrae
2110 3888 2417 3955 superfusis,
2436 3889 2544 3953 pis·

1469 3988 1556 4023 ces
1579 3974 1821 4023 arborum
1841 3987 2046 4023 summo
2064 3970 2342 4033 cacumini,
2357 3982 2541 4034 supre-

1466 4051 1671 4116 misque
1689 4049 1968 4102 fruticibus
1990 4048 2344 4100 adhaerebant.

1533 4132 1596 4178 10
1631 4129 1765 4177 Nota
1798 4144 1902 4192 quae
1932 4128 2069 4176 sedes
2088 4124 2261 4185 fuant
2290 4119 2540 4183 columbis]

1465 4203 1542 4256 At
1561 4205 1578 4234 ‘
1597 4206 1684 4256 vix
1704 4204 1803 4254 hoc
1837 4202 2155 4268 persuadeas
2191 4214 2369 4250 rerum·
2385 4205 2540 4249 natu-

1464 4296 1538 4333 rte
1566 4280 1854 4344 consuitis?
1887 4279 2057 4346 inquit
2089 4272 2540 4347 Scaligere-qaasi
