3059 4909
854 456 883 509 l
1168 474 1442 529 ''e

1219 378 1285 438 Q.
1334 375 1657 424 nona'ru
1691 374 1972 429 raaces

1837 455 1858 487 0

766 518 1022 597 victor,
1057 518 1332 584 Maeonii
1362 518 1676 585 carminis
1702 480 1868 594 iuti,

1434 700 1754 721 ‘'OM“
1763 701 1789 719 D

505 814 824 866 chabon-4
861 816 1064 880 Ed.pr.
1090 817 1618 868 Zar.Mediol.14s5.
1645 818 1789 865 1486.
1825 794 2688 862 venen.147⁷.14⁷s.14⁷9.1=·10-
2743 859 2747 862 ⁴

502 887 635 930 rent.
660 884 804 930 1482.
871 882 992 931 Vet.
1015 882 1195 932 Comb.
1217 896 1333 930 cum
1358 882 1593 930 omnibus
1616 873 1770 929 codd.
1812 875 2068 931 Lambini,¹
2092 875 2195 924 Cru
2232 874 2329 933 nii,
2351 881 2406 922 et
2431 874 2689 922 Torrentii

501 944 618 994 alite
631 961 651 1002 ,·
683 954 738 994 et
762 946 837 995 ita
859 947 1034 995 Bentl.
1059 961 1175 996 cum
1196 946 1392 995 assecla
1416 945 1578 995 Kidd.

1632 945 1718 996 Jo.
1740 941 2023 993 Passeratii
2046 940 2196 988 emen
2234 972 2248 986 .
2268 938 2397 999 aliti,
2423 937 2690 999 Lambino,

499 1011 781 1073 Stephano,
800 998 1094 1070 San‘adono,
1112 1011 1349 1061 Gesnero
1378 1012 1663 1073 probatam,
1687 1014 1995 1069 receperunt
2028 1003 2209 1055 Comb.
2233 1003 2444 1066 Bipont.
2466 1003 2687 1051 Wetzel.

498 1073 642 1135 sani,
668 1082 724 1123 et
763 1075 975 1124 Mitscb.
1042 1076 1177 1124 Vide
1202 1076 1377 1138 Heyn.
1401 1075 1466 1123 ad
1490 1076 1637 1136 virg.
1674 1073 1787 1122 Ecl.
1813 1085 1892 1121 11.
1915 1075 1995 1120 36.
2043 1069 2186 1118 alteri
2223 1067 2357 1131 conj.
2396 1066 2689 1116 Markland.

499 1138 672 1202 Epist.
695 1139 822 1189 Crit.
848 1153 899 1202 p.
922 1143 1032 1189 1⁰⁷.
1063 1141 1229 1189 amulo
1254 1139 1448 1201 placuit
1480 1137 1811 1197 Atterburio,
1848 1134 2176 1186 Adventurer
2211 1132 2314 1182 No.
2336 1136 2417 1181 58.
2440 1130 2576 1195 quod
2610 1147 2689 1180 re·

499 1209 756 1265 ceperunt
785 1204 965 1255 Jones.
988 1212 1044 1252 et
1077 1204 1310 1253 Francis.
1380 1204 1511 1253 Post
1552 1203 1716 1254 Victor
1753 1207 1998 1265 punctum
2031 1198 2178 1261 ponit
2216 1197 2271 1248 J.
2294 1197 2354 1246 F.
2378 1195 2605 1245 Schmid.
2631 1204 2690 1244 ut

500 1268 772 1331 sequentia
795 1283 955 1332 usque
979 1269 1045 1316 ad
1066 1282 1141 1318 vs.
1164 1273 1214 1318 9.
1243 1268 1569 1331 jungantur:
1608 1269 1715 1316 Nos
1749 1272 1911 1316 tenues
1940 1279 2085 1327 neque
2121 1276 2345 1311 conamur
2373 1261 2491 1309 alite
2528 1259 2606 1308 M.
2645 1275 2690 1307 c.

495 1331 671 1393 dicere,
690 1333 770 1394 ᾄσ.
805 1332 1057 1381 Similiter
1071 1333 1183 1396 jam
1212 1332 1451 1394 Landius,
1474 1334 1560 1396 qni
1583 1338 1830 1395 punctum
1856 1329 2002 1392 ponit
2024 1334 2143 1392 post
2162 1327 2295 1375 alite.
2327 1327 2344 1352 ‘
2360 1324 2464 1374 Sed
2487 1338 2690 1379 vereor,

498 1409 563 1444 ne
587 1397 665 1445 sic
688 1396 836 1446 nimis
860 1403 1162 1461 torqueatur
1186 1398 1347 1463 locus,
1375 1407 1430 1447 et
1455 1398 1688 1461 inprimis
1713 1395 1835 1446 illud
1860 1395 1961 1443 lioec
1986 1407 2056 1442 vs.
2077 1397 2127 1442 5.
2170 1392 2374 1453 ingrato
2396 1390 2692 1453 pleonasmo

1491 1574 1706 1629 NOTAE

497 1699 749 1766 Observa,
793 1704 977 1769 lector,
1021 1704 1449 1771 quemadmodum
1497 1719 1554 1753 se

493 1777 743 1829 Horatius
762 1782 943 1831 eximit
969 1798 998 1829 a
1021 1782 1209 1831 triviali
1230 1780 1552 1830 laudantium

495 1856 891 1922 consuetudine,
911 1859 1120 1921 quitum
1139 1872 1195 1908 se
1209 1858 1344 1906 belle
1364 1856 1552 1907 fecisse

494 1928 795 1981 existimant
827 1947 943 1982 cum
981 1948 1074 1998 per
1109 1933 1307 1997 singula
1344 1932 1552 1982 laudum

493 2007 668 2069 capita
703 2008 1004 2087 diligenter,
1047 2024 1111 2059 ne
1149 2010 1315 2059 dicam
1343 2010 1553 2072 insulse,
1588 2066 1598 2078 ,

489 2084 664 2134 ierint.

541 2158 730 2222 'Vm-io]
756 2160 812 2208 L.
832 2160 1019 2209 Varius
1036 2160 1203 2209 Poeta
1221 2174 1320 2209 non
1345 2173 1373 2207 e
1397 2160 1553 2222 vulgo

492 2235 713 2305 scripsit·
735 2233 959 2298 Augusti
996 2235 1398 2300 Panegyricum,
1430 2236 1553 2284 Tra·

491 2308 706 2372 goedias,
742 2317 798 2358 et
841 2310 945 2360 alia
981 2310 1230 2375 quaedam.
1292 2312 1551 2376 Thyesten

491 2386 605 2447 ejus
644 2385 857 2436 cuilibet
888 2386 1190 2438 Graecorum
1228 2402 1380 2452 posse
1412 2402 1552 2438 com-

480 2462 666 2535 parari
700 2460 921 2514 affirmat
954 2464 1173 2516 Quintil.
1211 2465 1303 2516 lib.
1341 2470 1407 2515 xi
1465 2464 1550 2514 Ad

491 2553 583 2588 nos
603 2548 953 2604 pervenerunt
980 2554 1149 2606 pauca
1165 2548 1367 2592 tantum
1390 2542 1551 2606 Frag-

487 2623 681 2667 menta.
747 2618 1044 2668 Macrobius
1080 2631 1160 2666 vr.
1196 2622 1243 2668 l.
1278 2618 1550 2682 Virgilium

488 2706 518 2742 e
541 2694 701 2743 Vario
734 2695 978 2744 nonnulla
1005 2693 1263 2744 imitatum
1285 2693 1548 2744 ostendit:

486 2770 681 2833 hosque
703 2770 837 2818 illius
861 2769 1025 2820 refert
1048 2785 1224 2820 versus
1252 2772 1318 2820 de
1340 2772 1513 2820 Morte
1534 2790 1547 2821 ε

490 2844 507 2870 ‘
527 2845 778 2895 Vendidit
799 2846 885 2896 hic
903 2847 1107 2897 Latium
1131 2847 1355 2911 populis,
1372 2861 1545 2910 agros·

489 2937 590 2986 que
628 2924 888 2976 Quiritum
936 2925 1181 2989 Eripuit:
1244 2924 1361 2976 fixit
1403 2927 1547 2990 leges

488 2999 678 3063 pretio,
702 3007 857 3064 atque
879 2999 1092 3051 refixit!
1155 3000 1322 3051 Itemz
1359 3000 1376 3028 ‘
1395 3000 1544 3051 Incu-

487 3074 578 3124 bet
617 3085 670 3126 et
696 3077 885 3141 Tyriis,
909 3085 1065 3140 atque
1100 3092 1167 3126 ex
1201 3077 1367 3128 solido
1397 3077 1547 3127 bibat

488 3154 671 3214 auro!⁴
700 3154 880 3204 Item:
929 3153 1130 3206 ‘Quem
1165 3169 1268 3204 non
1302 3156 1391 3206 ille
1424 3156 1547 3205 sinit

485 3228 643 3279 lentae
678 3229 978 3280 moderator
1012 3231 1228 3281 habenae
1262 3232 1380 3283 Qua
1417 3233 1547 3282 velit

484 3304 580 3367 ire,
618 3305 708 3355 sed
744 3314 965 3370 angusto
997 3306 1140 3370 prius
1165 3322 1254 3357 ore
1278 3307 1544 3373 coercens,

484 3378 744 3431 Insultare
766 3383 924 3433 docet
952 3384 1147 3448 campis
1168 3384 1418 3451 fingitque
1439 3380 1568 3437 mo:

485 3457 685 3507 raudo!
751 3459 924 3509 Item:
981 3459 1123 3511 ‘Ceu
1165 3463 1303 3512 canis
1346 3463 1547 3513 umbro-

485 3546 594 3582 sam
630 3534 850 3585 lustrans
877 3536 1112 3587 Cortinia
1134 3539 1339 3604 vallem,
1372 3539 1428 3588 Si
1462 3553 1547 3588 ve·

484 3610 611 3660 teris
643 3612 815 3674 potuit
843 3628 1013 3664 cervae
1037 3616 1412 3680 comprendere
1441 3618 1544 3665 lus-

483 3693 584 3743 tra,
624 3689 790 3738 Saevit
827 3690 879 3739 in
921 3692 1207 3756 absentem,
1251 3702 1308 3742 et
1346 3693 1541 3743 circum

482 3763 703 3828 vestigia
742 3767 986 3832 lustrans,
1032 3767 1248 3816 AEthera
1291 3781 1385 3830 per
1427 3768 1543 3817 niti-

483 3838 604 3888 dum
651 3849 832 3891 tenues
875 3850 1111 3893 sectatur
1149 3841 1352 3890 odores.
1419 3843 1541 3893 Nou

480 3929 658 3963 amnis
694 3915 833 3966 illam
874 3918 1050 3980 medii,
1089 3908 1189 3965 non
1230 3918 1411 3967 ardua⁴
1434 3927 1541 3969 tar-

481 3990 639 4053 dant;
673 3993 891 4042 Perdita
915 4007 1013 4042 nec
1041 4006 1170 4040 seroe
1196 3993 1427 4044 meminit
1450 3993 1539 4044 de-

439 4078 445 4081 ·
480 4066 667 4116 cedere
706 4066 882 4117 nocti.'
959 4066 1207 4116 Nonnulli
1249 4084 1314 4116 ex
1357 4069 1539 4118 Servio

481 4154 757 4205 perperam
778 4141 1013 4190 scribunt
1029 4142 1165 4191 hunc
1187 4157 1299 4193 esse
1320 4144 1538 4193 Varium

480 4218 628 4282 cujus
667 4216 899 4267 meminit
937 4216 1187 4282 Virgilius
1222 4219 1416 4284 ¹Eelogu
1455 4233 1542 4270 ix.

1638 1717 1811 1753 verum
1849 1701 2236 1752 hallucinantur.
2302 1697 2422 1747 Illic
2454 1695 2588 1746 enim
2618 1696 2693 1746 le-

1636 1796 1758 1846 gere
1792 1786 2025 1844 oportet:
2076 1778 2299 1841 ‘Neque
2344 1775 2508 1825 adhuc
2546 1775 2692 1824 Varo

1637 1851 2367 1916 videor....dicere....Digna;’
2428 1851 2564 1900 sicut
2608 1857 2690 1900 est

1631 1936 1787 1999 paulo
1805 1941 1955 1982 ante:
1982 1932 1997 1958 ‘
2012 1932 2170 1993 Vare,
2184 1938 2327 1979 tuum
2348 1924 2573 1990 nomen,’
2588 1928 2689 1976 &c.

1697 2011 1881 2073 Fortis,
1907 2018 1954 2058 et
1975 2007 2178 2057 hostium
2208 2003 2394 2066 Victor]
2427 2003 2560 2053 Veli.
2586 2004 2689 2052 Pa·

1635 2093 1761 2136 tere.
1784 2085 1872 2133 lib.
1893 2099 1954 2134 ιι.
1988 2081 2004 2109 ‘
2023 2083 2099 2133 M.
2122 2081 2359 2145 Agrippa
2384 2080 2573 2129 virtute
2597 2094 2692 2129 no-

1634 2158 1947 2225 bilissimus,’
1968 2162 2065 2208 &c.
2092 2159 2296 2208 cornel.
2314 2156 2479 2207 Tacit.
2503 2155 2692 2205 Annal.

1634 2250 1670 2288 1.
1689 2236 1802 2286 init.
1838 2234 1855 2262 ‘
1869 2236 1923 2284 Μ
1932 2234 2243 2298 :Agrippam
2261 2232 2537 2296 ignobilem
2554 2233 2688 2296 loco,

1632 2313 1822 2363 bonum
1844 2311 2045 2375 militia,
2061 2317 2118 2359 et
2133 2309 2363 2360 victoriae
2381 2308 2576 2358 socium
2601 2322 2688 2370 ge-

1632 2391 1840 2441 minatis
1883 2387 2247 2440 consulatibus
2291 2387 2514 2447 extulit3
2567 2401 2688 2437 mox

1633 2468 1883 2519 defuncto
1912 2466 2163 2517 Marcello
2186 2478 2427 2527 generum
2464 2462 2690 2528 sumsit,'

1631 2547 1896 2612 Augustus
1929 2558 2135 2607 nempe.
2201 2542 2383 2592 Senec.
2411 2541 2579 2605 Epist.
2604 2543 2687 2590 94.

1633 2625 1742 2674 ‘M.
1762 2623 2021 2689 Agrippa,
2041 2621 2120 2670 vir
2153 2618 2378 2683 ingentis
2403 2618 2577 2683 animi,
2601 2617 2689 2682 qui

1632 2703 1769 2751 solus
1807 2715 1874 2751 ex
1900 2700 1997 2762 liis,
2019 2711 2146 2762 qnos
2168 2695 2341 2746 civilia
2359 2694 2499 2745 bella
2519 2694 2684 2743 claros

1632 2781 1977 2840 potentesque
1996 2772 2252 2834 fecerunt,
2281 2768 2409 2820 felix
2442 2770 2494 2818 in
2520 2768 2688 2832 publi-

1625 2867 1741 2903 cum
1765 2851 1883 2908 fuit,
1904 2851 2078 2901 dicere
2102 2849 2281 2900 solitus
2304 2854 2437 2911 erat,
2466 2847 2686 2899 multum

1628 2943 1684 2978 se
1708 2928 1826 2977 huie
1850 2927 2040 2979 debere
2076 2924 2386 2976 sententiae:
2424 2921 2440 2949 ‘
2460 2923 2687 2973 Concor-

1626 3004 1715 3054 dia
1770 3018 1943 3068 parvae
1991 3017 2074 3052 res
2127 3006 2389 3065 crescunt,
2431 2997 2687 3049 discordia

1625 3080 1862 3130 maximae
1883 3075 2243 3129 dilabuntur.'’

1690 3164 1723 3209 2
1758 3156 1956 3207 Moeonii
1973 3155 2198 3206 carminis
2210 3153 2345 3218 aliti]
2378 3153 2522 3210 Ami,
2540 3153 2687 3221 quasi

1627 3235 1825 3285 volucri
1864 3232 2158 3297 grandiore,
2196 3244 2292 3281 ceu
2344 3245 2528 3294 cycno,
2565 3244 2684 3279 can·

1626 3318 1736 3360 tum
1793 3308 2060 3359 sublimem
2114 3307 2309 3371 pariter
2352 3314 2406 3355 et
2449 3320 2686 3357 sonorum

1629 3387 1860 3436 tollente.
1923 3383 2008 3432 Sic
2028 3383 2292 3433 Theocrit.
2314 3381 2509 3431 Poetas
2534 3387 2686 3432 vocat

1625 3461 1801 3526 ὄρνιθας
1836 3457 2041 3522 μουσῶν,
2079 3473 2189 3507 aves
2230 3457 2496 3517 Musarum.
2563 3457 2685 3507 Non

1626 3553 1799 3589 moror
1811 3538 2027 3586 aliorum
2044 3533 2683 3598 interpretationem,aliti,

1627 3629 1722 3678 pro
1768 3627 1956 3676 penna,
1998 3608 2216 3674 calamo,
2261 3610 2417 3672 stylo.
2486 3609 2688 3658 Moeonii

1622 3687 1873 3750 carminis]
1906 3687 2125 3737 Maeonis
2161 3686 2312 3749 filius,
2353 3692 2445 3734 aut
2477 3683 2613 3734 forte
2652 3699 2683 3733 e

1625 3766 1851 3816 Maeonia
1880 3764 2090 3828 regione
2114 3761 2250 3812 Asiae
2280 3761 2522 3825 Minoris,
2555 3761 2684 3810 urbe

1620 3845 1860 3907 Smyrna,
1886 3840 2132 3890 oriundus
2155 3844 2271 3888 erat
2295 3839 2572 3903 Homerus,
2596 3837 2682 3903 qui

1620 3919 1813 3968 heroici
1851 3915 2096 3969 carminis
2137 3915 2393 3978 Princeps
2437 3922 2492 3964 et
2532 3914 2684 3978 quasi

1621 3994 1782 4043 Deus.
1853 3992 1990 4041 Hinc
2022 3990 2305 4039 Maeonium
2343 4004 2552 4040 carmen
2587 4003 2680 4053 pro

1619 4071 1820 4134 Epica’,
1845 4068 2107 4131 Heroicae,
2132 4067 2331 4116 eximiae
2354 4067 2584 4117 Poeseos
2606 4066 2683 4115 fa-

1619 4148 1817 4194 cultate
1840 4152 1895 4194 et
1930 4144 2136 4207 spiritu,
2176 4142 2363 4206 quibus
2401 4141 2679 4205 praeditum

1617 4221 1832 4271 Varium
1855 4217 2107 4270 Horatius
2124 4216 2343 4269 indicat.
