<?xml version="1.0" encoding="UTF-8"?>
<!DOCTYPE html PUBLIC "-//W3C//DTD XHTML 1.0 Transitional//EN"
    "http://www.w3.org/TR/xhtml1/DTD/xhtml1-transitional.dtd">
<html xmlns="http://www.w3.org/1999/xhtml" xml:lang="en" lang="en">
 <head>
  <title>
</title>
<meta http-equiv="Content-Type" content="text/html;charset=utf-8" />
  <meta name='ocr-system' content='tesseract 3.04.00' />
  <meta name='ocr-capabilities' content='ocr_page ocr_carea ocr_par ocr_line ocrx_word'/>
</head>
<body>
  <div class='ocr_page' id='page_1' title='image "./quintihoratiifl00unkngoog_0423.png"; bbox 0 0 3059 4909; ppageno 0'>
   <div class='ocr_carea' id='block_1_1' title="bbox 960 381 1846 454">
    <p class='ocr_par' dir='ltr' id='par_1_1' title="bbox 960 381 1846 454">
     <span class='ocr_line' id='line_1_1' title="bbox 960 381 1846 454; baseline -0.005 -2"><span class='ocrx_word' id='word_1_1' title='bbox 960 402 1378 454; x_wconf 58' lang='lat' dir='ltr'><strong>calaminum</strong></span> <span class='ocrx_word' id='word_1_2' title='bbox 1431 401 1577 450; x_wconf 76' lang='lat' dir='ltr'><strong>mn.</strong></span> <span class='ocrx_word' id='word_1_3' title='bbox 1625 401 1737 449; x_wconf 89' lang='lat'>111.</span> <span class='ocrx_word' id='word_1_4' title='bbox 1781 381 1846 449; x_wconf 85' lang='lat'><strong>5.</strong></span> 
     </span>
    </p>
   </div>
   <div class='ocr_carea' id='block_1_2' title="bbox 2372 378 2503 445">
    <p class='ocr_par' dir='ltr' id='par_1_2' title="bbox 2372 378 2503 445">
     <span class='ocr_line' id='line_1_2' title="bbox 2372 378 2503 445; baseline 0 0"><span class='ocrx_word' id='word_1_5' title='bbox 2372 378 2503 445; x_wconf 75' lang='lat'><strong>413</strong></span> 
     </span>
    </p>
   </div>
   <div class='ocr_carea' id='block_1_3' title="bbox 731 542 1946 731">
    <p class='ocr_par' dir='ltr' id='par_1_3' title="bbox 731 542 1946 731">
     <span class='ocr_line' id='line_1_3' title="bbox 731 542 1734 623; baseline -0.002 -14"><span class='ocrx_word' id='word_1_6' title='bbox 731 542 842 610; x_wconf 89' lang='lat' dir='ltr'><strong>Ab</strong></span> <span class='ocrx_word' id='word_1_7' title='bbox 872 565 944 612; x_wconf 91' lang='lat' dir='ltr'><strong>se</strong></span> <span class='ocrx_word' id='word_1_8' title='bbox 971 548 1355 623; x_wconf 78' lang='lat' dir='ltr'><strong>removisse,</strong></span> <span class='ocrx_word' id='word_1_9' title='bbox 1384 550 1453 610; x_wconf 87' lang='lat' dir='ltr'><strong>et</strong></span> <span class='ocrx_word' id='word_1_10' title='bbox 1483 545 1734 609; x_wconf 88' lang='lat' dir='ltr'><strong>virilem</strong></span> 
     </span>
     <span class='ocr_line' id='line_1_4' title="bbox 821 646 1946 731; baseline -0.003 -19"><span class='ocrx_word' id='word_1_11' title='bbox 821 648 1078 713; x_wconf 84' lang='lat' dir='ltr'>Torvus</span> <span class='ocrx_word' id='word_1_12' title='bbox 1108 648 1289 712; x_wconf 86' lang='lat' dir='ltr'><strong>humi</strong></span> <span class='ocrx_word' id='word_1_13' title='bbox 1319 649 1637 731; x_wconf 84' lang='lat' dir='ltr'>posuisse</span> <span class='ocrx_word' id='word_1_14' title='bbox 1666 646 1946 724; x_wconf 89' lang='lat' dir='ltr'><strong>vultum,</strong></span> 
     </span>
    </p>
   </div>
   <div class='ocr_carea' id='block_1_4' title="bbox 651 747 1814 830">
    <p class='ocr_par' dir='ltr' id='par_1_4' title="bbox 651 747 1814 830">
     <span class='ocr_line' id='line_1_5' title="bbox 651 747 1814 830; baseline -0.001 -17"><span class='ocrx_word' id='word_1_15' title='bbox 651 747 891 815; x_wconf 86' lang='lat' dir='ltr'><strong>Donec</strong></span> <span class='ocrx_word' id='word_1_16' title='bbox 909 751 1225 830; x_wconf 36' lang='lat' dir='ltr'><strong>,labantes</strong></span> <span class='ocrx_word' id='word_1_17' title='bbox 1260 751 1541 816; x_wconf 87' lang='lat' dir='ltr'><strong>consilio</strong></span> <span class='ocrx_word' id='word_1_18' title='bbox 1573 749 1814 813; x_wconf 86' lang='lat' dir='ltr'><strong>Patres</strong></span> 
     </span>
    </p>
   </div>
   <div class='ocr_carea' id='block_1_5' title="bbox 2418 744 2507 807">
    <p class='ocr_par' dir='ltr' id='par_1_5' title="bbox 2418 744 2507 807">
     <span class='ocr_line' id='line_1_6' title="bbox 2418 744 2507 807; baseline 0 0"><span class='ocrx_word' id='word_1_19' title='bbox 2418 744 2507 807; x_wconf 87' lang='grc'><strong>45</strong></span> 
     </span>
    </p>
   </div>
   <div class='ocr_carea' id='block_1_6' title="bbox 648 827 2021 1141">
    <p class='ocr_par' dir='ltr' id='par_1_6' title="bbox 648 827 2021 1141">
     <span class='ocr_line' id='line_1_7' title="bbox 648 827 2021 935; baseline -0.002 -19"><span class='ocrx_word' id='word_1_20' title='bbox 648 852 972 928; x_wconf 81' lang='lat' dir='ltr'><strong>Firmaret</strong></span> <span class='ocrx_word' id='word_1_21' title='bbox 1001 859 1231 918; x_wconf 81' lang='lat' dir='ltr'><strong>auctor</strong></span> <span class='ocrx_word' id='word_1_22' title='bbox 1259 873 1595 935; x_wconf 83' lang='lat' dir='ltr'><strong>nunquam</strong></span> <span class='ocrx_word' id='word_1_23' title='bbox 1628 852 1800 916; x_wconf 85' lang='lat' dir='ltr'><strong>alias</strong></span> <span class='ocrx_word' id='word_1_24' title='bbox 1829 827 2021 926; x_wconf 75' lang='lat' dir='ltr'><strong>dato,¹</strong></span> 
     </span>
     <span class='ocr_line' id='line_1_8' title="bbox 736 953 1721 1038; baseline -0.001 -21"><span class='ocrx_word' id='word_1_25' title='bbox 736 953 1049 1038; x_wconf 82' lang='lat' dir='ltr'><strong>Interque</strong></span> <span class='ocrx_word' id='word_1_26' title='bbox 1076 961 1428 1020; x_wconf 87' lang='lat' dir='ltr'><strong>moerentes</strong></span> <span class='ocrx_word' id='word_1_27' title='bbox 1461 954 1721 1018; x_wconf 85' lang='lat' dir='ltr'><strong>amicos</strong></span> 
     </span>
     <span class='ocr_line' id='line_1_9' title="bbox 824 1055 1774 1141; baseline -0.004 -21"><span class='ocrx_word' id='word_1_28' title='bbox 824 1055 1145 1140; x_wconf 85' lang='lat' dir='ltr'>Egregius</span> <span class='ocrx_word' id='word_1_29' title='bbox 1175 1062 1567 1141; x_wconf 83' lang='lat' dir='ltr'><strong>properaret</strong></span> <span class='ocrx_word' id='word_1_30' title='bbox 1591 1056 1774 1119; x_wconf 84' lang='lat' dir='ltr'><strong>exul.</strong></span> 
     </span>
    </p>
   </div>
   <div class='ocr_carea' id='block_1_7' title="bbox 303 1255 867 1316">
    <p class='ocr_par' dir='ltr' id='par_1_7' title="bbox 303 1255 867 1316">
     <span class='ocr_line' id='line_1_10' title="bbox 303 1255 867 1316; baseline 0.004 -13"><span class='ocrx_word' id='word_1_31' title='bbox 303 1269 408 1303; x_wconf 83' lang='lat' dir='ltr'><strong>sam</strong></span> <span class='ocrx_word' id='word_1_32' title='bbox 432 1256 581 1316; x_wconf 80' lang='lat' dir='ltr'><strong>ferox</strong></span> <span class='ocrx_word' id='word_1_33' title='bbox 601 1255 653 1305; x_wconf 78' lang='lat' dir='ltr'><strong>ia</strong></span> <span class='ocrx_word' id='word_1_34' title='bbox 685 1260 814 1305; x_wconf 79' lang='lat' dir='ltr'><strong>terra</strong></span> <span class='ocrx_word' id='word_1_35' title='bbox 835 1257 867 1305; x_wconf 84' lang='lat' dir='ltr'><strong>d</strong></span> 
     </span>
    </p>
   </div>
   <div class='ocr_carea' id='block_1_8' title="bbox 869 1248 2512 1322">
    <p class='ocr_par' dir='ltr' id='par_1_8' title="bbox 869 1248 2512 1322">
     <span class='ocr_line' id='line_1_11' title="bbox 869 1248 2512 1322; baseline -0.006 -17"><span class='ocrx_word' id='word_1_36' title='bbox 869 1254 1078 1322; x_wconf 74' lang='lat' dir='ltr'><strong>efixisoe,</strong></span> <span class='ocrx_word' id='word_1_37' title='bbox 1099 1268 1245 1320; x_wconf 75' lang='lat' dir='ltr'><strong>usque</strong></span> <span class='ocrx_word' id='word_1_38' title='bbox 1268 1256 1381 1304; x_wconf 78' lang='lat' dir='ltr'><strong>dam</strong></span> <span class='ocrx_word' id='word_1_39' title='bbox 1415 1249 1693 1303; x_wconf 72' lang='lat' dir='ltr'><strong>vacillantes</strong></span> <span class='ocrx_word' id='word_1_40' title='bbox 1729 1252 1981 1303; x_wconf 72' lang='lat' dir='ltr'><strong>Senatores</strong></span> <span class='ocrx_word' id='word_1_41' title='bbox 2012 1265 2177 1300; x_wconf 76' lang='lat' dir='ltr'><strong>suasor</strong></span> <span class='ocrx_word' id='word_1_42' title='bbox 2213 1248 2512 1311; x_wconf 79' lang='lat' dir='ltr'><strong>confirmaret</strong></span> 
     </span>
    </p>
   </div>
   <div class='ocr_carea' id='block_1_9' title="bbox 300 1313 2512 1385">
    <p class='ocr_par' dir='ltr' id='par_1_9' title="bbox 300 1313 2512 1385">
     <span class='ocr_line' id='line_1_12' title="bbox 300 1313 2512 1385; baseline -0.001 -18"><span class='ocrx_word' id='word_1_43' title='bbox 300 1319 562 1370; x_wconf 71' lang='lat' dir='ltr'><strong>monitione</strong></span> <span class='ocrx_word' id='word_1_44' title='bbox 600 1322 728 1371; x_wconf 72' lang='lat' dir='ltr'><strong>haud</strong></span> <span class='ocrx_word' id='word_1_45' title='bbox 769 1336 969 1385; x_wconf 75' lang='lat' dir='ltr'><strong>anquam</strong></span> <span class='ocrx_word' id='word_1_46' title='bbox 1007 1322 1122 1370; x_wconf 81' lang='lat' dir='ltr'><strong>data</strong></span> <span class='ocrx_word' id='word_1_47' title='bbox 1134 1336 1153 1380; x_wconf 82' lang='lat'><strong>‚⁰</strong></span> <span class='ocrx_word' id='word_1_48' title='bbox 1207 1325 1256 1370; x_wconf 78' lang='lat' dir='ltr'><strong>et</strong></span> <span class='ocrx_word' id='word_1_49' title='bbox 1295 1334 1381 1383; x_wconf 77' lang='lat' dir='ltr'><strong>per</strong></span> <span class='ocrx_word' id='word_1_50' title='bbox 1404 1319 1594 1369; x_wconf 70' lang='lat' dir='ltr'><strong>medios</strong></span> <span class='ocrx_word' id='word_1_51' title='bbox 1623 1318 1896 1378; x_wconf 77' lang='lat' dir='ltr'><strong>familiares</strong></span> <span class='ocrx_word' id='word_1_52' title='bbox 1926 1318 2133 1366; x_wconf 75' lang='lat' dir='ltr'><strong>dolentes</strong></span> <span class='ocrx_word' id='word_1_53' title='bbox 2170 1314 2370 1365; x_wconf 77' lang='lat' dir='ltr'><strong>illustris</strong></span> <span class='ocrx_word' id='word_1_54' title='bbox 2399 1313 2512 1365; x_wconf 70' lang='lat' dir='ltr'><strong>exul</strong></span> 
     </span>
    </p>
   </div>
   <div class='ocr_carea' id='block_1_10' title="bbox 1300 1484 1514 1537">
    <p class='ocr_par' dir='ltr' id='par_1_10' title="bbox 1300 1484 1514 1537">
     <span class='ocr_line' id='line_1_13' title="bbox 1300 1484 1514 1537; baseline -0.014 0"><span class='ocrx_word' id='word_1_55' title='bbox 1300 1484 1514 1537; x_wconf 80' lang='lat' dir='ltr'><strong>NOTAE</strong></span> 
     </span>
    </p>
   </div>
   <div class='ocr_carea' id='block_1_11' title="bbox 300 1599 1399 4357">
    <p class='ocr_par' dir='ltr' id='par_1_11' title="bbox 300 1599 1389 2819">
     <span class='ocr_line' id='line_1_14' title="bbox 300 1599 1369 1652; baseline 0.004 -5"><span class='ocrx_word' id='word_1_56' title='bbox 300 1603 425 1647; x_wconf 67' lang='lat' dir='ltr'><strong>mim</strong></span> <span class='ocrx_word' id='word_1_57' title='bbox 483 1612 584 1646; x_wconf 82' lang='lat' dir='ltr'><strong>non</strong></span> <span class='ocrx_word' id='word_1_58' title='bbox 640 1599 899 1649; x_wconf 80' lang='lat' dir='ltr'><strong>convenit.</strong></span> <span class='ocrx_word' id='word_1_59' title='bbox 964 1600 1115 1650; x_wconf 82' lang='lat' dir='ltr'>Paul.</span> <span class='ocrx_word' id='word_1_60' title='bbox 1176 1600 1369 1652; x_wconf 80' lang='lat' dir='ltr'><strong>Jurisc.</strong></span> 
     </span>
     <span class='ocr_line' id='line_1_15' title="bbox 302 1674 1373 1739; baseline 0.001 -16"><span class='ocrx_word' id='word_1_61' title='bbox 302 1677 320 1703; x_wconf 87' lang='lat'>‘</span> <span class='ocrx_word' id='word_1_62' title='bbox 341 1674 470 1723; x_wconf 80' lang='lat' dir='ltr'><strong>Tria</strong></span> <span class='ocrx_word' id='word_1_63' title='bbox 490 1674 643 1737; x_wconf 87' lang='lat' dir='ltr'><strong>sunt,&#39;</strong></span> <span class='ocrx_word' id='word_1_64' title='bbox 682 1676 869 1739; x_wconf 87' lang='lat' dir='ltr'><strong>inquit,</strong></span> <span class='ocrx_word' id='word_1_65' title='bbox 916 1681 1061 1739; x_wconf 79' lang='lat' dir='ltr'><strong>‘quae</strong></span> <span class='ocrx_word' id='word_1_66' title='bbox 1092 1676 1373 1738; x_wconf 79' lang='lat' dir='ltr'><strong>habemus3</strong></span> 
     </span>
     <span class='ocr_line' id='line_1_16' title="bbox 300 1750 1372 1815; baseline 0 -15"><span class='ocrx_word' id='word_1_67' title='bbox 300 1750 624 1811; x_wconf 86' lang='lat' dir='ltr'><strong>libertatem,</strong></span> <span class='ocrx_word' id='word_1_68' title='bbox 646 1750 936 1815; x_wconf 85' lang='lat' dir='ltr'><strong>civitatem,</strong></span> <span class='ocrx_word' id='word_1_69' title='bbox 957 1750 1219 1800; x_wconf 78' lang='lat' dir='ltr'><strong>familiam.</strong></span> <span class='ocrx_word' id='word_1_70' title='bbox 1241 1752 1372 1800; x_wconf 88' lang='lat' dir='ltr'><strong>Cum</strong></span> 
     </span>
     <span class='ocr_line' id='line_1_17' title="bbox 302 1826 1374 1890; baseline -0.002 -13"><span class='ocrx_word' id='word_1_71' title='bbox 302 1827 408 1877; x_wconf 82' lang='lat' dir='ltr'><strong>tria</strong></span> <span class='ocrx_word' id='word_1_72' title='bbox 430 1828 544 1877; x_wconf 81' lang='lat' dir='ltr'><strong>baec</strong></span> <span class='ocrx_word' id='word_1_73' title='bbox 567 1826 870 1889; x_wconf 81' lang='lat' dir='ltr'><strong>amittimus,</strong></span> <span class='ocrx_word' id='word_1_74' title='bbox 888 1827 1109 1876; x_wconf 84' lang='lat' dir='ltr'><strong>maxima</strong></span> <span class='ocrx_word' id='word_1_75' title='bbox 1126 1832 1209 1876; x_wconf 87' lang='lat' dir='ltr'><strong>est</strong></span> <span class='ocrx_word' id='word_1_76' title='bbox 1230 1826 1374 1890; x_wconf 86' lang='lat' dir='ltr'><strong>capi-</strong></span> 
     </span>
     <span class='ocr_line' id='line_1_18' title="bbox 304 1903 1372 1956; baseline -0.004 -1"><span class='ocrx_word' id='word_1_77' title='bbox 304 1906 377 1956; x_wconf 91' lang='lat' dir='ltr'><strong>tis</strong></span> <span class='ocrx_word' id='word_1_78' title='bbox 400 1904 692 1956; x_wconf 78' lang='lat' dir='ltr'>diminutio.</span> <span class='ocrx_word' id='word_1_79' title='bbox 763 1906 891 1954; x_wconf 90' lang='lat' dir='ltr'><strong>Cum</strong></span> <span class='ocrx_word' id='word_1_80' title='bbox 935 1903 1215 1953; x_wconf 89' lang='lat' dir='ltr'><strong>amittimus</strong></span> <span class='ocrx_word' id='word_1_81' title='bbox 1248 1903 1372 1952; x_wconf 81' lang='lat' dir='ltr'><strong>civi-</strong></span> 
     </span>
     <span class='ocr_line' id='line_1_19' title="bbox 304 1981 1376 2042; baseline -0.004 -9"><span class='ocrx_word' id='word_1_82' title='bbox 304 1990 494 2037; x_wconf 87' lang='lat' dir='ltr'><strong>tatem,</strong></span> <span class='ocrx_word' id='word_1_83' title='bbox 519 1988 574 2031; x_wconf 86' lang='lat' dir='ltr'><strong>et</strong></span> <span class='ocrx_word' id='word_1_84' title='bbox 613 1982 908 2032; x_wconf 86' lang='lat' dir='ltr'><strong>libertatem</strong></span> <span class='ocrx_word' id='word_1_85' title='bbox 946 1981 1247 2042; x_wconf 83' lang='lat' dir='ltr'><strong>retinemus,</strong></span> <span class='ocrx_word' id='word_1_86' title='bbox 1269 1995 1376 2029; x_wconf 87' lang='lat' dir='ltr'><strong>me-</strong></span> 
     </span>
     <span class='ocr_line' id='line_1_20' title="bbox 307 2058 1377 2123; baseline -0.003 -14"><span class='ocrx_word' id='word_1_87' title='bbox 307 2059 399 2110; x_wconf 85' lang='lat' dir='ltr'><strong>dia</strong></span> <span class='ocrx_word' id='word_1_88' title='bbox 421 2068 504 2109; x_wconf 89' lang='lat' dir='ltr'><strong>est</strong></span> <span class='ocrx_word' id='word_1_89' title='bbox 527 2059 815 2112; x_wconf 85' lang='lat' dir='ltr'>diminutio.</span> <span class='ocrx_word' id='word_1_90' title='bbox 880 2059 1121 2123; x_wconf 86' lang='lat' dir='ltr'><strong>Denique</strong></span> <span class='ocrx_word' id='word_1_91' title='bbox 1160 2073 1275 2109; x_wconf 87' lang='lat' dir='ltr'><strong>cum</strong></span> <span class='ocrx_word' id='word_1_92' title='bbox 1311 2058 1377 2107; x_wconf 89' lang='lat' dir='ltr'><strong>li-</strong></span> 
     </span>
     <span class='ocr_line' id='line_1_21' title="bbox 303 2132 1377 2196; baseline -0.005 -10"><span class='ocrx_word' id='word_1_93' title='bbox 303 2137 570 2186; x_wconf 87' lang='lat' dir='ltr'><strong>bertatem</strong></span> <span class='ocrx_word' id='word_1_94' title='bbox 626 2142 681 2185; x_wconf 86' lang='lat' dir='ltr'><strong>et</strong></span> <span class='ocrx_word' id='word_1_95' title='bbox 756 2135 1024 2185; x_wconf 78' lang='lat' dir='ltr'><strong>civitatem</strong></span> <span class='ocrx_word' id='word_1_96' title='bbox 1078 2132 1377 2196; x_wconf 79' lang='lat' dir='ltr'><strong>retinemus,</strong></span> 
     </span>
     <span class='ocr_line' id='line_1_22' title="bbox 306 2211 1377 2278; baseline -0.004 -15"><span class='ocrx_word' id='word_1_97' title='bbox 306 2212 514 2263; x_wconf 81' lang='lat' dir='ltr'><strong>familia</strong></span> <span class='ocrx_word' id='word_1_98' title='bbox 537 2227 659 2263; x_wconf 84' lang='lat' dir='ltr'><strong>vero</strong></span> <span class='ocrx_word' id='word_1_99' title='bbox 683 2213 791 2263; x_wconf 85' lang='lat' dir='ltr'><strong>sola</strong></span> <span class='ocrx_word' id='word_1_100' title='bbox 812 2220 1063 2274; x_wconf 88' lang='lat' dir='ltr'><strong>mutatur,</strong></span> <span class='ocrx_word' id='word_1_101' title='bbox 1101 2211 1259 2278; x_wconf 88' lang='lat' dir='ltr'><strong>(puta</strong></span> <span class='ocrx_word' id='word_1_102' title='bbox 1281 2225 1377 2276; x_wconf 90' lang='lat' dir='ltr'><strong>per</strong></span> 
     </span>
     <span class='ocr_line' id='line_1_23' title="bbox 306 2269 1389 2357; baseline -0.001 -19"><span class='ocrx_word' id='word_1_103' title='bbox 306 2287 689 2357; x_wconf 77' lang='lat' dir='ltr'><strong>adoptionem‚)</strong></span> <span class='ocrx_word' id='word_1_104' title='bbox 700 2298 780 2338; x_wconf 85' lang='lat' dir='ltr'><strong>est</strong></span> <span class='ocrx_word' id='word_1_105' title='bbox 790 2288 1063 2339; x_wconf 89' lang='lat' dir='ltr'><strong>diminutio</strong></span> <span class='ocrx_word' id='word_1_106' title='bbox 1080 2269 1268 2353; x_wconf 54' lang='lat' dir='ltr'><strong>capitis</strong></span> <span class='ocrx_word' id='word_1_107' title='bbox 1287 2287 1389 2337; x_wconf 67' lang='lat' dir='ltr'><strong>mi-‘</strong></span> 
     </span>
     <span class='ocr_line' id='line_1_24' title="bbox 310 2366 488 2425; baseline 0.022 -9"><span class='ocrx_word' id='word_1_108' title='bbox 310 2366 488 2425; x_wconf 65' lang='lat' dir='ltr'><strong>nima-3</strong></span> 
     </span>
     <span class='ocr_line' id='line_1_25' title="bbox 310 2441 1378 2511; baseline -0.005 -15"><span class='ocrx_word' id='word_1_109' title='bbox 310 2461 416 2497; x_wconf 89' lang='lat' dir='ltr'><strong>non</strong></span> <span class='ocrx_word' id='word_1_110' title='bbox 442 2446 631 2496; x_wconf 84' lang='lat' dir='ltr'><strong>babere</strong></span> <span class='ocrx_word' id='word_1_111' title='bbox 652 2452 830 2511; x_wconf 88' lang='lat' dir='ltr'><strong>capnt,</strong></span> <span class='ocrx_word' id='word_1_112' title='bbox 851 2458 948 2493; x_wconf 89' lang='lat' dir='ltr'><strong>nec</strong></span> <span class='ocrx_word' id='word_1_113' title='bbox 966 2443 1179 2493; x_wconf 87' lang='lat' dir='ltr'><strong>diminui</strong></span> <span class='ocrx_word' id='word_1_114' title='bbox 1202 2441 1378 2505; x_wconf 86' lang='lat' dir='ltr'><strong>capite</strong></span> 
     </span>
     <span class='ocr_line' id='line_1_26' title="bbox 309 2520 1380 2590; baseline -0.005 -15"><span class='ocrx_word' id='word_1_115' title='bbox 309 2526 556 2575; x_wconf 86' lang='lat' dir='ltr'><strong>dicantur</strong></span> <span class='ocrx_word' id='word_1_116' title='bbox 576 2540 589 2573; x_wconf 71' lang='grc' dir='ltr'><strong>ε</strong></span> <span class='ocrx_word' id='word_1_117' title='bbox 624 2525 746 2590; x_wconf 85' lang='lat' dir='ltr'><strong>quia</strong></span> <span class='ocrx_word' id='word_1_118' title='bbox 762 2524 956 2572; x_wconf 89' lang='lat' dir='ltr'><strong>nullum</strong></span> <span class='ocrx_word' id='word_1_119' title='bbox 974 2529 1165 2571; x_wconf 87' lang='lat' dir='ltr'><strong>statum</strong></span> <span class='ocrx_word' id='word_1_120' title='bbox 1186 2520 1380 2570; x_wconf 85' lang='lat' dir='ltr'><strong>babent</strong></span> 
     </span>
     <span class='ocr_line' id='line_1_27' title="bbox 313 2585 1380 2668; baseline -0.005 -18"><span class='ocrx_word' id='word_1_121' title='bbox 313 2600 583 2664; x_wconf 66' lang='lat' dir='ltr'><strong>videlicet,</strong></span> <span class='ocrx_word' id='word_1_122' title='bbox 599 2613 767 2665; x_wconf 84' lang='lat' dir='ltr'><strong>neque</strong></span> <span class='ocrx_word' id='word_1_123' title='bbox 787 2598 1100 2668; x_wconf 83' lang='lat' dir='ltr'><strong>libertatem,</strong></span> <span class='ocrx_word' id='word_1_124' title='bbox 1119 2612 1288 2661; x_wconf 85' lang='lat' dir='ltr'><strong>neque</strong></span> <span class='ocrx_word' id='word_1_125' title='bbox 1306 2585 1380 2645; x_wconf 61' lang='lat' dir='ltr'><strong>ci-&#39;</strong></span> 
     </span>
     <span class='ocr_line' id='line_1_28' title="bbox 312 2674 1375 2740; baseline -0.005 -13"><span class='ocrx_word' id='word_1_126' title='bbox 312 2679 553 2740; x_wconf 84' lang='lat' dir='ltr'><strong>vitatem,</strong></span> <span class='ocrx_word' id='word_1_127' title='bbox 589 2692 688 2727; x_wconf 89' lang='lat' dir='ltr'><strong>nec</strong></span> <span class='ocrx_word' id='word_1_128' title='bbox 731 2674 998 2733; x_wconf 75' lang='lat' dir='ltr'><strong>familiam.</strong></span> <span class='ocrx_word' id='word_1_129' title='bbox 1061 2674 1195 2724; x_wconf 86' lang='lat' dir='ltr'><strong>Vide</strong></span> <span class='ocrx_word' id='word_1_130' title='bbox 1243 2674 1375 2723; x_wconf 85' lang='lat' dir='ltr'><strong>Coel.</strong></span> 
     </span>
     <span class='ocr_line' id='line_1_29' title="bbox 319 2756 812 2819; baseline -0.01 -12"><span class='ocrx_word' id='word_1_131' title='bbox 319 2756 543 2819; x_wconf 80' lang='lat' dir='ltr'><strong>Rhodig.</strong></span> <span class='ocrx_word' id='word_1_132' title='bbox 567 2768 704 2805; x_wconf 76' lang='lat' dir='ltr'>xxV.</span> <span class='ocrx_word' id='word_1_133' title='bbox 727 2758 812 2803; x_wconf 80' lang='lat'><strong>23.</strong></span> 
     </span>
    </p>

    <p class='ocr_par' dir='ltr' id='par_1_12' title="bbox 316 2829 1399 4357">
     <span class='ocr_line' id='line_1_30' title="bbox 383 2829 1380 2883; baseline -0.005 -1"><span class='ocrx_word' id='word_1_134' title='bbox 383 2836 446 2883; x_wconf 74' lang='lat'><strong>45</strong></span> <span class='ocrx_word' id='word_1_135' title='bbox 498 2832 662 2881; x_wconf 79' lang='lat' dir='ltr'><strong>Donec</strong></span> <span class='ocrx_word' id='word_1_136' title='bbox 715 2831 924 2881; x_wconf 77' lang='lat' dir='ltr'><strong>labantes</strong></span> <span class='ocrx_word' id='word_1_137' title='bbox 962 2830 1158 2880; x_wconf 76' lang='lat' dir='ltr'><strong>consilio</strong></span> <span class='ocrx_word' id='word_1_138' title='bbox 1203 2829 1380 2877; x_wconf 80' lang='lat' dir='ltr'><strong>Patres</strong></span> 
     </span>
     <span class='ocr_line' id='line_1_31' title="bbox 317 2903 1382 2973; baseline -0.007 -14"><span class='ocrx_word' id='word_1_139' title='bbox 317 2910 582 2972; x_wconf 76' lang='lat' dir='ltr'><strong>Fimaret,</strong></span> <span class='ocrx_word' id='word_1_140' title='bbox 612 2908 720 2973; x_wconf 56' lang='grc' dir='ltr'><strong>ξω]</strong></span> <span class='ocrx_word' id='word_1_141' title='bbox 751 2908 989 2957; x_wconf 80' lang='lat' dir='ltr'><strong>Incertus</strong></span> <span class='ocrx_word' id='word_1_142' title='bbox 1030 2905 1224 2957; x_wconf 86' lang='lat' dir='ltr'><strong>etenim</strong></span> <span class='ocrx_word' id='word_1_143' title='bbox 1258 2903 1382 2971; x_wconf 88' lang='lat' dir='ltr'><strong>qnid</strong></span> 
     </span>
     <span class='ocr_line' id='line_1_32' title="bbox 316 2984 1383 3050; baseline -0.005 -12"><span class='ocrx_word' id='word_1_144' title='bbox 316 2996 613 3039; x_wconf 78' lang='lat' dir='ltr'><strong>statuerent</strong></span> <span class='ocrx_word' id='word_1_145' title='bbox 655 2988 935 3037; x_wconf 78' lang='lat' dir='ltr'><strong>Senatores</strong></span> <span class='ocrx_word' id='word_1_146' title='bbox 990 2988 1104 3050; x_wconf 88' lang='lat' dir='ltr'><strong>ipse</strong></span> <span class='ocrx_word' id='word_1_147' title='bbox 1158 2984 1383 3034; x_wconf 88' lang='lat' dir='ltr'><strong>firmavit</strong></span> 
     </span>
     <span class='ocr_line' id='line_1_33' title="bbox 322 3062 1384 3130; baseline -0.008 -12"><span class='ocrx_word' id='word_1_148' title='bbox 322 3074 524 3130; x_wconf 82' lang='lat' dir='ltr'><strong>auctor,</strong></span> <span class='ocrx_word' id='word_1_149' title='bbox 565 3074 620 3116; x_wconf 91' lang='lat' dir='ltr'><strong>et</strong></span> <span class='ocrx_word' id='word_1_150' title='bbox 668 3066 920 3129; x_wconf 85' lang='lat' dir='ltr'><strong>compulit</strong></span> <span class='ocrx_word' id='word_1_151' title='bbox 960 3063 1297 3129; x_wconf 83' lang='lat' dir='ltr'><strong>traduxitqne</strong></span> <span class='ocrx_word' id='word_1_152' title='bbox 1331 3062 1384 3111; x_wconf 91' lang='lat' dir='ltr'><strong>in</strong></span> 
     </span>
     <span class='ocr_line' id='line_1_34' title="bbox 319 3137 1387 3206; baseline -0.007 -12"><span class='ocrx_word' id='word_1_153' title='bbox 319 3143 646 3194; x_wconf 79' lang='lat' dir='ltr'><strong>utilissimam</strong></span> <span class='ocrx_word' id='word_1_154' title='bbox 670 3142 1014 3206; x_wconf 64' lang='lat' dir='ltr'><strong>Reipublicae,</strong></span> <span class='ocrx_word' id='word_1_155' title='bbox 1037 3140 1267 3205; x_wconf 86' lang='lat' dir='ltr'><strong>quamvis</strong></span> <span class='ocrx_word' id='word_1_156' title='bbox 1289 3137 1387 3188; x_wconf 87' lang='lat' dir='ltr'><strong>sibi</strong></span> 
     </span>
     <span class='ocr_line' id='line_1_35' title="bbox 323 3214 1386 3286; baseline -0.007 -16"><span class='ocrx_word' id='word_1_157' title='bbox 323 3235 535 3286; x_wconf 77' lang='lat' dir='ltr'><strong>gravem</strong></span> <span class='ocrx_word' id='word_1_158' title='bbox 572 3220 901 3270; x_wconf 83' lang='lat' dir='ltr'><strong>sententiam.</strong></span> <span class='ocrx_word' id='word_1_159' title='bbox 970 3218 1081 3269; x_wconf 89' lang='lat' dir='ltr'>Cic.</span> <span class='ocrx_word' id='word_1_160' title='bbox 1119 3214 1274 3267; x_wconf 88' lang='lat' dir='ltr'><strong>Offic.</strong></span> <span class='ocrx_word' id='word_1_161' title='bbox 1298 3228 1386 3265; x_wconf 87' lang='lat'>111.</span> 
     </span>
     <span class='ocr_line' id='line_1_36' title="bbox 321 3290 1386 3359; baseline -0.007 -13"><span class='ocrx_word' id='word_1_162' title='bbox 321 3312 376 3348; x_wconf 83' lang='lat' dir='ltr'><strong>n.</strong></span> <span class='ocrx_word' id='word_1_163' title='bbox 393 3302 478 3347; x_wconf 84' lang='grc'><strong>99.</strong></span> <span class='ocrx_word' id='word_1_164' title='bbox 513 3295 534 3323; x_wconf 80' lang='lat'>‘</span> <span class='ocrx_word' id='word_1_165' title='bbox 559 3298 689 3347; x_wconf 84' lang='lat' dir='ltr'><strong>Cum</strong></span> <span class='ocrx_word' id='word_1_166' title='bbox 713 3296 960 3359; x_wconf 84' lang='lat' dir='ltr'><strong>Regulus,</strong></span> <span class='ocrx_word' id='word_1_167' title='bbox 980 3293 1169 3343; x_wconf 86' lang='lat' dir='ltr'><strong>iterum</strong></span> <span class='ocrx_word' id='word_1_168' title='bbox 1192 3290 1386 3341; x_wconf 88' lang='lat' dir='ltr'><strong>Consul</strong></span> 
     </span>
     <span class='ocr_line' id='line_1_37' title="bbox 321 3371 1387 3434; baseline -0.008 -10"><span class='ocrx_word' id='word_1_169' title='bbox 321 3375 377 3424; x_wconf 92' lang='lat' dir='ltr'><strong>in</strong></span> <span class='ocrx_word' id='word_1_170' title='bbox 401 3373 584 3424; x_wconf 83' lang='lat' dir='ltr'><strong>Africa</strong></span> <span class='ocrx_word' id='word_1_171' title='bbox 612 3388 678 3423; x_wconf 88' lang='lat' dir='ltr'><strong>ex</strong></span> <span class='ocrx_word' id='word_1_172' title='bbox 708 3371 908 3430; x_wconf 76' lang='lat' dir='ltr'><strong>insidiis</strong></span> <span class='ocrx_word' id='word_1_173' title='bbox 928 3379 1115 3434; x_wconf 88' lang='lat' dir='ltr'><strong>captus</strong></span> <span class='ocrx_word' id='word_1_174' title='bbox 1138 3375 1290 3423; x_wconf 88' lang='lat' dir='ltr'><strong>esset,</strong></span> <span class='ocrx_word' id='word_1_175' title='bbox 1309 3402 1322 3416; x_wconf 92' lang='lat'>.</span> <span class='ocrx_word' id='word_1_176' title='bbox 1339 3401 1353 3417; x_wconf 89' lang='lat'>.</span> <span class='ocrx_word' id='word_1_177' title='bbox 1372 3401 1387 3417; x_wconf 90' lang='lat'>.</span> 
     </span>
     <span class='ocr_line' id='line_1_38' title="bbox 316 3446 1389 3516; baseline -0.009 -15"><span class='ocrx_word' id='word_1_178' title='bbox 316 3453 524 3516; x_wconf 87' lang='lat' dir='ltr'><strong>juratus</strong></span> <span class='ocrx_word' id='word_1_179' title='bbox 562 3451 740 3500; x_wconf 89' lang='lat' dir='ltr'><strong>missus</strong></span> <span class='ocrx_word' id='word_1_180' title='bbox 776 3455 858 3499; x_wconf 88' lang='lat' dir='ltr'><strong>est</strong></span> <span class='ocrx_word' id='word_1_181' title='bbox 895 3447 962 3496; x_wconf 89' lang='lat' dir='ltr'><strong>ad</strong></span> <span class='ocrx_word' id='word_1_182' title='bbox 1004 3446 1274 3505; x_wconf 77' lang='lat' dir='ltr'><strong>Senatum,</strong></span> <span class='ocrx_word' id='word_1_183' title='bbox 1310 3451 1389 3504; x_wconf 88' lang='lat' dir='ltr'><strong>ut,</strong></span> 
     </span>
     <span class='ocr_line' id='line_1_39' title="bbox 326 3519 1390 3583; baseline -0.011 -6"><span class='ocrx_word' id='word_1_184' title='bbox 326 3528 427 3577; x_wconf 86' lang='lat' dir='ltr'><strong>nisi</strong></span> <span class='ocrx_word' id='word_1_185' title='bbox 452 3526 645 3576; x_wconf 81' lang='lat' dir='ltr'><strong>redditi</strong></span> <span class='ocrx_word' id='word_1_186' title='bbox 668 3531 845 3574; x_wconf 88' lang='lat' dir='ltr'><strong>essent</strong></span> <span class='ocrx_word' id='word_1_187' title='bbox 880 3521 1055 3571; x_wconf 84' lang='lat' dir='ltr'><strong>Poenis</strong></span> <span class='ocrx_word' id='word_1_188' title='bbox 1078 3519 1277 3583; x_wconf 86' lang='lat' dir='ltr'><strong>captivi</strong></span> <span class='ocrx_word' id='word_1_189' title='bbox 1300 3532 1390 3567; x_wconf 91' lang='lat' dir='ltr'><strong>no·</strong></span> 
     </span>
     <span class='ocr_line' id='line_1_40' title="bbox 327 3594 1390 3668; baseline -0.01 -15"><span class='ocrx_word' id='word_1_190' title='bbox 327 3604 461 3653; x_wconf 88' lang='lat' dir='ltr'><strong>biles</strong></span> <span class='ocrx_word' id='word_1_191' title='bbox 486 3602 714 3668; x_wconf 88' lang='lat' dir='ltr'><strong>quidam,</strong></span> <span class='ocrx_word' id='word_1_192' title='bbox 745 3599 941 3649; x_wconf 85' lang='lat' dir='ltr'><strong>rediret</strong></span> <span class='ocrx_word' id='word_1_193' title='bbox 974 3598 1085 3660; x_wconf 90' lang='lat' dir='ltr'><strong>ipse</strong></span> <span class='ocrx_word' id='word_1_194' title='bbox 1115 3594 1390 3658; x_wconf 84' lang='lat' dir='ltr'><strong>Cartbagi-</strong></span> 
     </span>
     <span class='ocr_line' id='line_1_41' title="bbox 327 3671 1389 3729; baseline -0.011 1"><span class='ocrx_word' id='word_1_195' title='bbox 327 3694 467 3729; x_wconf 82' lang='lat' dir='ltr'><strong>nem.</strong></span> <span class='ocrx_word' id='word_1_196' title='bbox 523 3679 578 3728; x_wconf 85' lang='lat' dir='ltr'><strong>Is</strong></span> <span class='ocrx_word' id='word_1_197' title='bbox 600 3693 719 3727; x_wconf 89' lang='lat' dir='ltr'><strong>cum</strong></span> <span class='ocrx_word' id='word_1_198' title='bbox 741 3678 956 3726; x_wconf 86' lang='lat' dir='ltr'><strong>Romam</strong></span> <span class='ocrx_word' id='word_1_199' title='bbox 981 3674 1225 3727; x_wconf 86' lang='lat' dir='ltr'><strong>venisset,</strong></span> <span class='ocrx_word' id='word_1_200' title='bbox 1241 3704 1283 3721; x_wconf 88' lang='lat'><strong>..</strong></span> <span class='ocrx_word' id='word_1_201' title='bbox 1300 3705 1313 3719; x_wconf 91' lang='lat'>.</span> <span class='ocrx_word' id='word_1_202' title='bbox 1338 3671 1389 3719; x_wconf 91' lang='lat' dir='ltr'><strong>in</strong></span> 
     </span>
     <span class='ocr_line' id='line_1_42' title="bbox 328 3746 1390 3811; baseline -0.013 -3"><span class='ocrx_word' id='word_1_203' title='bbox 328 3758 579 3808; x_wconf 82' lang='lat' dir='ltr'><strong>Senatum</strong></span> <span class='ocrx_word' id='word_1_204' title='bbox 622 3754 800 3804; x_wconf 81' lang='lat' dir='ltr'><strong>venit:</strong></span> <span class='ocrx_word' id='word_1_205' title='bbox 837 3749 1081 3808; x_wconf 84' lang='lat' dir='ltr'><strong>mandata</strong></span> <span class='ocrx_word' id='word_1_206' title='bbox 1118 3746 1390 3811; x_wconf 79' lang='lat' dir='ltr'><strong>exposuit:</strong></span> 
     </span>
     <span class='ocr_line' id='line_1_43' title="bbox 331 3824 1392 3892; baseline -0.011 -8"><span class='ocrx_word' id='word_1_207' title='bbox 331 3833 646 3892; x_wconf 83' lang='lat' dir='ltr'><strong>sententiam</strong></span> <span class='ocrx_word' id='word_1_208' title='bbox 701 3845 768 3880; x_wconf 87' lang='lat' dir='ltr'><strong>ue</strong></span> <span class='ocrx_word' id='word_1_209' title='bbox 829 3828 1044 3887; x_wconf 85' lang='lat' dir='ltr'><strong>diceret,</strong></span> <span class='ocrx_word' id='word_1_210' title='bbox 1100 3824 1392 3875; x_wconf 79' lang='lat' dir='ltr'><strong>recusavit:</strong></span> 
     </span>
     <span class='ocr_line' id='line_1_44' title="bbox 334 3902 1395 3976; baseline -0.011 -16"><span class='ocrx_word' id='word_1_211' title='bbox 334 3909 578 3976; x_wconf 85' lang='lat' dir='ltr'><strong>quamdin</strong></span> <span class='ocrx_word' id='word_1_212' title='bbox 589 3904 930 3972; x_wconf 86' lang='lat' dir='ltr'><strong>jurejurando</strong></span> <span class='ocrx_word' id='word_1_213' title='bbox 948 3902 1171 3952; x_wconf 79' lang='lat' dir='ltr'><strong>bostium</strong></span> <span class='ocrx_word' id='word_1_214' title='bbox 1192 3909 1395 3951; x_wconf 89' lang='lat' dir='ltr'><strong>tenere·</strong></span> 
     </span>
     <span class='ocr_line' id='line_1_45' title="bbox 335 3975 1397 4049; baseline -0.012 -12"><span class='ocrx_word' id='word_1_215' title='bbox 335 3998 441 4049; x_wconf 89' lang='lat' dir='ltr'><strong>tur,</strong></span> <span class='ocrx_word' id='word_1_216' title='bbox 456 4001 558 4036; x_wconf 88' lang='lat' dir='ltr'><strong>uon</strong></span> <span class='ocrx_word' id='word_1_217' title='bbox 581 4000 697 4035; x_wconf 86' lang='lat' dir='ltr'><strong>esse</strong></span> <span class='ocrx_word' id='word_1_218' title='bbox 719 3999 776 4033; x_wconf 90' lang='lat' dir='ltr'><strong>se</strong></span> <span class='ocrx_word' id='word_1_219' title='bbox 797 3984 1097 4032; x_wconf 78' lang='lat' dir='ltr'><strong>Senator-em</strong></span> <span class='ocrx_word' id='word_1_220' title='bbox 1114 3995 1131 4028; x_wconf 70' lang='grc' dir='ltr'><strong>ι</strong></span> <span class='ocrx_word' id='word_1_221' title='bbox 1147 4011 1161 4027; x_wconf 92' lang='grc'><strong>.</strong></span> <span class='ocrx_word' id='word_1_222' title='bbox 1178 4011 1193 4027; x_wconf 87' lang='grc'><strong>.</strong></span> <span class='ocrx_word' id='word_1_223' title='bbox 1210 4012 1225 4026; x_wconf 92' lang='grc'><strong>.</strong></span> <span class='ocrx_word' id='word_1_224' title='bbox 1245 3975 1397 4026; x_wconf 88' lang='lat' dir='ltr'><strong>reddi</strong></span> 
     </span>
     <span class='ocr_line' id='line_1_46' title="bbox 335 4051 1396 4127; baseline -0.012 -14"><span class='ocrx_word' id='word_1_225' title='bbox 335 4064 571 4127; x_wconf 84' lang='lat' dir='ltr'><strong>captivos</strong></span> <span class='ocrx_word' id='word_1_226' title='bbox 599 4051 833 4124; x_wconf 60' lang='lat' dir='ltr'><strong>&#39;negavit</strong></span> <span class='ocrx_word' id='word_1_227' title='bbox 882 4072 996 4106; x_wconf 90' lang='lat' dir='ltr'><strong>esse</strong></span> <span class='ocrx_word' id='word_1_228' title='bbox 1051 4055 1179 4105; x_wconf 86' lang='lat' dir='ltr'><strong>utile</strong></span> <span class='ocrx_word' id='word_1_229' title='bbox 1206 4068 1220 4101; x_wconf 75' lang='grc' dir='ltr'><strong>ε</strong></span> <span class='ocrx_word' id='word_1_230' title='bbox 1278 4053 1396 4102; x_wconf 89' lang='lat' dir='ltr'><strong>illos</strong></span> 
     </span>
     <span class='ocr_line' id='line_1_47' title="bbox 337 4128 1397 4189; baseline -0.012 0"><span class='ocrx_word' id='word_1_231' title='bbox 337 4140 473 4189; x_wconf 89' lang='lat' dir='ltr'><strong>enim</strong></span> <span class='ocrx_word' id='word_1_232' title='bbox 508 4138 867 4187; x_wconf 85' lang='lat' dir='ltr'><strong>adolescentes</strong></span> <span class='ocrx_word' id='word_1_233' title='bbox 900 4147 1016 4183; x_wconf 87' lang='lat' dir='ltr'><strong>esse</strong></span> <span class='ocrx_word' id='word_1_234' title='bbox 1046 4140 1102 4186; x_wconf 82' lang='lat' dir='ltr'><strong>et</strong></span> <span class='ocrx_word' id='word_1_235' title='bbox 1125 4132 1282 4182; x_wconf 90' lang='lat' dir='ltr'><strong>bonos</strong></span> <span class='ocrx_word' id='word_1_236' title='bbox 1305 4128 1397 4177; x_wconf 90' lang='lat' dir='ltr'><strong>du·</strong></span> 
     </span>
     <span class='ocr_line' id='line_1_48' title="bbox 338 4209 1397 4279; baseline -0.009 -14"><span class='ocrx_word' id='word_1_237' title='bbox 338 4231 453 4277; x_wconf 90' lang='lat' dir='ltr'><strong>ces;</strong></span> <span class='ocrx_word' id='word_1_238' title='bbox 471 4231 587 4268; x_wconf 84' lang='lat' dir='ltr'><strong>esse</strong></span> <span class='ocrx_word' id='word_1_239' title='bbox 604 4215 776 4279; x_wconf 82' lang='lat' dir='ltr'><strong>sejam</strong></span> <span class='ocrx_word' id='word_1_240' title='bbox 796 4209 1089 4262; x_wconf 84' lang='lat' dir='ltr'><strong>confectum</strong></span> <span class='ocrx_word' id='word_1_241' title='bbox 1107 4214 1397 4258; x_wconf 85' lang='lat' dir='ltr'><strong>senectute.</strong></span> 
     </span>
     <span class='ocr_line' id='line_1_49' title="bbox 343 4287 1399 4357; baseline -0.01 -15"><span class='ocrx_word' id='word_1_242' title='bbox 343 4292 505 4357; x_wconf 81' lang='lat' dir='ltr'><strong>Cujus</strong></span> <span class='ocrx_word' id='word_1_243' title='bbox 528 4307 645 4344; x_wconf 87' lang='lat' dir='ltr'><strong>cum</strong></span> <span class='ocrx_word' id='word_1_244' title='bbox 681 4290 922 4340; x_wconf 83' lang='lat' dir='ltr'><strong>valuisset</strong></span> <span class='ocrx_word' id='word_1_245' title='bbox 953 4287 1250 4349; x_wconf 81' lang='lat' dir='ltr'><strong>auctoritas,</strong></span> <span class='ocrx_word' id='word_1_246' title='bbox 1274 4298 1399 4347; x_wconf 86' lang='lat' dir='ltr'><strong>cap-</strong></span> 
     </span>
    </p>
   </div>
   <div class='ocr_carea' id='block_1_12' title="bbox 555 2364 1416 2430">
    <p class='ocr_par' dir='ltr' id='par_1_13' title="bbox 555 2364 1416 2430">
     <span class='ocr_line' id='line_1_50' title="bbox 555 2364 1416 2430; baseline -0.005 -14"><span class='ocrx_word' id='word_1_247' title='bbox 555 2368 634 2416; x_wconf 82' lang='lat' dir='ltr'><strong>Ex</strong></span> <span class='ocrx_word' id='word_1_248' title='bbox 656 2367 735 2416; x_wconf 87' lang='lat' dir='ltr'><strong>his</strong></span> <span class='ocrx_word' id='word_1_249' title='bbox 766 2366 1077 2430; x_wconf 82' lang='lat' dir='ltr'><strong>intelligitur</strong></span> <span class='ocrx_word' id='word_1_250' title='bbox 1107 2377 1201 2414; x_wconf 89' lang='lat' dir='ltr'><strong>cur</strong></span> <span class='ocrx_word' id='word_1_251' title='bbox 1239 2364 1416 2418; x_wconf 76' lang='lat' dir='ltr'><strong>servi.</strong></span> 
     </span>
    </p>
   </div>
   <div class='ocr_carea' id='block_1_13' title="bbox 1450 1590 2532 3345">
    <p class='ocr_par' dir='ltr' id='par_1_14' title="bbox 1450 1590 2526 1970">
     <span class='ocr_line' id='line_1_51' title="bbox 1452 1590 2513 1660; baseline -0.012 -9"><span class='ocrx_word' id='word_1_252' title='bbox 1452 1601 1546 1651; x_wconf 83' lang='lat' dir='ltr'><strong>tivi</strong></span> <span class='ocrx_word' id='word_1_253' title='bbox 1588 1600 1774 1650; x_wconf 84' lang='lat' dir='ltr'><strong>retenti</strong></span> <span class='ocrx_word' id='word_1_254' title='bbox 1818 1604 1965 1647; x_wconf 86' lang='lat' dir='ltr'><strong>sunt:</strong></span> <span class='ocrx_word' id='word_1_255' title='bbox 2002 1597 2113 1660; x_wconf 88' lang='lat' dir='ltr'><strong>ipse</strong></span> <span class='ocrx_word' id='word_1_256' title='bbox 2147 1590 2513 1652; x_wconf 79' lang='lat' dir='ltr'><strong>Carthaginem</strong></span> 
     </span>
     <span class='ocr_line' id='line_1_52' title="bbox 1451 1665 2516 1728; baseline -0.013 -3"><span class='ocrx_word' id='word_1_257' title='bbox 1451 1676 1646 1727; x_wconf 89' lang='lat' dir='ltr'><strong>rediit.&#39;</strong></span> <span class='ocrx_word' id='word_1_258' title='bbox 1670 1711 1684 1725; x_wconf 94' lang='lat'>.</span> <span class='ocrx_word' id='word_1_259' title='bbox 1708 1710 1721 1724; x_wconf 90' lang='lat'>.</span> <span class='ocrx_word' id='word_1_260' title='bbox 1747 1710 1762 1725; x_wconf 91' lang='lat'>.</span> <span class='ocrx_word' id='word_1_261' title='bbox 1788 1710 1802 1725; x_wconf 89' lang='lat'>.</span> <span class='ocrx_word' id='word_1_262' title='bbox 1825 1689 1876 1725; x_wconf 89' lang='lat' dir='ltr'><strong>n.</strong></span> <span class='ocrx_word' id='word_1_263' title='bbox 1898 1677 2010 1722; x_wconf 87' lang='lat'>110.</span> <span class='ocrx_word' id='word_1_264' title='bbox 2043 1672 2058 1699; x_wconf 90' lang='lat'>‘</span> <span class='ocrx_word' id='word_1_265' title='bbox 2080 1667 2297 1720; x_wconf 88' lang='lat' dir='ltr'><strong>Senatui</strong></span> <span class='ocrx_word' id='word_1_266' title='bbox 2321 1665 2516 1728; x_wconf 81' lang='lat' dir='ltr'><strong>nisiip-</strong></span> 
     </span>
     <span class='ocr_line' id='line_1_53' title="bbox 1450 1739 2516 1814; baseline -0.011 -11"><span class='ocrx_word' id='word_1_267' title='bbox 1450 1767 1505 1803; x_wconf 88' lang='lat' dir='ltr'><strong>se</strong></span> <span class='ocrx_word' id='word_1_268' title='bbox 1548 1759 1731 1814; x_wconf 71' lang='lat' dir='ltr'><strong>artetur</strong></span> <span class='ocrx_word' id='word_1_269' title='bbox 1784 1748 1989 1810; x_wconf 86' lang='lat' dir='ltr'><strong>fuisset,</strong></span> <span class='ocrx_word' id='word_1_270' title='bbox 2033 1744 2234 1810; x_wconf 86' lang='lat' dir='ltr'><strong>captivi</strong></span> <span class='ocrx_word' id='word_1_271' title='bbox 2275 1739 2516 1807; x_wconf 85' lang='lat' dir='ltr'><strong>profecto</strong></span> 
     </span>
     <span class='ocr_line' id='line_1_54' title="bbox 1453 1817 2526 1885; baseline -0.013 -6"><span class='ocrx_word' id='word_1_272' title='bbox 1453 1829 1630 1879; x_wconf 81' lang='lat' dir='ltr'><strong>Poenis</strong></span> <span class='ocrx_word' id='word_1_273' title='bbox 1675 1825 1867 1876; x_wconf 83' lang='lat' dir='ltr'><strong>redditi</strong></span> <span class='ocrx_word' id='word_1_274' title='bbox 1911 1830 2103 1885; x_wconf 88' lang='lat' dir='ltr'><strong>essent,</strong></span> <span class='ocrx_word' id='word_1_275' title='bbox 2149 1817 2418 1869; x_wconf 88' lang='lat' dir='ltr'><strong>incolumis</strong></span> <span class='ocrx_word' id='word_1_276' title='bbox 2463 1818 2526 1865; x_wconf 77' lang='lat' dir='ltr'><strong>in.</strong></span> 
     </span>
     <span class='ocr_line' id='line_1_55' title="bbox 1458 1893 2261 1970; baseline -0.019 -15"><span class='ocrx_word' id='word_1_277' title='bbox 1458 1905 1629 1970; x_wconf 88' lang='lat' dir='ltr'><strong>patria</strong></span> <span class='ocrx_word' id='word_1_278' title='bbox 1651 1902 1880 1965; x_wconf 87' lang='lat' dir='ltr'><strong>Regulus</strong></span> <span class='ocrx_word' id='word_1_279' title='bbox 1903 1893 2220 1948; x_wconf 87' lang='lat' dir='ltr'><strong>restitisset.&#39;</strong></span> <span class='ocrx_word' id='word_1_280' title='bbox 2254 1931 2261 1940; x_wconf 84' lang='grc'><strong><em>,</em></strong></span> 
     </span>
    </p>

    <p class='ocr_par' dir='ltr' id='par_1_15' title="bbox 1455 1969 2532 2950">
     <span class='ocr_line' id='line_1_56' title="bbox 1524 1969 2517 2040; baseline -0.013 -10"><span class='ocrx_word' id='word_1_281' title='bbox 1524 1978 1733 2029; x_wconf 77' lang='lat' dir='ltr'><strong>Consilio</strong></span> <span class='ocrx_word' id='word_1_282' title='bbox 1755 1990 1992 2040; x_wconf 76' lang='lat' dir='ltr'><strong>nunquam</strong></span> <span class='ocrx_word' id='word_1_283' title='bbox 2007 1974 2130 2024; x_wconf 78' lang='lat' dir='ltr'><strong>alias</strong></span> <span class='ocrx_word' id='word_1_284' title='bbox 2149 1970 2284 2034; x_wconf 80' lang='lat' dir='ltr'><strong>dato]</strong></span> <span class='ocrx_word' id='word_1_285' title='bbox 2308 1969 2372 2019; x_wconf 93' lang='lat' dir='ltr'><strong>In</strong></span> <span class='ocrx_word' id='word_1_286' title='bbox 2396 1983 2517 2032; x_wconf 86' lang='lat' dir='ltr'><strong>pro·</strong></span> 
     </span>
     <span class='ocr_line' id='line_1_57' title="bbox 1457 2044 2518 2123; baseline -0.014 -16"><span class='ocrx_word' id='word_1_287' title='bbox 1457 2058 1623 2123; x_wconf 82' lang='lat' dir='ltr'><strong>priam</strong></span> <span class='ocrx_word' id='word_1_288' title='bbox 1668 2068 1856 2118; x_wconf 86' lang='lat' dir='ltr'><strong>nempe</strong></span> <span class='ocrx_word' id='word_1_289' title='bbox 1895 2052 1971 2102; x_wconf 91' lang='lat' dir='ltr'><strong>sui</strong></span> <span class='ocrx_word' id='word_1_290' title='bbox 2015 2048 2317 2114; x_wconf 89' lang='lat' dir='ltr'><strong>perniciem,</strong></span> <span class='ocrx_word' id='word_1_291' title='bbox 2359 2044 2518 2094; x_wconf 84' lang='lat' dir='ltr'><strong>solius</strong></span> 
     </span>
     <span class='ocr_line' id='line_1_58' title="bbox 1458 2122 2525 2197; baseline -0.01 -13"><span class='ocrx_word' id='word_1_292' title='bbox 1458 2132 1702 2184; x_wconf 87' lang='lat' dir='ltr'><strong>utilitatis</strong></span> <span class='ocrx_word' id='word_1_293' title='bbox 1726 2131 1950 2197; x_wconf 84' lang='lat' dir='ltr'><strong>publicae</strong></span> <span class='ocrx_word' id='word_1_294' title='bbox 1970 2127 2150 2177; x_wconf 85' lang='lat' dir='ltr'><strong>habita</strong></span> <span class='ocrx_word' id='word_1_295' title='bbox 2167 2124 2370 2174; x_wconf 91' lang='lat' dir='ltr'><strong>ratione</strong></span> <span class='ocrx_word' id='word_1_296' title='bbox 2392 2137 2405 2170; x_wconf 73' lang='grc' dir='ltr'><em>τ</em></span> <span class='ocrx_word' id='word_1_297' title='bbox 2432 2122 2525 2185; x_wconf 69' lang='lat' dir='ltr'><strong>pia</strong></span> 
     </span>
     <span class='ocr_line' id='line_1_59' title="bbox 1458 2207 2518 2269; baseline -0.013 -8"><span class='ocrx_word' id='word_1_298' title='bbox 1458 2212 1612 2262; x_wconf 86' lang='lat' dir='ltr'><strong>etiam</strong></span> <span class='ocrx_word' id='word_1_299' title='bbox 1637 2208 1822 2258; x_wconf 86' lang='lat' dir='ltr'><strong>fraude</strong></span> <span class='ocrx_word' id='word_1_300' title='bbox 1848 2221 1986 2268; x_wconf 85' lang='lat' dir='ltr'><strong>usus,</strong></span> <span class='ocrx_word' id='word_1_301' title='bbox 2018 2213 2075 2254; x_wconf 88' lang='lat' dir='ltr'><strong>ut</strong></span> <span class='ocrx_word' id='word_1_302' title='bbox 2104 2217 2282 2269; x_wconf 87' lang='lat' dir='ltr'><strong>pacem</strong></span> <span class='ocrx_word' id='word_1_303' title='bbox 2318 2207 2373 2250; x_wconf 91' lang='lat' dir='ltr'><strong>et</strong></span> <span class='ocrx_word' id='word_1_304' title='bbox 2395 2214 2518 2262; x_wconf 88' lang='lat' dir='ltr'><strong>cap-</strong></span> 
     </span>
     <span class='ocr_line' id='line_1_60' title="bbox 1458 2276 2522 2348; baseline -0.013 -11"><span class='ocrx_word' id='word_1_305' title='bbox 1458 2288 1683 2337; x_wconf 84' lang='lat' dir='ltr'><strong>tivorum</strong></span> <span class='ocrx_word' id='word_1_306' title='bbox 1721 2282 2151 2348; x_wconf 84' lang='lat' dir='ltr'><strong>permutationem</strong></span> <span class='ocrx_word' id='word_1_307' title='bbox 2176 2276 2522 2329; x_wconf 85' lang='lat' dir='ltr'><strong>dissuaderet.</strong></span> 
     </span>
     <span class='ocr_line' id='line_1_61' title="bbox 1462 2353 2526 2425; baseline -0.012 -11"><span class='ocrx_word' id='word_1_308' title='bbox 1462 2364 1601 2414; x_wconf 85' lang='lat' dir='ltr'><strong>Nam</strong></span> <span class='ocrx_word' id='word_1_309' title='bbox 1635 2359 1909 2425; x_wconf 82' lang='lat' dir='ltr'><strong>affirmavit</strong></span> <span class='ocrx_word' id='word_1_310' title='bbox 1950 2365 1963 2388; x_wconf 75' lang='lat'>⁸</span> <span class='ocrx_word' id='word_1_311' title='bbox 1986 2371 2239 2407; x_wconf 87' lang='lat' dir='ltr'><strong>venenum</strong></span> <span class='ocrx_word' id='word_1_312' title='bbox 2274 2354 2372 2403; x_wconf 86' lang='lat' dir='ltr'><strong>sibi</strong></span> <span class='ocrx_word' id='word_1_313' title='bbox 2399 2353 2526 2403; x_wconf 83' lang='lat' dir='ltr'><strong>Car-</strong></span> 
     </span>
     <span class='ocr_line' id='line_1_62' title="bbox 1457 2433 2517 2503; baseline -0.012 -13"><span class='ocrx_word' id='word_1_314' title='bbox 1457 2433 1788 2503; x_wconf 63' lang='lat' dir='ltr'><strong>thaginenses</strong></span> <span class='ocrx_word' id='word_1_315' title='bbox 1825 2435 2053 2489; x_wconf 82' lang='lat' dir='ltr'><strong>dedisse,</strong></span> <span class='ocrx_word' id='word_1_316' title='bbox 2093 2446 2197 2482; x_wconf 89' lang='lat' dir='ltr'><strong>non</strong></span> <span class='ocrx_word' id='word_1_317' title='bbox 2236 2438 2517 2494; x_wconf 79' lang='lat' dir='ltr'><strong>praesenta-</strong></span> 
     </span>
     <span class='ocr_line' id='line_1_63' title="bbox 1456 2506 2521 2579; baseline -0.009 -14"><span class='ocrx_word' id='word_1_318' title='bbox 1456 2530 1630 2579; x_wconf 86' lang='lat' dir='ltr'><strong>neum,</strong></span> <span class='ocrx_word' id='word_1_319' title='bbox 1652 2514 1741 2564; x_wconf 88' lang='lat' dir='ltr'><strong>sed</strong></span> <span class='ocrx_word' id='word_1_320' title='bbox 1763 2510 2034 2577; x_wconf 86' lang='lat' dir='ltr'><strong>ejusmodi,</strong></span> <span class='ocrx_word' id='word_1_321' title='bbox 2054 2506 2190 2574; x_wconf 89' lang='lat' dir='ltr'><strong>quod</strong></span> <span class='ocrx_word' id='word_1_322' title='bbox 2223 2513 2444 2557; x_wconf 88' lang='lat' dir='ltr'><strong>mortem</strong></span> <span class='ocrx_word' id='word_1_323' title='bbox 2469 2507 2521 2555; x_wconf 87' lang='lat' dir='ltr'><strong>in</strong></span> 
     </span>
     <span class='ocr_line' id='line_1_64' title="bbox 1455 2584 2524 2655; baseline -0.007 -14"><span class='ocrx_word' id='word_1_324' title='bbox 1455 2591 1592 2641; x_wconf 88' lang='lat' dir='ltr'><strong>diem</strong></span> <span class='ocrx_word' id='word_1_325' title='bbox 1617 2588 1915 2655; x_wconf 78' lang='lat' dir='ltr'><strong>proferret3</strong></span> <span class='ocrx_word' id='word_1_326' title='bbox 1955 2601 2016 2637; x_wconf 89' lang='lat' dir='ltr'><strong>eo</strong></span> <span class='ocrx_word' id='word_1_327' title='bbox 2041 2585 2276 2645; x_wconf 84' lang='lat' dir='ltr'><strong>consilio,</strong></span> <span class='ocrx_word' id='word_1_328' title='bbox 2300 2592 2358 2632; x_wconf 88' lang='lat' dir='ltr'><strong>ut</strong></span> <span class='ocrx_word' id='word_1_329' title='bbox 2381 2584 2524 2633; x_wconf 78' lang='lat' dir='ltr'><strong>vive-</strong></span> 
     </span>
     <span class='ocr_line' id='line_1_65' title="bbox 1456 2657 2524 2732; baseline -0.011 -14"><span class='ocrx_word' id='word_1_330' title='bbox 1456 2676 1540 2718; x_wconf 87' lang='lat' dir='ltr'><strong>ret</strong></span> <span class='ocrx_word' id='word_1_331' title='bbox 1585 2666 1793 2732; x_wconf 88' lang='lat' dir='ltr'><strong>quidem</strong></span> <span class='ocrx_word' id='word_1_332' title='bbox 1837 2663 2117 2727; x_wconf 83' lang='lat' dir='ltr'><strong>tantisper,</strong></span> <span class='ocrx_word' id='word_1_333' title='bbox 2154 2658 2327 2725; x_wconf 84' lang='lat' dir='ltr'><strong>quoad</strong></span> <span class='ocrx_word' id='word_1_334' title='bbox 2369 2657 2524 2707; x_wconf 86' lang='lat' dir='ltr'><strong>fieret</strong></span> 
     </span>
     <span class='ocr_line' id='line_1_66' title="bbox 1460 2743 2523 2811; baseline -0.012 -16"><span class='ocrx_word' id='word_1_335' title='bbox 1460 2744 1807 2811; x_wconf 85' lang='lat' dir='ltr'><strong>permutatio:</strong></span> <span class='ocrx_word' id='word_1_336' title='bbox 1860 2748 1978 2805; x_wconf 86' lang='lat' dir='ltr'><strong>post</strong></span> <span class='ocrx_word' id='word_1_337' title='bbox 2023 2745 2216 2801; x_wconf 86' lang='lat' dir='ltr'><strong>autem,</strong></span> <span class='ocrx_word' id='word_1_338' title='bbox 2253 2743 2523 2800; x_wconf 85' lang='lat' dir='ltr'><strong>grassante</strong></span> 
     </span>
     <span class='ocr_line' id='line_1_67' title="bbox 1461 2811 2524 2880; baseline -0.011 -8"><span class='ocrx_word' id='word_1_339' title='bbox 1461 2820 1650 2872; x_wconf 88' lang='lat' dir='ltr'><strong>sensim</strong></span> <span class='ocrx_word' id='word_1_340' title='bbox 1675 2834 1892 2880; x_wconf 80' lang='lat' dir='ltr'><strong>veneno,</strong></span> <span class='ocrx_word' id='word_1_341' title='bbox 1914 2832 2013 2867; x_wconf 48' lang='lat' dir='ltr'><strong>*cor</strong></span> <span class='ocrx_word' id='word_1_342' title='bbox 2040 2811 2369 2866; x_wconf 85' lang='lat' dir='ltr'><strong>tabesceret.’</strong></span> <span class='ocrx_word' id='word_1_343' title='bbox 2402 2811 2524 2861; x_wconf 88' lang='lat' dir='ltr'><strong>Gel-</strong></span> 
     </span>
     <span class='ocr_line' id='line_1_68' title="bbox 1462 2895 2532 2950; baseline -0.011 0"><span class='ocrx_word' id='word_1_344' title='bbox 1462 2901 1563 2950; x_wconf 87' lang='lat' dir='ltr'><strong>lius</strong></span> <span class='ocrx_word' id='word_1_345' title='bbox 1588 2905 1771 2950; x_wconf 83' lang='lat' dir='ltr'><strong>auctor</strong></span> <span class='ocrx_word' id='word_1_346' title='bbox 1797 2905 1880 2946; x_wconf 88' lang='lat' dir='ltr'><strong>est</strong></span> <span class='ocrx_word' id='word_1_347' title='bbox 1903 2909 1981 2945; x_wconf 78' lang='lat' dir='ltr'><strong>vr.</strong></span> <span class='ocrx_word' id='word_1_348' title='bbox 2000 2899 2055 2945; x_wconf 87' lang='grc'><strong>4.</strong></span> <span class='ocrx_word' id='word_1_349' title='bbox 2288 2895 2291 2900; x_wconf 72' lang='grc'><em>“</em></span> <span class='ocrx_word' id='word_1_350' title='bbox 2525 2935 2532 2948; x_wconf 83' lang='grc'><em>,</em></span> 
     </span>
    </p>

    <p class='ocr_par' dir='ltr' id='par_1_16' title="bbox 1465 2966 2530 3345">
     <span class='ocr_line' id='line_1_69' title="bbox 1525 2966 2526 3038; baseline -0.012 -12"><span class='ocrx_word' id='word_1_351' title='bbox 1525 2980 1593 3026; x_wconf 87' lang='grc'><strong>48</strong></span> <span class='ocrx_word' id='word_1_352' title='bbox 1630 2974 1872 3038; x_wconf 81' lang='lat' dir='ltr'><strong>Egregius</strong></span> <span class='ocrx_word' id='word_1_353' title='bbox 1890 2974 2166 3037; x_wconf 80' lang='lat' dir='ltr'><strong>properaret</strong></span> <span class='ocrx_word' id='word_1_354' title='bbox 2187 2966 2321 3030; x_wconf 75' lang='lat' dir='ltr'><strong>exul]</strong></span> <span class='ocrx_word' id='word_1_355' title='bbox 2362 2967 2526 3030; x_wconf 82' lang='lat' dir='ltr'><strong>Egre-</strong></span> 
     </span>
     <span class='ocr_line' id='line_1_70' title="bbox 1465 3042 2527 3120; baseline -0.013 -16"><span class='ocrx_word' id='word_1_356' title='bbox 1465 3054 1578 3120; x_wconf 78' lang='lat' dir='ltr'><strong>gius</strong></span> <span class='ocrx_word' id='word_1_357' title='bbox 1601 3068 1723 3103; x_wconf 88' lang='lat' dir='ltr'><strong>sane</strong></span> <span class='ocrx_word' id='word_1_358' title='bbox 1758 3058 1813 3101; x_wconf 87' lang='lat' dir='ltr'><strong>et</strong></span> <span class='ocrx_word' id='word_1_359' title='bbox 1847 3048 2123 3113; x_wconf 86' lang='lat' dir='ltr'><strong>singularis</strong></span> <span class='ocrx_word' id='word_1_360' title='bbox 2158 3046 2298 3101; x_wconf 84' lang='lat' dir='ltr'><strong>exul,</strong></span> <span class='ocrx_word' id='word_1_361' title='bbox 2324 3042 2411 3109; x_wconf 89' lang='lat' dir='ltr'><strong>qui</strong></span> <span class='ocrx_word' id='word_1_362' title='bbox 2435 3057 2527 3106; x_wconf 92' lang='lat' dir='ltr'><strong>pa-</strong></span> 
     </span>
     <span class='ocr_line' id='line_1_71' title="bbox 1466 3120 2529 3187; baseline -0.014 -6"><span class='ocrx_word' id='word_1_363' title='bbox 1466 3132 1567 3181; x_wconf 88' lang='lat' dir='ltr'><strong>tria</strong></span> <span class='ocrx_word' id='word_1_364' title='bbox 1588 3144 1767 3180; x_wconf 88' lang='lat' dir='ltr'><strong>carere</strong></span> <span class='ocrx_word' id='word_1_365' title='bbox 1792 3125 2138 3187; x_wconf 87' lang='lat' dir='ltr'><strong>consenserit,</strong></span> <span class='ocrx_word' id='word_1_366' title='bbox 2177 3120 2413 3171; x_wconf 87' lang='lat' dir='ltr'><strong>caritatis</strong></span> <span class='ocrx_word' id='word_1_367' title='bbox 2438 3133 2529 3183; x_wconf 89' lang='lat' dir='ltr'><strong>pa-</strong></span> 
     </span>
     <span class='ocr_line' id='line_1_72' title="bbox 1466 3196 2530 3269; baseline -0.013 -11"><span class='ocrx_word' id='word_1_368' title='bbox 1466 3199 1582 3258; x_wconf 67' lang='lat' dir='ltr'><strong>tri&#39;ae</strong></span> <span class='ocrx_word' id='word_1_369' title='bbox 1618 3206 1801 3269; x_wconf 84' lang='lat' dir='ltr'><strong>gratia,</strong></span> <span class='ocrx_word' id='word_1_370' title='bbox 1836 3204 2026 3268; x_wconf 86' lang='lat' dir='ltr'><strong>quique</strong></span> <span class='ocrx_word' id='word_1_371' title='bbox 2060 3203 2198 3252; x_wconf 88' lang='lat' dir='ltr'><strong>ultro</strong></span> <span class='ocrx_word' id='word_1_372' title='bbox 2233 3213 2326 3248; x_wconf 89' lang='lat' dir='ltr'><strong>sna</strong></span> <span class='ocrx_word' id='word_1_373' title='bbox 2359 3196 2530 3247; x_wconf 87' lang='lat' dir='ltr'><strong>omnia</strong></span> 
     </span>
     <span class='ocr_line' id='line_1_73' title="bbox 1465 3271 2529 3345; baseline -0.012 -12"><span class='ocrx_word' id='word_1_374' title='bbox 1465 3284 1755 3345; x_wconf 88' lang='lat' dir='ltr'><strong>desereret,</strong></span> <span class='ocrx_word' id='word_1_375' title='bbox 1776 3281 1956 3330; x_wconf 88' lang='lat' dir='ltr'><strong>salutis</strong></span> <span class='ocrx_word' id='word_1_376' title='bbox 1980 3278 2201 3342; x_wconf 80' lang='lat' dir='ltr'><strong>publicae</strong></span> <span class='ocrx_word' id='word_1_377' title='bbox 2225 3290 2398 3327; x_wconf 84' lang='lat' dir='ltr'><strong>causa.</strong></span> <span class='ocrx_word' id='word_1_378' title='bbox 2445 3271 2529 3321; x_wconf 84' lang='lat' dir='ltr'><strong>Ad</strong></span> 
     </span>
    </p>
   </div>
   <div class='ocr_carea' id='block_1_14' title="bbox 1455 3349 2531 3425">
    <p class='ocr_par' dir='ltr' id='par_1_17' title="bbox 1455 3349 2531 3425">
     <span class='ocr_line' id='line_1_74' title="bbox 1455 3349 2531 3425; baseline -0.014 -14"><span class='ocrx_word' id='word_1_379' title='bbox 1455 3362 1613 3425; x_wconf 55' lang='lat' dir='ltr'><strong>„cujus</strong></span> <span class='ocrx_word' id='word_1_380' title='bbox 1652 3358 1947 3420; x_wconf 87' lang='lat' dir='ltr'><strong>exemplum</strong></span> <span class='ocrx_word' id='word_1_381' title='bbox 1986 3356 2185 3405; x_wconf 87' lang='lat' dir='ltr'><strong>illustre</strong></span> <span class='ocrx_word' id='word_1_382' title='bbox 2220 3358 2400 3415; x_wconf 87' lang='lat' dir='ltr'><strong>postea</strong></span> <span class='ocrx_word' id='word_1_383' title='bbox 2439 3349 2531 3397; x_wconf 84' lang='lat' dir='ltr'><strong>de·</strong></span> 
     </span>
    </p>
   </div>
   <div class='ocr_carea' id='block_1_15' title="bbox 1467 3426 2539 4330">
    <p class='ocr_par' dir='ltr' id='par_1_18' title="bbox 1467 3426 2539 4330">
     <span class='ocr_line' id='line_1_75' title="bbox 1467 3426 2531 3504; baseline -0.014 -15"><span class='ocrx_word' id='word_1_384' title='bbox 1467 3454 1582 3504; x_wconf 77' lang='lat' dir='ltr'><strong>cem</strong></span> <span class='ocrx_word' id='word_1_385' title='bbox 1600 3434 1903 3504; x_wconf 76' lang='lat' dir='ltr'><strong>nobilissimi</strong></span> <span class='ocrx_word' id='word_1_386' title='bbox 1924 3432 2120 3495; x_wconf 87' lang='lat' dir='ltr'><strong>captivi</strong></span> <span class='ocrx_word' id='word_1_387' title='bbox 2143 3431 2208 3480; x_wconf 89' lang='lat' dir='ltr'><strong>ab</strong></span> <span class='ocrx_word' id='word_1_388' title='bbox 2233 3426 2531 3479; x_wconf 85' lang='lat' dir='ltr'><strong>Hannibale</strong></span> 
     </span>
     <span class='ocr_line' id='line_1_76' title="bbox 1470 3505 2532 3571; baseline -0.015 -6"><span class='ocrx_word' id='word_1_389' title='bbox 1470 3515 1534 3565; x_wconf 83' lang='lat' dir='ltr'><strong>ad</strong></span> <span class='ocrx_word' id='word_1_390' title='bbox 1571 3514 1818 3564; x_wconf 86' lang='lat' dir='ltr'><strong>Senatum</strong></span> <span class='ocrx_word' id='word_1_391' title='bbox 1852 3508 2016 3571; x_wconf 88' lang='lat' dir='ltr'><strong>missi,</strong></span> <span class='ocrx_word' id='word_1_392' title='bbox 2049 3513 2169 3570; x_wconf 89' lang='lat' dir='ltr'><strong>post</strong></span> <span class='ocrx_word' id='word_1_393' title='bbox 2208 3505 2532 3555; x_wconf 83' lang='lat' dir='ltr'><strong>Cannensem</strong></span> 
     </span>
     <span class='ocr_line' id='line_1_77' title="bbox 1472 3578 2532 3656; baseline -0.016 -13"><span class='ocrx_word' id='word_1_394' title='bbox 1472 3606 1718 3656; x_wconf 82' lang='lat' dir='ltr'><strong>pugnam,</strong></span> <span class='ocrx_word' id='word_1_395' title='bbox 1744 3585 1911 3652; x_wconf 85' lang='lat' dir='ltr'><strong>jurati</strong></span> <span class='ocrx_word' id='word_1_396' title='bbox 1947 3598 2003 3633; x_wconf 90' lang='lat' dir='ltr'><strong>se</strong></span> <span class='ocrx_word' id='word_1_397' title='bbox 2037 3582 2319 3636; x_wconf 84' lang='lat' dir='ltr'><strong>redituros,</strong></span> <span class='ocrx_word' id='word_1_398' title='bbox 2347 3579 2442 3628; x_wconf 84' lang='lat' dir='ltr'><strong>nisi</strong></span> <span class='ocrx_word' id='word_1_399' title='bbox 2467 3578 2532 3627; x_wconf 90' lang='lat' dir='ltr'><strong>de</strong></span> 
     </span>
     <span class='ocr_line' id='line_1_78' title="bbox 1471 3656 2537 3726; baseline -0.016 -7"><span class='ocrx_word' id='word_1_400' title='bbox 1471 3666 1784 3719; x_wconf 88' lang='lat' dir='ltr'><strong>redimendis</strong></span> <span class='ocrx_word' id='word_1_401' title='bbox 1834 3661 2051 3726; x_wconf 83' lang='lat' dir='ltr'><strong>captivis</strong></span> <span class='ocrx_word' id='word_1_402' title='bbox 2090 3656 2537 3722; x_wconf 76' lang='lat' dir='ltr'><strong>impetravissent,</strong></span> 
     </span>
     <span class='ocr_line' id='line_1_79' title="bbox 1473 3731 2532 3806; baseline -0.019 -9"><span class='ocrx_word' id='word_1_403' title='bbox 1473 3761 1530 3797; x_wconf 88' lang='lat' dir='ltr'><strong>re</strong></span> <span class='ocrx_word' id='word_1_404' title='bbox 1553 3760 1655 3795; x_wconf 90' lang='lat' dir='ltr'><strong>non</strong></span> <span class='ocrx_word' id='word_1_405' title='bbox 1679 3744 1977 3806; x_wconf 86' lang='lat' dir='ltr'><strong>impetrata,</strong></span> <span class='ocrx_word' id='word_1_406' title='bbox 2012 3733 2209 3786; x_wconf 86' lang='lat' dir='ltr'><strong>reversi</strong></span> <span class='ocrx_word' id='word_1_407' title='bbox 2243 3737 2381 3782; x_wconf 86' lang='lat' dir='ltr'><strong>sunt.</strong></span> <span class='ocrx_word' id='word_1_408' title='bbox 2449 3731 2532 3779; x_wconf 92' lang='lat' dir='ltr'><strong>De</strong></span> 
     </span>
     <span class='ocr_line' id='line_1_80' title="bbox 1474 3806 2533 3887; baseline -0.019 -14"><span class='ocrx_word' id='word_1_409' title='bbox 1474 3822 1657 3887; x_wconf 86' lang='lat' dir='ltr'><strong>quibus</strong></span> <span class='ocrx_word' id='word_1_410' title='bbox 1694 3833 1796 3868; x_wconf 89' lang='lat' dir='ltr'><strong>non</strong></span> <span class='ocrx_word' id='word_1_411' title='bbox 1829 3829 2003 3866; x_wconf 85' lang='lat' dir='ltr'><strong>omnes</strong></span> <span class='ocrx_word' id='word_1_412' title='bbox 2037 3826 2139 3861; x_wconf 90' lang='lat' dir='ltr'><strong>uno</strong></span> <span class='ocrx_word' id='word_1_413' title='bbox 2161 3809 2332 3860; x_wconf 88' lang='lat' dir='ltr'><strong>modo.</strong></span> <span class='ocrx_word' id='word_1_414' title='bbox 2395 3806 2533 3855; x_wconf 85' lang='lat' dir='ltr'><strong>Nam</strong></span> 
     </span>
     <span class='ocr_line' id='line_1_81' title="bbox 1476 3882 2536 3961; baseline -0.019 -12"><span class='ocrx_word' id='word_1_415' title='bbox 1476 3896 1728 3961; x_wconf 79' lang='lat' dir='ltr'><strong>Polybius</strong></span> <span class='ocrx_word' id='word_1_416' title='bbox 1749 3894 1910 3943; x_wconf 89' lang='lat' dir='ltr'><strong>bonus</strong></span> <span class='ocrx_word' id='word_1_417' title='bbox 1932 3896 2113 3939; x_wconf 86' lang='lat' dir='ltr'><strong>auctor</strong></span> <span class='ocrx_word' id='word_1_418' title='bbox 2135 3887 2185 3935; x_wconf 88' lang='lat' dir='ltr'><strong>in</strong></span> <span class='ocrx_word' id='word_1_419' title='bbox 2210 3884 2388 3949; x_wconf 86' lang='lat' dir='ltr'><strong>primis</strong></span> <span class='ocrx_word' id='word_1_420' title='bbox 2411 3882 2536 3931; x_wconf 89' lang='lat' dir='ltr'><strong>scri-</strong></span> 
     </span>
     <span class='ocr_line' id='line_1_82' title="bbox 1478 3961 2534 4035; baseline -0.017 -12"><span class='ocrx_word' id='word_1_421' title='bbox 1478 3973 1575 4035; x_wconf 88' lang='lat' dir='ltr'><strong>bit,</strong></span> <span class='ocrx_word' id='word_1_422' title='bbox 1608 3984 1794 4024; x_wconf 63' lang='lat' dir='ltr'><strong>novom</strong></span> <span class='ocrx_word' id='word_1_423' title='bbox 1835 3981 1903 4017; x_wconf 83' lang='lat' dir='ltr'><strong>ex</strong></span> <span class='ocrx_word' id='word_1_424' title='bbox 1934 3965 1996 4015; x_wconf 89' lang='lat' dir='ltr'><strong>iis</strong></span> <span class='ocrx_word' id='word_1_425' title='bbox 2037 3961 2343 4011; x_wconf 65' lang='lat' dir='ltr'><strong>revertisset</strong></span> <span class='ocrx_word' id='word_1_426' title='bbox 2379 3971 2534 4007; x_wconf 88' lang='lat' dir='ltr'><strong>unum</strong></span> 
     </span>
     <span class='ocr_line' id='line_1_83' title="bbox 1477 4032 2538 4110; baseline -0.016 -13"><span class='ocrx_word' id='word_1_427' title='bbox 1477 4063 1604 4099; x_wconf 82' lang='lat' dir='ltr'><strong>vero</strong></span> <span class='ocrx_word' id='word_1_428' title='bbox 1629 4061 1721 4110; x_wconf 90' lang='lat' dir='ltr'><strong>per</strong></span> <span class='ocrx_word' id='word_1_429' title='bbox 1747 4043 1980 4094; x_wconf 79' lang='lat' dir='ltr'><strong>fraudem</strong></span> <span class='ocrx_word' id='word_1_430' title='bbox 2016 4047 2068 4089; x_wconf 87' lang='lat' dir='ltr'><strong>et</strong></span> <span class='ocrx_word' id='word_1_431' title='bbox 2103 4038 2314 4087; x_wconf 88' lang='lat' dir='ltr'><strong>stultam</strong></span> <span class='ocrx_word' id='word_1_432' title='bbox 2340 4032 2538 4084; x_wconf 84' lang='lat' dir='ltr'><strong>callidi-</strong></span> 
     </span>
     <span class='ocr_line' id='line_1_84' title="bbox 1479 4112 2536 4187; baseline -0.018 -11"><span class='ocrx_word' id='word_1_433' title='bbox 1479 4133 1641 4177; x_wconf 89' lang='lat' dir='ltr'><strong>tatem</strong></span> <span class='ocrx_word' id='word_1_434' title='bbox 1695 4120 1841 4187; x_wconf 89' lang='lat' dir='ltr'><strong>quasi</strong></span> <span class='ocrx_word' id='word_1_435' title='bbox 1884 4113 2223 4183; x_wconf 85' lang='lat' dir='ltr'><strong>jurejurando</strong></span> <span class='ocrx_word' id='word_1_436' title='bbox 2259 4112 2536 4177; x_wconf 79' lang='lat' dir='ltr'><strong>liberatum</strong></span> 
     </span>
     <span class='ocr_line' id='line_1_85' title="bbox 1477 4187 2537 4258; baseline -0.018 -5"><span class='ocrx_word' id='word_1_437' title='bbox 1477 4204 1657 4253; x_wconf 86' lang='lat' dir='ltr'><strong>Romae</strong></span> <span class='ocrx_word' id='word_1_438' title='bbox 1683 4197 1987 4249; x_wconf 85' lang='lat' dir='ltr'><strong>remansisse</strong></span> <span class='ocrx_word' id='word_1_439' title='bbox 2009 4214 2020 4242; x_wconf 76' lang='lat' dir='ltr'><em>z</em></span> <span class='ocrx_word' id='word_1_440' title='bbox 2064 4206 2215 4258; x_wconf 86' lang='lat' dir='ltr'><strong>quem</strong></span> <span class='ocrx_word' id='word_1_441' title='bbox 2238 4187 2425 4239; x_wconf 90' lang='lat' dir='ltr'><strong>deinde</strong></span> <span class='ocrx_word' id='word_1_442' title='bbox 2445 4187 2537 4235; x_wconf 90' lang='lat' dir='ltr'><strong>Se-</strong></span> 
     </span>
     <span class='ocr_line' id='line_1_86' title="bbox 1480 4260 2539 4330; baseline -0.02 0"><span class='ocrx_word' id='word_1_443' title='bbox 1480 4287 1633 4330; x_wconf 87' lang='lat' dir='ltr'><strong>natus</strong></span> <span class='ocrx_word' id='word_1_444' title='bbox 1668 4262 1996 4327; x_wconf 78' lang='lat' dir='ltr'><strong>vinctum&#39;ad</strong></span> <span class='ocrx_word' id='word_1_445' title='bbox 2035 4266 2382 4320; x_wconf 82' lang='lat' dir='ltr'><strong>Hannibalern</strong></span> <span class='ocrx_word' id='word_1_446' title='bbox 2416 4260 2539 4311; x_wconf 85' lang='lat' dir='ltr'><strong>duci</strong></span> 
     </span>
    </p>
   </div>
  </div>
 </body>
</html>
