3059 4909
1267 374 1609 423 noRA‘ru.
2440 361 2529 428 27

333 517 420 587 U.
448 519 528 586 C.
558 522 714 588 716.
773 520 957 607 App.
989 520 1317 587 Claudius
1344 519 1657 586 Pulcher.
1712 521 1795 587 C.
1820 520 2194 589 Norbanus
2213 521 2530 590 FlaccuS.

1020 622 1107 687 A.
1138 624 1216 690 C.
1244 624 1350 690 38.
1441 624 1717 690 Horatii
1742 628 1852 711 «ἐξ.

414 768 569 833 Pax
615 787 769 832 cum
813 767 970 832 Sex.
1019 765 1350 852 Pompeio
1399 768 1585 833 facta
1632 768 1975 849 dirimitur,
2018 776 2083 835 et
2125 772 2532 838 recrudescit

330 890 482 935 cum
511 890 595 935 eo
626 871 889 948 bellum,
920 869 1247 950 Siculum,
1282 891 1339 935 s.
1375 870 1745 939 Piraticum
1783 872 2058 938 dictum.
2124 873 2304 940 Vide
2355 874 2529 939 Plin.

334 989 495 1037 xvi.
559 974 624 1038 4.
681 971 923 1038 Vellei.
987 990 1069 1037 11.
1126 973 1236 1039 73.
1312 974 1535 1057 ‘Igitur
1593 974 1751 1040 huic
1810 995 1989 1042 anuo
2048 976 2529 1060 assignandum

332 1075 553 1159 Epod.
609 1092 711 1141 ιν.
764 1069 917 1140 nec'
944 1076 1374 1142 differendum
1428 1078 1518 1142 ad
1577 1084 2000 1162 sequentem3
2042 1071 2193 1144 n'am
2246 1099 2328 1143 eo
2375 1099 2529 1144 cum

330 1176 566 1243 Caesar
594 1180 746 1263 ipse
771 1198 1044 1263 quoque
1074 1194 1214 1244 xx·
1246 1200 1588 1246 servorum
1621 1182 1835 1247 millia
1864 1182 2315 1247 manumiserit
2344 1190 2410 1246 et
2441 1181 2528 1245 ad

328 1302 582 1350 remum
626 1282 886 1347 dederit
930 1280 1239 1368 (Sueton.
1270 1283 1444 1367 Aug.
1478 1280 1646 1369 16.),
1676 1304 1809 1349 non
1837 1289 2105 1370 poterat
2133 1292 2284 1350 tunc
2316 1281 2532 1349 Poeta

329 1386 472 1450 sine
502 1385 758 1450 invidia
786 1389 808 1421 ‘
831 1384 1141 1453 servilem
1165 1405 1435 1450 manum
1452 1385 1470 1412 ’
1502 1391 1792 1468 tangere.

417 1487 581 1552 Hoc
615 1488 877 1553 demum
908 1506 1087 1552 anno
1120 1486 1490 1553 Horatium
1522 1489 1592 1552 in
1624 1487 2022 1553 Maecenatis
2053 1487 2416 1554 amicitiam
2462 1479 2530 1554 et

331 1588 859 1655 familiaritatem
914 1590 1278 1672 ascriptum
1323 1595 1501 1669 esse,
1547 1610 1722 1656 nouo
1761 1610 1987 1655 mense
2016 1598 2203 1674 post,
2234 1611 2435 1674 quam
2466 1590 2529 1654 ei

326 1693 842 1756 commendatus
872 1697 1054 1756 esset
1081 1691 1262 1768 (vide
1293 1709 1345 1757 1.
1378 1691 1524 1758 Sat.
1562 1694 1627 1758 6.
1658 1692 1763 1758 52.
1804 1689 2007 1776 sqq.),
2040 1694 2408 1777 apparebat
2439 1712 2530 1757 ex

330 1794 436 1871 iis,
468 1814 624 1877 quae
668 1793 755 1857 ad
802 1812 865 1858 a.
908 1791 997 1860 U.
1056 1810 1444 1861 Dccxxul.
1492 1794 1821 1861 dicentur.
1910 1795 2044 1861 Per
2084 1795 2529 1861 Maecenatem

333 1898 397 1961 iu
459 1895 819 1962 Octaviani
863 1896 1145 1979 gratiam
1194 1897 1596 1976 insinuatur,
1655 1904 1723 1963 et
1775 1896 2037 1962 obtinet
2080 1896 2406 1981 praedium
2464 1898 2531 1962 iu

334 1999 629 2065 Sabinis.

334 2251 420 2317 U.
452 2252 533 2319 C.
559 2255 739 2320 717.-
802 2255 902 2320 Μ.
940 2255 1322 2340 Vipsanius
1367 2257 1701 2344 Agrippa.
1773 2259 1872 2338 L.
1905 2257 2233 2327 Caninius
2265 2257 2529 2324 Gallus.

434 2365 439 2370 ’
1013 2358 1103 2423 Α.
1131 2359 1211 2427 C.
1239 2362 1357 2426 37.
1436 2361 1713 2428 Horatii
1756 2366 1859 2447 ἐξ.

412 2538 528 2604 Ab
561 2538 892 2624 Agrippa,
919 2546 998 2605 ut
1020 2560 1249 2606 recens
1274 2540 1635 2607 aedificatis
1661 2540 1993 2616 classibus
2017 2546 2200 2606 tutus
2224 2559 2531 2608 recessus

330 2647 527 2719 esset,
557 2642 710 2706 lacu
740 2641 1016 2707 Averno
1045 2652 1114 2708 et
1143 2642 1435 2708 Lucrino
1480 2662 1633 2707 cum
1677 2640 1848 2706 mari
1884 2643 2268 2721 commisso,
2297 2647 2532 2727 portus

329 2741 558 2808 Julius
608 2743 829 2810 factus
874 2752 1005 2810 est.
1073 2743 1233 2812 Vid.
1281 2745 1421 2810 Dio
1483 2760 1763 2808 xnvln.
1825 2744 1930 2809 50.
1990 2751 2055 2810 et
2105 2747 2212 2809 51.
2304 2743 2533 2828 Hujus

329 2847 558 2929 operis
587 2848 835 2912 mentio
865 2847 935 2911 in
965 2846 1054 2912 A.
1083 2848 1167 2912 P.
1194 2848 1300 2914 63.
1733 2837 1744 2846 ’
2361 2836 2366 2840 ’

334 2938 339 2943 ’
412 2946 751 3014 Antonius
789 2949 1080 3015 Athenis
1121 2950 1480 3019 Tarentum
1528 2953 1753 3018 classe
1800 2954 2002 3020 venit.
2094 2950 2381 3016 Octavia
2411 2950 2531 3014 ad-

330 3050 519 3118 ducit
547 3050 1015 3129 Octaviauum,
1045 3059 1121 3117 ut
1151 3072 1306 3118 eum
1338 3056 1714 3121 conveniat.
1805 3055 2009 3120 Nova
2032 3055 2202 3119 inter
2222 3072 2345 3118 eos
2369 3054 2534 3119 ami-

331 3153 511 3218 citiae
540 3154 785 3236 pactio.
876 3140 1011 3219 Dio
1046 3170 1328 3220 xnvm.
1361 3163 1530 3220 extr.
1609 3156 1868 3221 Eodem
1899 3154 2248 3221 Maecenas
2291 3173 2533 3239 prope-

329 3261 434 3320 rat
489 3275 645 3321 cum
700 3256 1024 3333 Horatio,
1082 3254 1388 3340 Virgilio,
1445 3257 1685 3336 Vario,
1747 3256 2001 3322 Plotio.
2092 3255 2176 3320 Id
2237 3265 2348 3320 est
2412 3256 2533 3320 iter

331 3356 853 3435 Brundusinum,
884 3356 1295 3442 descriptum
1327 3377 1374 3423 1.
1409 3357 1560 3425 Sat.
1586 3362 1650 3425 5.
2385 3343 2394 3354 ’

331 3611 422 3676 U.
454 3611 536 3679 G.
579 3613 730 3710 71⁴8.
820 3613 897 3677 L.
951 3612 1214 3678 Gellius
1270 3612 1656 3697 Poplicola.
1745 3610 1845 3712 Μ.
1893 3611 2232 3677 Cocceius
2281 3609 2530 3675 Nerva.

1013 3716 1104 3783 A.
1137 3716 1216 3783 C.
1241 3717 1351 3784 36.
1429 3718 1704 3784 Horatii
1733 3722 1840 3802 {²⁴3-

416 3891 622 3958 Victo
651 3894 814 3959 Sex.
844 3893 1203 3981 Pompeio,
1235 3895 1656 3961 Octavianus
1687 3893 1975 3958 Romam
2007 3912 2320 3958 reversus
2346 3912 2531 3974 mag·-

330 3995 438 4058 nis
480 3996 846 4061 honoribus
890 3997 1194 4063 afficitur.
1285 3998 1683 4083 Oppidatim
1733 3998 1909 4061 inter
1955 3996 2145 4062 Deos
2173 3996 2529 4061 Tutelares

329 4093 794 4175 consecratur.
862 4098 1155 4184 Appian.
1200 4122 1264 4166 v.
1310 4122 1377 4185 p.
1427 4101 1621 4172 1178.
1710 4100 2064 4178 Phraates,
2125 4098 2527 4164 Parthorum

330 4220 472 4278 rex,
502 4201 573 4265 in
606 4220 773 4266 suos
800 4201 986 4267 cives
1017 4201 1258 4284 soevire
1285 4203 1553 4288 occipit.
