3059 4909
1271 400 1338 460 Q.
1393 399 1717 449 HORA'H}
1763 401 2029 452 lvmine!

894 537 1067 605 Cum
1097 545 1269 608 terra
1295 543 1492 622 celat,
1526 561 1837 628 spernere
1866 546 2121 628 fortior,

991 641 1216 737 Quam
1243 663 1475 728 cogere
1504 645 1840 712 humanos
1870 649 1938 712 in
1971 670 2159 728 usne,

1069 744 1283 810 Omne
1317 767 1581 814 sacrum
1610 750 1914 833 rapiente
1942 752 2207 820 dextra.

899 844 1322 933 Quicumque
1345 853 1594 916 mundo
1624 853 1948 918 terminus
1976 856 2261 933 obstitit,

896 945 1101 1013 Hunc
1130 957 1350 1035 tangat
1377 955 1604 1032 ermiS,
1635 955 1849 1020 visere
1879 958 2168 1038 gestiens

984 1049 1144 1129 Qua
1171 1061 1364 1137 parte
1395 1056 1888 1122 debacchentur
1915 1060 2128 1141 igneS,

1070 1152 1229 1233 Qua
1255 1158 1515 1223 nebulae
1546 1158 1894 1243 pluviique
1923 1180 2131 1226 rores.

2662 1061 2747 1124 55

554 1311 719 1346 aarum
756 1302 963 1375 nondum
998 1303 1258 1366 inventum,
1292 1313 1434 1372 atque
1471 1308 1544 1357 ita
1579 1311 1927 1360 convenientius
1960 1311 2183 1375 positum,
2213 1313 2326 1360 dum
2357 1315 2489 1359 terra
2527 1312 2749 1375 contegit,

551 1376 689 1437 quum
710 1365 966 1414 adducendo
981 1368 1100 1417 illud
1117 1373 1222 1419 unci
1242 1373 1497 1434 hominum,
1527 1389 1669 1423 manu
1704 1376 1943 1438 quodlibet
1978 1382 2190 1425 sanetum
2221 1378 2537 1438 deproedunte.
2607 1377 2747 1432 Quis·

552 1439 657 1486 quis
676 1430 836 1477 mundi
854 1430 982 1495 finis
996 1433 1260 1500 impedivit,
1279 1437 1402 1486 hune
1422 1438 1541 1488 bello
1560 1439 1788 1496 obtineat,
1811 1443 2002 1504 cupiens
2021 1441 2326 1504 investigare,
2359 1456 2448 1504 quo
2469 1442 2567 1490 loeo
2587 1447 2749 1504 oestus,

1463 1567 1556 1591 m
1562 1569 1736 1592 “9009
1740 1570 1832 1592 ΟΝ

553 1636 800 1689 delendos
824 1652 1006 1694 censet
1026 1647 1230 1698 valart.
1253 1652 1341 1701 Pr.
1365 1658 1569 1702 rin—51
1609 1660 1623 1682 ‘
1648 1653 2082 1717 Distinguendum
2125 1660 2244 1718 post
2273 1668 2460 1716 eogere,
2493 1667 2596 1703 non
2632 1659 2746 1718 post

553 1718 681 1778 Ψ»
706 1714 763 1756 ὓῑ
787 1709 973 1768 ‘'¹¹¹2‘’ss
1004 1711 1274 1764 hair—53
1313 1717 1611 1782 Quacumque
1630 1720 1768 1783 conj.
1793 1721 1968 1769 Bentl.
1993 1720 2111 1783 quia
2149 1733 2280 1767 uuus
2316 1726 2518 1773 tantum
2555 1718 2624 1767 sit
2648 1728 2745 1766 ter-

554 1782 721 1818 minus
747 1773 941 1823 mundi.
1010 1777 1111 1825 Sed
1152 1778 1261 1840 ipse
1299 1784 1458 1831 sentit
1491 1799 1548 1832 se
1587 1787 1783 1846 nugari.
1815 1784 1979 1833 mundi
2012 1784 2189 1833 Lamb.
2230 1798 2259 1832 e
2282 1782 2588 1847 quibusdam
2624 1785 2744 1847 suis,

551 1832 719 1910 liquid.
739 1836 974 1902 Cruquii,
1007 1841 1149 1903 Lips.
1173 1847 1221 1891 ³.
1258 1844 1404 1894 Harl.
1428 1851 1476 1896 2.
1500 1852 1550 1898 6.
1586 1848 1768 1911 Steph.
1790 1848 1950 1912 Cruq.
1977 1849 2103 1899 Fab.
2138 1849 2325 1898 Decet.
2369 1847 2557 1897 Heius.
2596 1849 2747 1898 Baxt.

552 1896 687 1948 stvr.
732 1900 833 1951 Sed
856 1907 1028 1953 mundo
1052 1906 1202 1957 Harl.
1227 1913 1274 1958 1.
1298 1914 1347 1958 3.
1367 1914 1416 1959 4.
1432 1917 1480 1961 5.
1515 1927 1690 1962 omnes
1713 1914 1926 1978 Cruquii
1952 1922 2149 1976 praeter
2175 1928 2350 1976 unum,
2374 1927 2551 1961 omnes
2572 1913 2745 1963 Bentl.

552 1972 745 2025 praeter
768 1969 1039 2019 nonnullos
1064 1979 1284 2021 recentt.
1321 1982 1429 2024 tres
1460 1977 1705 2027 Torrent-
1740 1991 1916 2027 omnes
1947 1977 2070 2029 Jani
2107 1986 2300 2041 praeter
2333 1992 2510 2039 unum,
2532 1978 2746 2029 Venett.

552 2030 699 2076 1478.
723 2034 867 2080 1492.
904 2033 1121 2084 Ascens.
1145 2036 1362 2089 lot-her.
1383 2041 1567 2090 Basili.
1590 2043 1830 2091 Torrent.
1865 2043 2042 2091 Bentl.
2080 2043 2264 2095 Jones.
2295 2042 2518 2105 Cuning.
2557 2041 2746 2091 Sanad.

550 2090 716 2147 Gesn.
739 2096 905 2145 Zeun.
927 2106 981 2148 et
1006 2108 1229 2152 recentt.
1253 2104 1444 2154 exstitit
1460 2106 1594 2155 liber
1617 2107 1778 2156 Basil.
1802 2122 1833 2155 a
1855 2108 1923 2157 G.
1947 2108 2151 2157 Fabric.
2170 2109 2580 2170 inspectum—54
2605 2106 2747 2156 Hm

548 2159 723 2235 tanget·
740 2160 887 2210 Harl.
912 2166 1025 2212 1.4.
1044 2169 1101 2215 6.·
1129 2180 1304 2217 omnes
1341 2169 1639 2232 Pulmanni,
1671 2174 1843 2235 plures
1871 2174 2149 2234 Tot-rentii,
2182 2181 2236 2222 et
2266 2173 2446 2222 Bentl.
2470 2172 2574 2221 duo
2594 2172 2745 2221 Bers-

548 2231 746 2284 ¹¹¹²²¹1¹¹¹2
770 2225 985 2302 Mentel.
1011 2229 1227 2294 Fraueq.
1257 2232 1399 2295 Lips.
1425 2239 1472 2284 1.
1495 2239 1544 2285 2.
1567 2240 1615 2284 3.
1635 2239 1686 2285 4.
1723 2236 2020 2286 Helinstad.
2045 2236 2156 2287 Alt.
2175 2242 2224 2287 2.
2261 2239 2418 2287 DesS.
2440 2240 2492 2286 2.
2524 2237 2740 2285 Locher.

547 2283 766 2336 Ascens-
787 2290 825 2338 W
839 2298 1003 2343 enett.
1025 2302 1079 2342 et
1101 2296 1261 2346 Brod.
1326 2298 1475 2348 Hune
1494 2301 1654 2362 tangit
1687 2302 1817 2351 liber
1852 2301 2077 2351 Fabricii
2098 2319 2111 2363 3
2161 2303 2306 2352 Hunc
2327 2306 2498 2364 tangat
2521 2301 2673 2350 Harl.
2694 2306 2740 2350 2.

1540 2420 1753 2481 Nom:

548 2517 660 2562 est:
696 2515 864 2566 Roma
894 2516 1080 2569 fortior
1111 2524 1402 2585 spernendo
1427 2541 1607 2577 aurum

547 2590 684 2664 quod
710 2607 738 2642 e
778 2592 967 2645 fodinis
1007 2598 1233 2647 nondum
1269 2608 1469 2651 erutum
1510 2611 1610 2666 est,

551 2678 704 2729 quam
731 2667 856 2717 illud
888 2671 1010 2721 inde
1033 2675 1263 2725 eruendo
1296 2685 1352 2726 et
1375 2678 1438 2726 ad
1461 2694 1608 2729 usum

543 2739 1490 2816 fabricando,nummosquecudendo.
1528 2758 1609 2807 De

547 2826 814 2871 contemtu
858 2824 1151 2875 divitiarum
1209 2828 1344 2892 apud
1397 2829 1609 2882 Priscus

546 2894 803 2949 Romanos
849 2900 1042 2952 usitato
1085 2904 1205 2954 Val.
1251 2906 1395 2955 Max.
1434 2921 1513 2956 iv.
1558 2912 1607 2957 3.

544 2970 631 3021 De
656 2974 831 3039 Curio,
853 2978 1108 3041 Fabricio,
1136 2980 1373 3037 Camillo,
1391 2982 1608 3048 aliisque

542 3044 773 3099 diximus
800 3050 864 3100 ad
889 3066 928 3102 1.
954 3053 1058 3102 od.
1082 3058 1160 3103 12.
1185 3060 1241 3104 et
1263 3057 1405 3107 alibi.

612 3125 698 3175 Sic
731 3129 900 3178 melius
931 3130 1095 3193 situm,
1136 3133 1261 3181 Cum
1298 3136 1428 3183 terra
1463 3135 1609 3200 celat]

546 3198 654 3249 Seu
676 3203 811 3265 quod
845 3206 1142 3268 raptoribus
1176 3221 1281 3257 non
1305 3216 1387 3258 est
1408 3212 1612 3275 exposi-

546 3281 678 3338 tum,
702 3275 822 3328 dum
863 3277 992 3331 latet
1025 3282 1077 3331 in
1113 3285 1398 3335 visceribus
1435 3296 1613 3351 terrie,

546 3367 638 3402 seu
682 3356 878 3419 potius,
915 3359 1056 3422 quod
1091 3368 1218 3412 tunc
1256 3363 1521 3413 avaritiam
1560 3372 1616 3416 et

545 3432 882 3494 cupiditatem
932 3450 1032 3487 non
1078 3441 1352 3503 accendat,
1396 3456 1494 3493 nec
1540 3444 1609 3493 ad
1694 3447 1699 3450 “

541 3509 710 3576 scelus
732 3509 987 3576 impellat,
1009 3523 1100 3566 aut
1126 3517 1191 3566 ad
1226 3520 1508 3582 explendas
1545 3523 1608 3572 li-

543 3582 749 3636 bidines
773 3585 1009 3640 fomitem
1045 3593 1280 3658 praebeat
1308 3603 1362 3645 et
1386 3596 1609 3648 faculta-

541 3663 668 3710 tem.
734 3662 891 3715 Ovid.
915 3668 1050 3719 Met.
1080 3684 1120 3718 ι.
1155 3675 1272 3720 140.
1307 3680 1321 3701 ‘
1343 3672 1611 3726 Effodiun·

544 3740 632 3784 tur
656 3751 779 3802 opes
803 3741 1131 3793 irritamenta
1154 3749 1450 3800 malorum.''

542 3821 550 3830 ’
607 3817 666 3862 51
710 3817 908 3879 Cogere,
929 3819 1034 3884 &ct-J
1057 3822 1147 3871 Vis
1170 3824 1425 3888 siquidem
1449 3826 1609 3878 infer·

540 3888 585 3938 ri
610 3895 833 3942 metallis
858 3896 1081 3961 videtur,
1111 3915 1226 3951 cum
1260 3918 1290 3952 e
1325 3910 1481 3955 terrae
1504 3907 1609 3957 vis·

540 3968 745 4018 ceribus
765 3973 1124 4026 extrahuntur.

606 4050 671 4095 52
720 4049 871 4097 Omne
912 4066 1099 4102 sacrum
1141 4058 1357 4120 rapiente
1403 4063 1603 4129 dextra]

539 4122 755 4184 Duplici
778 4124 872 4172 hoc
895 4139 1049 4176 seusu
1074 4138 1249 4192 potest
1273 4135 1441 4200 accipi
1466 4153 1479 4186 ε
1523 4139 1607 4187 vel

540 4197 677 4262 quod
724 4213 755 4246 a
801 4200 1042 4252 Romanis
1087 4215 1364 4270 spernatur
1401 4227 1604 4278 aurum,

541 4263 687 4334 eujus
721 4276 957 4338 rapiendi
987 4293 1143 4330 causa
1173 4297 1269 4334 nec
1305 4289 1463 4337 sacris
1486 4304 1605 4352 par·
1702 4308 1707 4314 ·

1687 2537 1811 2579 cunt
1835 2530 2093 2580 homiues:
2130 2530 2212 2580 vel
2237 2529 2373 2595 quod
2395 2529 2495 2593 ipsi
2512 2529 2749 2590 Romani,

1689 2607 1859 2657 Prisci
1881 2622 2090 2671 nempe,
2108 2606 2349 2656 fortiores
2385 2613 2440 2655 et
2474 2608 2748 2655 nobiliores

1689 2698 1868 2734 aurum
1917 2683 2294 2733 contemnendo
2323 2699 2379 2733 se
2413 2683 2749 2747 praebuerint,

1689 2776 1840 2826 quam
1867 2762 2063 2826 posteri
2103 2761 2229 2811 illud
2267 2762 2333 2811 ab
2366 2762 2563 2811 exteris
2587 2760 2751 2809 natio·

1690 2838 1842 2887 nibus
1859 2838 2082 2888 devictis
2105 2837 2406 2895 auferendo,
2428 2851 2578 2887 sacra
2600 2838 2750 2886 etiam

1692 2929 1722 2963 e
1756 2916 1963 2978 templis
1984 2929 2045 2964 ac
2079 2914 2309 2978 pretiosa
2332 2914 2587 2979 quaelibet
2607 2928 2752 2963 orna·
2814 2908 2820 2911 ⁴

1690 2997 1864 3041 menta
1887 2991 1935 3040 vi
1962 3006 2218 3041 armornm
2243 2998 2297 3040 et
2318 2992 2442 3055 jure
2480 2990 2605 3039 belli
2630 2989 2752 3039 diri·

1690 3067 1899 3132 piendo.
1934 3069 2156 3131 Dionys.
2176 3069 2449 3130 Tyrannus
2473 3067 2754 3128 Syracuse-

1688 3160 1784 3194 nus
1805 3144 1929 3196 Jovi
1953 3144 2202 3208 Olympio
2225 3143 2458 3193 detraxit
2481 3142 2754 3192 amiculum

1689 3236 1921 3278 aureum,
1952 3221 2134 3270 addito
2158 3222 2316 3270 etiam
2347 3218 2593 3281 ludibrio,
2615 3217 2750 3284 quod

1690 3304 1876 3348 aestate
1898 3296 2123 3360 gravior,
2144 3296 2328 3360 hyeme
2343 3294 2588 3359 frigidior
2605 3299 2753 3344 esset.

1689 3358 1806 3425 'Vah
1824 3375 1971 3423 Max.
1995 3387 2032 3423 1.
2058 3378 2104 3423 l.
2123 3380 2231 3421 ext.
2249 3376 2296 3421 3.

1756 3454 1818 3499 53
1857 3450 2149 3512 Quicumque
2176 3448 2339 3498 mundi
2358 3448 2591 3498 terminus
2611 3448 2753 3498 obsti-

1688 3527 1771 3589 tit,
1814 3526 1919 3590 ξω]
1954 3526 2009 3575 Si
2047 3526 2163 3591 quis
2198 3533 2319 3574 ante
2359 3525 2498 3574 orbis
2537 3526 2750 3589 angulus

1688 3604 1933 3652 Romanis
1969 3603 2105 3652 haud
2147 3603 2339 3666 patuit,
2376 3602 2627 3666 deinceps
2660 3615 2749 3665 pa-

1691 3686 1822 3744 teat,
1854 3693 2019 3745 eoque
2046 3678 2284 3727 victricia
2316 3676 2545 3729 inferant
2578 3694 2747 3728 arma:

1689 3771 1781 3806 seu
1821 3756 1884 3805 ad
1922 3756 2118 3805 Zonam
2157 3754 2428 3816 torridam,
2465 3754 2557 3803 ubi
2590 3755 2748 3804 debac-

1690 3834 1886 3881 chentur
1906 3831 2060 3895 ignes,
2082 3830 2334 3894 saevitqne
2359 3836 2517 3879 aestus
2541 3846 2556 3892 3
2576 3843 2665 3879 seu
2685 3829 2745 3878 ad

1689 3907 1865 3956 mundi
1891 3908 2052 3970 polos,
2085 3906 2172 3955 ubi
2205 3906 2401 3967 ucham,
2433 3907 2644 3969 glacies,
2664 3920 2746 3967 ea·-

1686 3984 1793 4047 1igo
1847 3991 2118 4045 perpetua,
2162 3982 2314 4045 pluvii
2355 3996 2507 4043 rores,
2543 3982 2744 4031 imbres.

1687 4061 1819 4110 Vide
1845 4074 1883 4108 1.
1903 4060 2009 4112 od.
2034 4064 2116 4109 22.
2188 4059 2395 4109 Lucret.
2417 4060 2510 4110 lib.
2537 4074 2573 4110 1.
2602 4062 2744 4124 ponit

1686 4136 1844 4186 etism
1885 4138 1901 4165 ‘
1920 4136 2093 4186 rores’
2129 4150 2225 4202 pro
2250 4136 2498 4187 imbribus
2523 4144 2578 4189 et
2600 4137 2741 4202 aquis

1685 4213 1889 4278 pluviis.
2058 4205 2069 4216 ⁸
