<?xml version="1.0" encoding="UTF-8"?>
<!DOCTYPE html PUBLIC "-//W3C//DTD XHTML 1.0 Transitional//EN"
    "http://www.w3.org/TR/xhtml1/DTD/xhtml1-transitional.dtd">
<html xmlns="http://www.w3.org/1999/xhtml" xml:lang="en" lang="en">
 <head>
  <title>
</title>
<meta http-equiv="Content-Type" content="text/html;charset=utf-8" />
  <meta name='ocr-system' content='tesseract 3.04.00' />
  <meta name='ocr-capabilities' content='ocr_page ocr_carea ocr_par ocr_line ocrx_word'/>
</head>
<body>
  <div class='ocr_page' id='page_1' title='image "./quintihoratiifl00unkngoog_0107.png"; bbox 0 0 3059 4909; ppageno 0'>
   <div class='ocr_carea' id='block_1_1' title="bbox 989 389 1799 461">
    <p class='ocr_par' dir='ltr' id='par_1_1' title="bbox 989 389 1799 461">
     <span class='ocr_line' id='line_1_1' title="bbox 989 389 1799 461; baseline 0.005 -8"><span class='ocrx_word' id='word_1_1' title='bbox 989 400 1402 461; x_wconf 50' lang='lat' dir='ltr'><strong>etiamnum</strong></span> <span class='ocrx_word' id='word_1_2' title='bbox 1455 402 1598 452; x_wconf 77' lang='lat' dir='ltr'><strong>mn.</strong></span> <span class='ocrx_word' id='word_1_3' title='bbox 1643 398 1694 452; x_wconf 82' lang='grc' dir='ltr'><strong>ι.</strong></span> <span class='ocrx_word' id='word_1_4' title='bbox 1733 389 1799 457; x_wconf 78' lang='grc'><strong>’1.</strong></span> 
     </span>
    </p>
   </div>
   <div class='ocr_carea' id='block_1_2' title="bbox 2402 389 2492 456">
    <p class='ocr_par' dir='ltr' id='par_1_2' title="bbox 2402 389 2492 456">
     <span class='ocr_line' id='line_1_2' title="bbox 2402 389 2492 456; baseline 0.022 -2"><span class='ocrx_word' id='word_1_5' title='bbox 2402 389 2492 456; x_wconf 83' lang='grc'><strong>97</strong></span> 
     </span>
    </p>
   </div>
   <div class='ocr_carea' id='block_1_3' title="bbox 470 542 2293 924">
    <p class='ocr_par' dir='ltr' id='par_1_3' title="bbox 470 542 2293 924">
     <span class='ocr_line' id='line_1_3' title="bbox 473 542 2293 637; baseline 0.001 -22"><span class='ocrx_word' id='word_1_6' title='bbox 473 545 747 616; x_wconf 82' lang='lat' dir='ltr'><strong>Tiburis</strong></span> <span class='ocrx_word' id='word_1_7' title='bbox 778 549 1012 614; x_wconf 87' lang='lat' dir='ltr'><strong>umbra</strong></span> <span class='ocrx_word' id='word_1_8' title='bbox 1040 552 1157 616; x_wconf 88' lang='lat' dir='ltr'><strong>tui.</strong></span> <span class='ocrx_word' id='word_1_9' title='bbox 1240 548 1509 615; x_wconf 81' lang='lat' dir='ltr'>Teucer</span> <span class='ocrx_word' id='word_1_10' title='bbox 1538 542 1879 615; x_wconf 84' lang='lat' dir='ltr'><strong>Salamina</strong></span> <span class='ocrx_word' id='word_1_11' title='bbox 1909 542 2293 637; x_wconf 82' lang='lat' dir='ltr'><strong>patremque</strong></span> 
     </span>
     <span class='ocr_line' id='line_1_4' title="bbox 516 649 1682 736; baseline 0 -20"><span class='ocrx_word' id='word_1_12' title='bbox 516 694 526 704; x_wconf 91' lang='lat'>-</span> <span class='ocrx_word' id='word_1_13' title='bbox 562 649 733 716; x_wconf 85' lang='lat' dir='ltr'><strong>Cum</strong></span> <span class='ocrx_word' id='word_1_14' title='bbox 761 650 1033 735; x_wconf 83' lang='lat' dir='ltr'><strong>sugeret,</strong></span> <span class='ocrx_word' id='word_1_15' title='bbox 1063 656 1277 717; x_wconf 86' lang='lat' dir='ltr'><strong>tamen</strong></span> <span class='ocrx_word' id='word_1_16' title='bbox 1308 650 1441 717; x_wconf 83' lang='lat' dir='ltr'><strong>uda</strong></span> <span class='ocrx_word' id='word_1_17' title='bbox 1471 649 1682 736; x_wconf 71' lang='lat' dir='ltr'><strong>Lyaeo</strong></span> 
     </span>
     <span class='ocr_line' id='line_1_5' title="bbox 470 752 2009 841; baseline 0 -22"><span class='ocrx_word' id='word_1_18' title='bbox 470 752 808 838; x_wconf 83' lang='lat' dir='ltr'><strong>Tempora</strong></span> <span class='ocrx_word' id='word_1_19' title='bbox 837 753 1142 841; x_wconf 86' lang='lat' dir='ltr'><strong>populea</strong></span> <span class='ocrx_word' id='word_1_20' title='bbox 1170 753 1373 818; x_wconf 83' lang='lat' dir='ltr'><strong>fertur</strong></span> <span class='ocrx_word' id='word_1_21' title='bbox 1400 753 1708 819; x_wconf 80' lang='lat' dir='ltr'><strong>vinxisse</strong></span> <span class='ocrx_word' id='word_1_22' title='bbox 1737 768 2009 833; x_wconf 87' lang='lat' dir='ltr'><strong>corona,</strong></span> 
     </span>
     <span class='ocr_line' id='line_1_6' title="bbox 563 854 1541 924; baseline 0.004 -5"><span class='ocrx_word' id='word_1_23' title='bbox 563 855 682 920; x_wconf 89' lang='lat' dir='ltr'><strong>Sic</strong></span> <span class='ocrx_word' id='word_1_24' title='bbox 712 855 936 920; x_wconf 80' lang='lat' dir='ltr'><strong>tristes</strong></span> <span class='ocrx_word' id='word_1_25' title='bbox 967 854 1211 920; x_wconf 82' lang='lat' dir='ltr'><strong>affatus</strong></span> <span class='ocrx_word' id='word_1_26' title='bbox 1239 856 1541 924; x_wconf 65' lang='lat' dir='ltr'><strong>amicost</strong></span> 
     </span>
    </p>
   </div>
   <div class='ocr_carea' id='block_1_4' title="bbox 475 955 2177 1044">
    <p class='ocr_par' dir='ltr' id='par_1_4' title="bbox 475 955 2177 1044">
     <span class='ocr_line' id='line_1_7' title="bbox 475 955 2177 1044; baseline 0.002 -21"><span class='ocrx_word' id='word_1_27' title='bbox 475 956 636 1038; x_wconf 81' lang='lat' dir='ltr'><strong>Quo</strong></span> <span class='ocrx_word' id='word_1_28' title='bbox 664 976 792 1022; x_wconf 87' lang='lat' dir='ltr'><strong>nos</strong></span> <span class='ocrx_word' id='word_1_29' title='bbox 822 974 1108 1042; x_wconf 90' lang='lat' dir='ltr'><strong>cumque</strong></span> <span class='ocrx_word' id='word_1_30' title='bbox 1135 956 1302 1024; x_wconf 84' lang='lat' dir='ltr'><strong>seret</strong></span> <span class='ocrx_word' id='word_1_31' title='bbox 1330 957 1564 1024; x_wconf 86' lang='lat' dir='ltr'><strong>melior</strong></span> <span class='ocrx_word' id='word_1_32' title='bbox 1589 955 1854 1024; x_wconf 79' lang='lat' dir='ltr'><strong>fortuna</strong></span> <span class='ocrx_word' id='word_1_33' title='bbox 1880 965 2177 1044; x_wconf 83' lang='lat' dir='ltr'><strong>parente,</strong></span> 
     </span>
    </p>
   </div>
   <div class='ocr_carea' id='block_1_5' title="bbox 2309 962 2499 1030">
    <p class='ocr_par' dir='ltr' id='par_1_5' title="bbox 2309 962 2499 1030">
     <span class='ocr_line' id='line_1_8' title="bbox 2309 962 2499 1030; baseline -0.011 0"><span class='ocrx_word' id='word_1_34' title='bbox 2309 962 2499 1030; x_wconf 80' lang='lat'><strong>-25</strong></span> 
     </span>
    </p>
   </div>
   <div class='ocr_carea' id='block_1_6' title="bbox 559 1060 1603 1147">
    <p class='ocr_par' dir='ltr' id='par_1_6' title="bbox 559 1060 1603 1147">
     <span class='ocr_line' id='line_1_9' title="bbox 559 1060 1603 1147; baseline 0.003 -23"><span class='ocrx_word' id='word_1_35' title='bbox 559 1060 838 1139; x_wconf 90' lang='lat' dir='ltr'><strong>Ibimus,</strong></span> <span class='ocrx_word' id='word_1_36' title='bbox 868 1079 910 1125; x_wconf 99' lang='lat' dir='ltr'><strong>o</strong></span> <span class='ocrx_word' id='word_1_37' title='bbox 939 1060 1112 1126; x_wconf 87' lang='lat' dir='ltr'><strong>socii</strong></span> <span class='ocrx_word' id='word_1_38' title='bbox 1145 1060 1603 1147; x_wconf 80' lang='lat' dir='ltr'><strong>comitesque:</strong></span> 
     </span>
    </p>
   </div>
   <div class='ocr_carea' id='block_1_7' title="bbox 296 1205 2501 1341">
    <p class='ocr_par' dir='ltr' id='par_1_7' title="bbox 296 1205 2501 1341">
     <span class='ocr_line' id='line_1_10' title="bbox 296 1205 2500 1273; baseline 0.001 -18"><span class='ocrx_word' id='word_1_39' title='bbox 296 1205 432 1267; x_wconf 73' lang='lat' dir='ltr'><strong>giem</strong></span> <span class='ocrx_word' id='word_1_40' title='bbox 449 1213 638 1272; x_wconf 65' lang='lat' dir='ltr'><strong>meres·</strong></span> <span class='ocrx_word' id='word_1_41' title='bbox 658 1213 798 1273; x_wconf 73' lang='lat' dir='ltr'><strong>atque</strong></span> <span class='ocrx_word' id='word_1_42' title='bbox 821 1207 1065 1259; x_wconf 70' lang='lat' dir='ltr'><strong>&amp;lamina</strong></span> <span class='ocrx_word' id='word_1_43' title='bbox 1085 1207 1265 1258; x_wconf 75' lang='lat' dir='ltr'><strong>dicitur</strong></span> <span class='ocrx_word' id='word_1_44' title='bbox 1284 1205 1590 1259; x_wconf 66' lang='lat' dir='ltr'><strong>nihilominus</strong></span> <span class='ocrx_word' id='word_1_45' title='bbox 1610 1208 1750 1270; x_wconf 77' lang='lat' dir='ltr'><strong>caput</strong></span> <span class='ocrx_word' id='word_1_46' title='bbox 1765 1207 1877 1257; x_wconf 72' lang='lat' dir='ltr'><strong>vino</strong></span> <span class='ocrx_word' id='word_1_47' title='bbox 1893 1209 2130 1265; x_wconf 72' lang='lat' dir='ltr'><strong>madidum</strong></span> <span class='ocrx_word' id='word_1_48' title='bbox 2146 1209 2351 1260; x_wconf 69' lang='lat' dir='ltr'><strong>cinxisse</strong></span> <span class='ocrx_word' id='word_1_49' title='bbox 2371 1224 2500 1258; x_wconf 82' lang='lat' dir='ltr'><strong>coro·</strong></span> 
     </span>
     <span class='ocr_line' id='line_1_11' title="bbox 299 1271 2501 1341; baseline 0.002 -22"><span class='ocrx_word' id='word_1_50' title='bbox 299 1285 360 1320; x_wconf 70' lang='lat' dir='ltr'><strong>aa</strong></span> <span class='ocrx_word' id='word_1_51' title='bbox 388 1275 606 1339; x_wconf 75' lang='lat' dir='ltr'><strong>populea,</strong></span> <span class='ocrx_word' id='word_1_52' title='bbox 635 1274 705 1324; x_wconf 84' lang='lat' dir='ltr'><strong>sic</strong></span> <span class='ocrx_word' id='word_1_53' title='bbox 736 1274 965 1325; x_wconf 76' lang='lat' dir='ltr'><strong>allocutus</strong></span> <span class='ocrx_word' id='word_1_54' title='bbox 985 1278 1229 1325; x_wconf 80' lang='lat' dir='ltr'><strong>moereates</strong></span> <span class='ocrx_word' id='word_1_55' title='bbox 1248 1271 1450 1323; x_wconf 78' lang='lat' dir='ltr'><strong>amicos.-</strong></span> <span class='ocrx_word' id='word_1_56' title='bbox 1484 1288 1512 1322; x_wconf 93' lang='lat' dir='ltr'><strong>o</strong></span> <span class='ocrx_word' id='word_1_57' title='bbox 1525 1273 1645 1323; x_wconf 80' lang='lat' dir='ltr'><strong>socii</strong></span> <span class='ocrx_word' id='word_1_58' title='bbox 1665 1278 1713 1323; x_wconf 83' lang='lat' dir='ltr'><strong>et</strong></span> <span class='ocrx_word' id='word_1_59' title='bbox 1732 1273 1926 1324; x_wconf 75' lang='lat' dir='ltr'><strong>comites</strong></span> <span class='ocrx_word' id='word_1_60' title='bbox 1949 1289 2201 1341; x_wconf 76' lang='lat' dir='ltr'><strong>pergemus</strong></span> <span class='ocrx_word' id='word_1_61' title='bbox 2224 1288 2501 1339; x_wconf 74' lang='lat' dir='ltr'><strong>quocumque</strong></span> 
     </span>
    </p>
   </div>
   <div class='ocr_carea' id='block_1_8' title="bbox 1221 1399 1587 1423">
    <p class='ocr_par' dir='ltr' id='par_1_8' title="bbox 1221 1399 1587 1423">
     <span class='ocr_line' id='line_1_12' title="bbox 1221 1399 1587 1423; baseline -0.005 0"><span class='ocrx_word' id='word_1_62' title='bbox 1221 1400 1341 1423; x_wconf 50' lang='lat'><strong>‘000</strong></span> <span class='ocrx_word' id='word_1_63' title='bbox 1345 1399 1554 1423; x_wconf 54' lang='lat' dir='ltr'><strong>cuneo</strong></span> <span class='ocrx_word' id='word_1_64' title='bbox 1557 1399 1587 1421; x_wconf 71' lang='lat'><em>0</em></span> 
     </span>
    </p>
   </div>
   <div class='ocr_carea' id='block_1_9' title="bbox 297 1481 2505 1620">
    <p class='ocr_par' dir='ltr' id='par_1_9' title="bbox 297 1481 2505 1620">
     <span class='ocr_line' id='line_1_13' title="bbox 297 1481 2505 1551; baseline 0.004 -22"><span class='ocrx_word' id='word_1_65' title='bbox 297 1481 506 1547; x_wconf 69' lang='lat' dir='ltr'><strong>viteque</strong></span> <span class='ocrx_word' id='word_1_66' title='bbox 524 1485 739 1544; x_wconf 58' lang='lat' dir='ltr'><strong>dolorem</strong></span> <span class='ocrx_word' id='word_1_67' title='bbox 787 1484 931 1548; x_wconf 87' lang='lat' dir='ltr'><strong>Lips.</strong></span> <span class='ocrx_word' id='word_1_68' title='bbox 948 1488 998 1535; x_wconf 76' lang='grc'><strong>4.</strong></span> <span class='ocrx_word' id='word_1_69' title='bbox 1016 1485 1220 1551; x_wconf 71' lang='lat' dir='ltr'><strong>vitaque</strong></span> <span class='ocrx_word' id='word_1_70' title='bbox 1240 1485 1593 1537; x_wconf 65' lang='lat' dir='ltr'><strong>laborem—28</strong></span> <span class='ocrx_word' id='word_1_71' title='bbox 1629 1483 1775 1547; x_wconf 82' lang='lat' dir='ltr'><strong>Lips.</strong></span> <span class='ocrx_word' id='word_1_72' title='bbox 1798 1489 1847 1535; x_wconf 85' lang='lat'><strong>1.</strong></span> <span class='ocrx_word' id='word_1_73' title='bbox 1871 1490 1926 1536; x_wconf 90' lang='lat' dir='ltr'><strong>et</strong></span> <span class='ocrx_word' id='word_1_74' title='bbox 1946 1485 2191 1551; x_wconf 85' lang='lat' dir='ltr'><strong>Rutgers.</strong></span> <span class='ocrx_word' id='word_1_75' title='bbox 2219 1486 2429 1551; x_wconf 76' lang='lat' dir='ltr'><strong>populna</strong></span> <span class='ocrx_word' id='word_1_76' title='bbox 2453 1485 2505 1546; x_wconf 83' lang='lat' dir='ltr'><strong>f.</strong></span> 
     </span>
     <span class='ocr_line' id='line_1_14' title="bbox 297 1550 2504 1620; baseline 0.002 -24"><span class='ocrx_word' id='word_1_77' title='bbox 297 1561 346 1596; x_wconf 84' lang='lat' dir='ltr'><strong>o.</strong></span> <span class='ocrx_word' id='word_1_78' title='bbox 371 1554 694 1600; x_wconf 68' lang='lat' dir='ltr'><strong>corvam-25</strong></span> <span class='ocrx_word' id='word_1_79' title='bbox 730 1550 953 1604; x_wconf 83' lang='lat' dir='ltr'><strong>Quidam</strong></span> <span class='ocrx_word' id='word_1_80' title='bbox 976 1565 1061 1616; x_wconf 75' lang='lat' dir='ltr'><strong>ap.</strong></span> <span class='ocrx_word' id='word_1_81' title='bbox 1078 1551 1195 1603; x_wconf 80' lang='lat' dir='ltr'><strong>Jan.</strong></span> <span class='ocrx_word' id='word_1_82' title='bbox 1215 1552 1553 1617; x_wconf 53' lang='grc' dir='ltr'><strong>μαντικῇ-26</strong></span> <span class='ocrx_word' id='word_1_83' title='bbox 1573 1550 1845 1602; x_wconf 86' lang='lat' dir='ltr'><strong>Bentleius</strong></span> <span class='ocrx_word' id='word_1_84' title='bbox 1866 1550 2085 1620; x_wconf 78' lang='lat' dir='ltr'><strong>ejusque</strong></span> <span class='ocrx_word' id='word_1_85' title='bbox 2109 1553 2323 1603; x_wconf 65' lang='lat' dir='ltr'><strong>asseclae</strong></span> <span class='ocrx_word' id='word_1_86' title='bbox 2344 1552 2504 1602; x_wconf 89' lang='lat' dir='ltr'><strong>inter·</strong></span> 
     </span>
    </p>
   </div>
   <div class='ocr_carea' id='block_1_10' title="bbox 1291 1664 1514 1719">
    <p class='ocr_par' dir='ltr' id='par_1_10' title="bbox 1291 1664 1514 1719">
     <span class='ocr_line' id='line_1_15' title="bbox 1291 1664 1514 1719; baseline -0.009 0"><span class='ocrx_word' id='word_1_87' title='bbox 1291 1664 1514 1719; x_wconf 82' lang='lat' dir='ltr'><strong>NOTAE</strong></span> 
     </span>
    </p>
   </div>
   <div class='ocr_carea' id='block_1_11' title="bbox 230 1762 1372 4128">
    <p class='ocr_par' dir='ltr' id='par_1_11' title="bbox 295 1762 1366 2671">
     <span class='ocr_line' id='line_1_16' title="bbox 297 1762 1364 1831; baseline 0.005 -22"><span class='ocrx_word' id='word_1_88' title='bbox 297 1774 403 1831; x_wconf 79' lang='lat' dir='ltr'><strong>rem</strong></span> <span class='ocrx_word' id='word_1_89' title='bbox 429 1768 761 1815; x_wconf 79' lang='lat' dir='ltr'><strong>asseverent.·</strong></span> <span class='ocrx_word' id='word_1_90' title='bbox 809 1762 864 1814; x_wconf 80' lang='lat' dir='ltr'><strong>Is</strong></span> <span class='ocrx_word' id='word_1_91' title='bbox 899 1778 1053 1829; x_wconf 78' lang='lat' dir='ltr'><strong>porro</strong></span> <span class='ocrx_word' id='word_1_92' title='bbox 1086 1777 1187 1816; x_wconf 86' lang='lat' dir='ltr'><strong>non</strong></span> <span class='ocrx_word' id='word_1_93' title='bbox 1222 1765 1364 1815; x_wconf 80' lang='lat' dir='ltr'><strong>leves</strong></span> 
     </span>
     <span class='ocr_line' id='line_1_17' title="bbox 297 1833 1363 1900; baseline 0.005 -15"><span class='ocrx_word' id='word_1_94' title='bbox 297 1833 563 1900; x_wconf 84' lang='lat' dir='ltr'><strong>putandus</strong></span> <span class='ocrx_word' id='word_1_95' title='bbox 600 1838 806 1890; x_wconf 87' lang='lat' dir='ltr'><strong>labores</strong></span> <span class='ocrx_word' id='word_1_96' title='bbox 845 1841 1146 1891; x_wconf 71' lang='lat' dir='ltr'><strong>exhausisse</strong></span> <span class='ocrx_word' id='word_1_97' title='bbox 1186 1840 1239 1890; x_wconf 90' lang='lat' dir='ltr'><strong>in</strong></span> <span class='ocrx_word' id='word_1_98' title='bbox 1283 1846 1363 1890; x_wconf 86' lang='lat' dir='ltr'><strong>tot</strong></span> 
     </span>
     <span class='ocr_line' id='line_1_18' title="bbox 299 1911 1362 1983; baseline 0.005 -21"><span class='ocrx_word' id='word_1_99' title='bbox 299 1911 541 1963; x_wconf 75' lang='lat' dir='ltr'><strong>civilibus</strong></span> <span class='ocrx_word' id='word_1_100' title='bbox 586 1916 909 1980; x_wconf 81' lang='lat' dir='ltr'><strong>tumultibus,</strong></span> <span class='ocrx_word' id='word_1_101' title='bbox 958 1917 1144 1983; x_wconf 86' lang='lat' dir='ltr'><strong>quibus</strong></span> <span class='ocrx_word' id='word_1_102' title='bbox 1188 1915 1362 1979; x_wconf 83' lang='lat' dir='ltr'><strong>Impe-</strong></span> 
     </span>
     <span class='ocr_line' id='line_1_19' title="bbox 296 1989 1363 2058; baseline 0.003 -18"><span class='ocrx_word' id='word_1_103' title='bbox 296 1989 430 2040; x_wconf 83' lang='lat' dir='ltr'><strong>rium</strong></span> <span class='ocrx_word' id='word_1_104' title='bbox 455 1991 744 2042; x_wconf 79' lang='lat' dir='ltr'><strong>Romanum</strong></span> <span class='ocrx_word' id='word_1_105' title='bbox 769 2008 860 2045; x_wconf 88' lang='lat' dir='ltr'><strong>suo</strong></span> <span class='ocrx_word' id='word_1_106' title='bbox 885 2003 1121 2058; x_wconf 79' lang='lat' dir='ltr'><strong>tempore</strong></span> <span class='ocrx_word' id='word_1_107' title='bbox 1148 2007 1363 2044; x_wconf 85' lang='lat' dir='ltr'><strong>concus-</strong></span> 
     </span>
     <span class='ocr_line' id='line_1_20' title="bbox 297 2069 1363 2134; baseline 0.003 -18"><span class='ocrx_word' id='word_1_108' title='bbox 297 2080 410 2116; x_wconf 84' lang='lat' dir='ltr'><strong>sum</strong></span> <span class='ocrx_word' id='word_1_109' title='bbox 450 2074 555 2131; x_wconf 87' lang='lat' dir='ltr'><strong>est,</strong></span> <span class='ocrx_word' id='word_1_110' title='bbox 595 2075 752 2134; x_wconf 82' lang='lat' dir='ltr'><strong>atque</strong></span> <span class='ocrx_word' id='word_1_111' title='bbox 786 2069 839 2121; x_wconf 89' lang='lat' dir='ltr'><strong>in</strong></span> <span class='ocrx_word' id='word_1_112' title='bbox 877 2078 957 2120; x_wconf 90' lang='lat' dir='ltr'><strong>tot</strong></span> <span class='ocrx_word' id='word_1_113' title='bbox 999 2083 1169 2121; x_wconf 88' lang='lat' dir='ltr'><strong>rerum</strong></span> <span class='ocrx_word' id='word_1_114' title='bbox 1198 2076 1363 2119; x_wconf 86' lang='lat' dir='ltr'><strong>muta-</strong></span> 
     </span>
     <span class='ocr_line' id='line_1_21' title="bbox 297 2144 1365 2209; baseline -0.001 -12"><span class='ocrx_word' id='word_1_115' title='bbox 297 2144 547 2198; x_wconf 76' lang='lat' dir='ltr'><strong>tionibus.</strong></span> <span class='ocrx_word' id='word_1_116' title='bbox 628 2146 753 2209; x_wconf 77' lang='lat' dir='ltr'><strong>Ipse</strong></span> <span class='ocrx_word' id='word_1_117' title='bbox 807 2145 1046 2196; x_wconf 87' lang='lat' dir='ltr'><strong>nimirum</strong></span> <span class='ocrx_word' id='word_1_118' title='bbox 1094 2160 1126 2196; x_wconf 87' lang='lat' dir='ltr'><strong>a</strong></span> <span class='ocrx_word' id='word_1_119' title='bbox 1168 2145 1365 2196; x_wconf 87' lang='lat' dir='ltr'><strong>Senatu</strong></span> 
     </span>
     <span class='ocr_line' id='line_1_22' title="bbox 298 2221 1366 2287; baseline -0.002 -13"><span class='ocrx_word' id='word_1_120' title='bbox 298 2225 525 2287; x_wconf 83' lang='lat' dir='ltr'><strong>primum</strong></span> <span class='ocrx_word' id='word_1_121' title='bbox 563 2223 737 2286; x_wconf 85' lang='lat' dir='ltr'><strong>stetit,</strong></span> <span class='ocrx_word' id='word_1_122' title='bbox 771 2222 961 2274; x_wconf 89' lang='lat' dir='ltr'><strong>deinde</strong></span> <span class='ocrx_word' id='word_1_123' title='bbox 998 2222 1063 2272; x_wconf 85' lang='lat' dir='ltr'><strong>ad</strong></span> <span class='ocrx_word' id='word_1_124' title='bbox 1099 2223 1177 2273; x_wconf 88' lang='lat' dir='ltr'><strong>M.</strong></span> <span class='ocrx_word' id='word_1_125' title='bbox 1201 2221 1366 2273; x_wconf 87' lang='lat' dir='ltr'><strong>Anto·</strong></span> 
     </span>
     <span class='ocr_line' id='line_1_23' title="bbox 298 2296 1363 2363; baseline -0.001 -13"><span class='ocrx_word' id='word_1_126' title='bbox 298 2300 441 2351; x_wconf 82' lang='lat' dir='ltr'><strong>nium</strong></span> <span class='ocrx_word' id='word_1_127' title='bbox 476 2296 698 2361; x_wconf 81' lang='lat' dir='ltr'><strong>defecit,</strong></span> <span class='ocrx_word' id='word_1_128' title='bbox 742 2306 924 2362; x_wconf 85' lang='lat' dir='ltr'><strong>postea</strong></span> <span class='ocrx_word' id='word_1_129' title='bbox 966 2298 1031 2348; x_wconf 85' lang='lat' dir='ltr'><strong>ad</strong></span> <span class='ocrx_word' id='word_1_130' title='bbox 1070 2296 1363 2363; x_wconf 71' lang='lat' dir='ltr'><strong>Augustum</strong></span> 
     </span>
     <span class='ocr_line' id='line_1_24' title="bbox 297 2374 1361 2440; baseline -0.003 -12"><span class='ocrx_word' id='word_1_131' title='bbox 297 2377 563 2428; x_wconf 77' lang='lat' dir='ltr'><strong>Caesarem</strong></span> <span class='ocrx_word' id='word_1_132' title='bbox 605 2375 907 2440; x_wconf 81' lang='lat' dir='ltr'><strong>transfugit.</strong></span> <span class='ocrx_word' id='word_1_133' title='bbox 975 2374 1112 2426; x_wconf 87' lang='lat' dir='ltr'><strong>Vell.</strong></span> <span class='ocrx_word' id='word_1_134' title='bbox 1148 2375 1361 2425; x_wconf 81' lang='lat' dir='ltr'><strong>Patere.</strong></span> 
     </span>
     <span class='ocr_line' id='line_1_25' title="bbox 295 2446 1362 2505; baseline -0.003 -3"><span class='ocrx_word' id='word_1_135' title='bbox 295 2452 390 2504; x_wconf 89' lang='lat' dir='ltr'><strong>lib.</strong></span> <span class='ocrx_word' id='word_1_136' title='bbox 424 2465 492 2505; x_wconf 86' lang='lat'><strong>11.</strong></span> <span class='ocrx_word' id='word_1_137' title='bbox 560 2446 761 2502; x_wconf 80' lang='lat' dir='ltr'><strong>Extant</strong></span> <span class='ocrx_word' id='word_1_138' title='bbox 796 2449 1062 2501; x_wconf 84' lang='lat' dir='ltr'><strong>Ciceronis</strong></span> <span class='ocrx_word' id='word_1_139' title='bbox 1098 2449 1164 2500; x_wconf 84' lang='lat' dir='ltr'><strong>ad</strong></span> <span class='ocrx_word' id='word_1_140' title='bbox 1203 2451 1362 2502; x_wconf 91' lang='lat' dir='ltr'><strong>Plan·</strong></span> 
     </span>
     <span class='ocr_line' id='line_1_26' title="bbox 297 2527 1365 2590; baseline -0.004 -9"><span class='ocrx_word' id='word_1_141' title='bbox 297 2543 420 2581; x_wconf 88' lang='lat' dir='ltr'><strong>cum</strong></span> <span class='ocrx_word' id='word_1_142' title='bbox 454 2529 634 2590; x_wconf 87' lang='lat' dir='ltr'><strong>istum,</strong></span> <span class='ocrx_word' id='word_1_143' title='bbox 670 2535 726 2578; x_wconf 89' lang='lat' dir='ltr'><strong>et</strong></span> <span class='ocrx_word' id='word_1_144' title='bbox 758 2527 943 2578; x_wconf 86' lang='lat' dir='ltr'><strong>Planci</strong></span> <span class='ocrx_word' id='word_1_145' title='bbox 966 2527 1031 2577; x_wconf 91' lang='lat' dir='ltr'><strong>ad</strong></span> <span class='ocrx_word' id='word_1_146' title='bbox 1057 2527 1365 2582; x_wconf 82' lang='lat' dir='ltr'><strong>Ciceronem</strong></span> 
     </span>
     <span class='ocr_line' id='line_1_27' title="bbox 300 2600 955 2671; baseline -0.006 -13"><span class='ocrx_word' id='word_1_147' title='bbox 300 2600 554 2671; x_wconf 79' lang='lat' dir='ltr'><strong>Epistolae</strong></span> <span class='ocrx_word' id='word_1_148' title='bbox 577 2605 955 2671; x_wconf 76' lang='lat' dir='ltr'><strong>perelegantes.</strong></span> 
     </span>
    </p>

    <p class='ocr_par' dir='ltr' id='par_1_12' title="bbox 299 2681 1371 3434">
     <span class='ocr_line' id='line_1_28' title="bbox 365 2681 1366 2749; baseline -0.005 -13"><span class='ocrx_word' id='word_1_149' title='bbox 365 2686 467 2736; x_wconf 75' lang='lat' dir='ltr'><strong>Seu</strong></span> <span class='ocrx_word' id='word_1_150' title='bbox 487 2691 537 2737; x_wconf 74' lang='lat' dir='ltr'><strong>te</strong></span> <span class='ocrx_word' id='word_1_151' title='bbox 557 2684 806 2749; x_wconf 71' lang='lat' dir='ltr'><strong>fulgentia</strong></span> <span class='ocrx_word' id='word_1_152' title='bbox 827 2683 1124 2748; x_wconf 57' lang='lat' dir='ltr'><strong>signassent]</strong></span> <span class='ocrx_word' id='word_1_153' title='bbox 1149 2682 1271 2733; x_wconf 86' lang='lat' dir='ltr'><strong>Sive</strong></span> <span class='ocrx_word' id='word_1_154' title='bbox 1295 2681 1366 2732; x_wconf 84' lang='lat' dir='ltr'><strong>sis</strong></span> 
     </span>
     <span class='ocr_line' id='line_1_29' title="bbox 299 2760 1365 2827; baseline -0.006 -12"><span class='ocrx_word' id='word_1_155' title='bbox 299 2763 525 2827; x_wconf 71' lang='lat' dir='ltr'><strong>militias,</strong></span> <span class='ocrx_word' id='word_1_156' title='bbox 542 2763 650 2811; x_wconf 82' lang='lat' dir='ltr'><strong>sive</strong></span> <span class='ocrx_word' id='word_1_157' title='bbox 672 2761 835 2823; x_wconf 89' lang='lat' dir='ltr'><strong>domi,</strong></span> <span class='ocrx_word' id='word_1_158' title='bbox 862 2768 918 2810; x_wconf 90' lang='lat' dir='ltr'><strong>et</strong></span> <span class='ocrx_word' id='word_1_159' title='bbox 940 2762 993 2811; x_wconf 90' lang='lat' dir='ltr'><strong>in</strong></span> <span class='ocrx_word' id='word_1_160' title='bbox 1020 2761 1144 2811; x_wconf 82' lang='lat' dir='ltr'><strong>villa</strong></span> <span class='ocrx_word' id='word_1_161' title='bbox 1167 2769 1259 2810; x_wconf 82' lang='lat' dir='ltr'><strong>tua</strong></span> <span class='ocrx_word' id='word_1_162' title='bbox 1277 2760 1365 2809; x_wconf 90' lang='lat' dir='ltr'><strong>Ti-</strong></span> 
     </span>
     <span class='ocr_line' id='line_1_30' title="bbox 301 2836 1365 2910; baseline -0.004 -17"><span class='ocrx_word' id='word_1_163' title='bbox 301 2836 533 2910; x_wconf 75' lang='lat' dir='ltr'><strong>burtina.</strong></span> <span class='ocrx_word' id='word_1_164' title='bbox 617 2840 880 2903; x_wconf 74' lang='lat' dir='ltr'><strong>Fulgentia</strong></span> <span class='ocrx_word' id='word_1_165' title='bbox 918 2840 1100 2904; x_wconf 80' lang='lat' dir='ltr'><strong>castra]</strong></span> <span class='ocrx_word' id='word_1_166' title='bbox 1156 2839 1365 2906; x_wconf 70' lang='lat' dir='ltr'><strong>Qornel.</strong></span> 
     </span>
     <span class='ocr_line' id='line_1_31' title="bbox 299 2915 1367 2981; baseline -0.007 -9"><span class='ocrx_word' id='word_1_167' title='bbox 299 2922 427 2972; x_wconf 82' lang='lat' dir='ltr'><strong>Tac.</strong></span> <span class='ocrx_word' id='word_1_168' title='bbox 467 2917 658 2969; x_wconf 83' lang='lat' dir='ltr'><strong>Annal.</strong></span> <span class='ocrx_word' id='word_1_169' title='bbox 688 2931 781 2968; x_wconf 84' lang='lat' dir='ltr'><strong>xv.</strong></span> <span class='ocrx_word' id='word_1_170' title='bbox 815 2918 832 2946; x_wconf 75' lang='lat'>⁸</span> <span class='ocrx_word' id='word_1_171' title='bbox 857 2916 1194 2980; x_wconf 83' lang='lat' dir='ltr'><strong>Fulgentibus</strong></span> <span class='ocrx_word' id='word_1_172' title='bbox 1226 2915 1367 2981; x_wconf 88' lang='lat' dir='ltr'><strong>aqui·</strong></span> 
     </span>
     <span class='ocr_line' id='line_1_32' title="bbox 299 2993 1371 3061; baseline -0.003 -15"><span class='ocrx_word' id='word_1_173' title='bbox 299 2997 386 3059; x_wconf 85' lang='lat' dir='ltr'><strong>lis,</strong></span> <span class='ocrx_word' id='word_1_174' title='bbox 420 2994 702 3061; x_wconf 81' lang='lat' dir='ltr'><strong>signisque,</strong></span> <span class='ocrx_word' id='word_1_175' title='bbox 729 2999 787 3045; x_wconf 89' lang='lat' dir='ltr'><strong>et</strong></span> <span class='ocrx_word' id='word_1_176' title='bbox 809 2993 1099 3044; x_wconf 78' lang='lat' dir='ltr'><strong>simulacris</strong></span> <span class='ocrx_word' id='word_1_177' title='bbox 1121 2993 1289 3044; x_wconf 89' lang='lat' dir='ltr'><strong>Deum</strong></span> <span class='ocrx_word' id='word_1_178' title='bbox 1312 2994 1371 3053; x_wconf 81' lang='lat' dir='ltr'><strong>in</strong></span> 
     </span>
     <span class='ocr_line' id='line_1_33' title="bbox 302 3071 1368 3138; baseline -0.003 -13"><span class='ocrx_word' id='word_1_179' title='bbox 302 3074 512 3137; x_wconf 73' lang='lat' dir='ltr'><strong>modum</strong></span> <span class='ocrx_word' id='word_1_180' title='bbox 536 3071 754 3138; x_wconf 63' lang='lat' dir='ltr'><strong>templi?</strong></span> <span class='ocrx_word' id='word_1_181' title='bbox 815 3073 986 3129; x_wconf 87' lang='lat' dir='ltr'><strong>Porro</strong></span> <span class='ocrx_word' id='word_1_182' title='bbox 1009 3073 1157 3135; x_wconf 84' lang='lat' dir='ltr'><strong>signa</strong></span> <span class='ocrx_word' id='word_1_183' title='bbox 1178 3071 1368 3122; x_wconf 80' lang='lat' dir='ltr'><strong>milita·</strong></span> 
     </span>
     <span class='ocr_line' id='line_1_34' title="bbox 301 3148 1368 3214; baseline -0.003 -13"><span class='ocrx_word' id='word_1_184' title='bbox 301 3153 385 3201; x_wconf 83' lang='lat' dir='ltr'><strong>ria</strong></span> <span class='ocrx_word' id='word_1_185' title='bbox 424 3165 520 3202; x_wconf 88' lang='lat' dir='ltr'><strong>seu</strong></span> <span class='ocrx_word' id='word_1_186' title='bbox 560 3151 754 3201; x_wconf 80' lang='lat' dir='ltr'><strong>vexilla</strong></span> <span class='ocrx_word' id='word_1_187' title='bbox 798 3157 938 3213; x_wconf 89' lang='lat' dir='ltr'><strong>sunt,</strong></span> <span class='ocrx_word' id='word_1_188' title='bbox 987 3148 1194 3214; x_wconf 76' lang='lat' dir='ltr'><strong>aquilae,</strong></span> <span class='ocrx_word' id='word_1_189' title='bbox 1248 3148 1368 3198; x_wconf 88' lang='lat' dir='ltr'><strong>dra·</strong></span> 
     </span>
     <span class='ocr_line' id='line_1_35' title="bbox 305 3224 1370 3292; baseline -0.002 -14"><span class='ocrx_word' id='word_1_190' title='bbox 305 3242 483 3291; x_wconf 86' lang='lat' dir='ltr'><strong>eones,</strong></span> <span class='ocrx_word' id='word_1_191' title='bbox 501 3226 637 3291; x_wconf 79' lang='lat' dir='ltr'><strong>apri,</strong></span> <span class='ocrx_word' id='word_1_192' title='bbox 652 3225 783 3291; x_wconf 85' lang='lat' dir='ltr'><strong>lupi,</strong></span> <span class='ocrx_word' id='word_1_193' title='bbox 798 3224 937 3292; x_wconf 90' lang='lat' dir='ltr'><strong>equi,</strong></span> <span class='ocrx_word' id='word_1_194' title='bbox 961 3224 1258 3290; x_wconf 80' lang='lat' dir='ltr'><strong>minotauri,</strong></span> <span class='ocrx_word' id='word_1_195' title='bbox 1270 3228 1370 3276; x_wconf 72' lang='lat' dir='ltr'><strong>&amp;c-</strong></span> 
     </span>
     <span class='ocr_line' id='line_1_36' title="bbox 305 3305 1368 3370; baseline -0.003 -13"><span class='ocrx_word' id='word_1_196' title='bbox 305 3306 443 3357; x_wconf 81' lang='lat' dir='ltr'><strong>Vide</strong></span> <span class='ocrx_word' id='word_1_197' title='bbox 465 3307 657 3370; x_wconf 85' lang='lat' dir='ltr'><strong>Veget.</strong></span> <span class='ocrx_word' id='word_1_198' title='bbox 696 3305 765 3355; x_wconf 91' lang='lat' dir='ltr'><strong>de</strong></span> <span class='ocrx_word' id='word_1_199' title='bbox 804 3306 882 3357; x_wconf 85' lang='lat' dir='ltr'><strong>Re</strong></span> <span class='ocrx_word' id='word_1_200' title='bbox 921 3305 1081 3359; x_wconf 87' lang='lat' dir='ltr'><strong>Milit.</strong></span> <span class='ocrx_word' id='word_1_201' title='bbox 1103 3308 1278 3356; x_wconf 57' lang='lat'><strong>11:18.</strong></span> <span class='ocrx_word' id='word_1_202' title='bbox 1309 3312 1368 3355; x_wconf 89' lang='lat' dir='ltr'><strong>et</strong></span> 
     </span>
     <span class='ocr_line' id='line_1_37' title="bbox 305 3383 787 3434; baseline 0.002 -2"><span class='ocrx_word' id='word_1_203' title='bbox 305 3395 391 3434; x_wconf 87' lang='grc' dir='ltr'><strong>ιιι.</strong></span> <span class='ocrx_word' id='word_1_204' title='bbox 414 3389 467 3434; x_wconf 83' lang='grc'><strong>6.</strong></span> <span class='ocrx_word' id='word_1_205' title='bbox 494 3383 636 3433; x_wconf 86' lang='lat' dir='ltr'><strong>Plin.</strong></span> <span class='ocrx_word' id='word_1_206' title='bbox 658 3395 716 3433; x_wconf 85' lang='lat' dir='ltr'><strong>x.</strong></span> <span class='ocrx_word' id='word_1_207' title='bbox 735 3385 787 3433; x_wconf 76' lang='grc'><strong>4.</strong></span> 
     </span>
    </p>

    <p class='ocr_par' dir='ltr' id='par_1_13' title="bbox 230 3455 1368 3598">
     <span class='ocr_line' id='line_1_38' title="bbox 230 3455 1367 3527; baseline -0.005 -16"><span class='ocrx_word' id='word_1_208' title='bbox 230 3520 241 3527; x_wconf 25' lang='grc' dir='ltr'><em>Α</em></span> <span class='ocrx_word' id='word_1_209' title='bbox 367 3461 432 3511; x_wconf 76' lang='grc'><strong>21</strong></span> <span class='ocrx_word' id='word_1_210' title='bbox 472 3457 854 3508; x_wconf 70' lang='grc' dir='ltr'><strong>Ίῖὺιήειηιιὺνα</strong></span> <span class='ocrx_word' id='word_1_211' title='bbox 875 3455 972 3520; x_wconf 71' lang='lat' dir='ltr'><strong>tut]</strong></span> <span class='ocrx_word' id='word_1_212' title='bbox 1003 3459 1241 3508; x_wconf 87' lang='lat' dir='ltr'><strong>Densum</strong></span> <span class='ocrx_word' id='word_1_213' title='bbox 1276 3470 1367 3505; x_wconf 89' lang='lat' dir='ltr'><strong>no-</strong></span> 
     </span>
     <span class='ocr_line' id='line_1_39' title="bbox 307 3533 1368 3598; baseline 0.001 -14"><span class='ocrx_word' id='word_1_214' title='bbox 307 3537 385 3584; x_wconf 83' lang='lat' dir='ltr'><strong>tat</strong></span> <span class='ocrx_word' id='word_1_215' title='bbox 406 3533 543 3584; x_wconf 76' lang='lat' dir='ltr'><strong>vtnae</strong></span> <span class='ocrx_word' id='word_1_216' title='bbox 564 3547 769 3595; x_wconf 85' lang='lat' dir='ltr'><strong>nemus,</strong></span> <span class='ocrx_word' id='word_1_217' title='bbox 794 3533 933 3598; x_wconf 88' lang='lat' dir='ltr'><strong>quod</strong></span> <span class='ocrx_word' id='word_1_218' title='bbox 957 3533 1186 3583; x_wconf 85' lang='lat' dir='ltr'><strong>umbram</strong></span> <span class='ocrx_word' id='word_1_219' title='bbox 1211 3547 1368 3585; x_wconf 81' lang='lat' dir='ltr'><strong>amoe-</strong></span> 
     </span>
    </p>

    <p class='ocr_par' dir='ltr' id='par_1_14' title="bbox 306 3609 1367 3675">
     <span class='ocr_line' id='line_1_40' title="bbox 306 3609 1367 3675; baseline 0.004 -16"><span class='ocrx_word' id='word_1_220' title='bbox 306 3624 421 3660; x_wconf 82' lang='lat' dir='ltr'><strong>nam</strong></span> <span class='ocrx_word' id='word_1_221' title='bbox 464 3609 838 3675; x_wconf 71' lang='lat' dir='ltr'><strong>pmtenderet.</strong></span> <span class='ocrx_word' id='word_1_222' title='bbox 924 3609 1062 3661; x_wconf 81' lang='lat' dir='ltr'><strong>Vide</strong></span> <span class='ocrx_word' id='word_1_223' title='bbox 1106 3616 1290 3674; x_wconf 81' lang='lat' dir='ltr'><strong>postea</strong></span> <span class='ocrx_word' id='word_1_224' title='bbox 1310 3624 1367 3663; x_wconf 61' lang='grc' dir='ltr'><strong>Δ.</strong></span> 
     </span>
    </p>

    <p class='ocr_par' dir='ltr' id='par_1_15' title="bbox 310 3684 1304 3751">
     <span class='ocr_line' id='line_1_41' title="bbox 310 3684 1304 3751; baseline -0.001 -15"><span class='ocrx_word' id='word_1_225' title='bbox 310 3684 410 3736; x_wconf 88' lang='lat' dir='ltr'><strong>Od.</strong></span> <span class='ocrx_word' id='word_1_226' title='bbox 433 3689 516 3736; x_wconf 85' lang='grc'><strong>18.</strong></span> <span class='ocrx_word' id='word_1_227' title='bbox 539 3692 596 3736; x_wconf 88' lang='lat' dir='ltr'><strong>et</strong></span> <span class='ocrx_word' id='word_1_228' title='bbox 614 3699 683 3736; x_wconf 86' lang='grc' dir='ltr'><strong>ιι.</strong></span> <span class='ocrx_word' id='word_1_229' title='bbox 705 3685 812 3736; x_wconf 90' lang='lat' dir='ltr'><strong>Od.</strong></span> <span class='ocrx_word' id='word_1_230' title='bbox 832 3690 882 3736; x_wconf 82' lang='lat'><strong>6.</strong></span> <span class='ocrx_word' id='word_1_231' title='bbox 904 3692 956 3736; x_wconf 80' lang='lat'><strong>6.</strong></span> <span class='ocrx_word' id='word_1_232' title='bbox 978 3685 1152 3751; x_wconf 86' lang='lat' dir='ltr'><strong>ibique</strong></span> <span class='ocrx_word' id='word_1_233' title='bbox 1176 3688 1304 3737; x_wconf 86' lang='lat' dir='ltr'><strong>Not.</strong></span> 
     </span>
    </p>

    <p class='ocr_par' dir='ltr' id='par_1_16' title="bbox 307 3759 1372 4128">
     <span class='ocr_line' id='line_1_42' title="bbox 376 3759 1372 3828; baseline 0.001 -17"><span class='ocrx_word' id='word_1_234' title='bbox 376 3761 550 3811; x_wconf 75' lang='lat' dir='ltr'><strong>Teucer</strong></span> <span class='ocrx_word' id='word_1_235' title='bbox 561 3759 827 3825; x_wconf 66' lang='lat' dir='ltr'><strong>Salamiua,</strong></span> <span class='ocrx_word' id='word_1_236' title='bbox 839 3762 948 3828; x_wconf 57' lang='grc' dir='ltr'><strong>ξω]</strong></span> <span class='ocrx_word' id='word_1_237' title='bbox 974 3763 1227 3826; x_wconf 83' lang='lat' dir='ltr'><strong>Exemplo</strong></span> <span class='ocrx_word' id='word_1_238' title='bbox 1239 3763 1372 3812; x_wconf 87' lang='lat' dir='ltr'><strong>Teu·</strong></span> 
     </span>
     <span class='ocr_line' id='line_1_43' title="bbox 308 3836 1371 3902; baseline -0.001 -14"><span class='ocrx_word' id='word_1_239' title='bbox 308 3838 382 3888; x_wconf 89' lang='lat' dir='ltr'><strong>cri</strong></span> <span class='ocrx_word' id='word_1_240' title='bbox 417 3836 631 3888; x_wconf 86' lang='lat' dir='ltr'><strong>fortiter</strong></span> <span class='ocrx_word' id='word_1_241' title='bbox 655 3836 876 3888; x_wconf 84' lang='lat' dir='ltr'><strong>adversa</strong></span> <span class='ocrx_word' id='word_1_242' title='bbox 901 3838 1226 3902; x_wconf 90' lang='lat' dir='ltr'><strong>sustinentis,</strong></span> <span class='ocrx_word' id='word_1_243' title='bbox 1253 3837 1371 3888; x_wconf 79' lang='lat' dir='ltr'><strong>lior-</strong></span> 
     </span>
     <span class='ocr_line' id='line_1_44' title="bbox 309 3912 1368 3977; baseline -0.002 -13"><span class='ocrx_word' id='word_1_244' title='bbox 309 3919 453 3964; x_wconf 86' lang='lat' dir='ltr'><strong>tatur</strong></span> <span class='ocrx_word' id='word_1_245' title='bbox 472 3913 731 3964; x_wconf 82' lang='lat' dir='ltr'><strong>Plancum</strong></span> <span class='ocrx_word' id='word_1_246' title='bbox 754 3920 813 3963; x_wconf 89' lang='lat' dir='ltr'><strong>ut</strong></span> <span class='ocrx_word' id='word_1_247' title='bbox 836 3913 1037 3977; x_wconf 84' lang='lat' dir='ltr'><strong>pariter</strong></span> <span class='ocrx_word' id='word_1_248' title='bbox 1057 3913 1205 3963; x_wconf 77' lang='lat' dir='ltr'><strong>fortis</strong></span> <span class='ocrx_word' id='word_1_249' title='bbox 1225 3914 1294 3963; x_wconf 81' lang='lat' dir='ltr'><strong>sit</strong></span> <span class='ocrx_word' id='word_1_250' title='bbox 1315 3912 1368 3962; x_wconf 88' lang='lat' dir='ltr'><strong>in</strong></span> 
     </span>
     <span class='ocr_line' id='line_1_45' title="bbox 307 3987 1369 4055; baseline 0.003 -18"><span class='ocrx_word' id='word_1_251' title='bbox 307 3987 531 4039; x_wconf 73' lang='lat' dir='ltr'><strong>fortunae</strong></span> <span class='ocrx_word' id='word_1_252' title='bbox 588 3988 962 4053; x_wconf 70' lang='lat' dir='ltr'><strong>vicissitudine,</strong></span> <span class='ocrx_word' id='word_1_253' title='bbox 1013 3989 1254 4055; x_wconf 80' lang='lat' dir='ltr'><strong>vinoque,</strong></span> <span class='ocrx_word' id='word_1_254' title='bbox 1309 3994 1369 4040; x_wconf 87' lang='lat' dir='ltr'><strong>ut</strong></span> 
     </span>
     <span class='ocr_line' id='line_1_46' title="bbox 309 4063 853 4128; baseline 0 -15"><span class='ocrx_word' id='word_1_255' title='bbox 309 4063 413 4123; x_wconf 85' lang='lat' dir='ltr'><strong>ille,</strong></span> <span class='ocrx_word' id='word_1_256' title='bbox 432 4063 669 4128; x_wconf 83' lang='lat' dir='ltr'><strong>depellat</strong></span> <span class='ocrx_word' id='word_1_257' title='bbox 688 4074 853 4114; x_wconf 82' lang='lat' dir='ltr'><strong>curas.</strong></span> 
     </span>
    </p>
   </div>
   <div class='ocr_carea' id='block_1_12' title="bbox 374 4136 1407 4209">
    <p class='ocr_par' dir='ltr' id='par_1_17' title="bbox 374 4136 1407 4209">
     <span class='ocr_line' id='line_1_47' title="bbox 374 4136 1407 4209; baseline 0.002 -19"><span class='ocrx_word' id='word_1_258' title='bbox 374 4136 623 4190; x_wconf 56' lang='lat' dir='ltr'><strong>Salonina</strong></span> <span class='ocrx_word' id='word_1_259' title='bbox 658 4146 936 4205; x_wconf 73' lang='lat' dir='ltr'><strong>patremque</strong></span> <span class='ocrx_word' id='word_1_260' title='bbox 985 4142 1104 4192; x_wconf 79' lang='lat' dir='ltr'><strong>Cam</strong></span> <span class='ocrx_word' id='word_1_261' title='bbox 1143 4136 1365 4206; x_wconf 76' lang='lat' dir='ltr'><strong>fugeret]</strong></span> <span class='ocrx_word' id='word_1_262' title='bbox 1394 4200 1407 4209; x_wconf 25' lang='lat' dir='ltr'>j</span> 
     </span>
    </p>
   </div>
   <div class='ocr_carea' id='block_1_13' title="bbox 307 4212 1370 4439">
    <p class='ocr_par' dir='ltr' id='par_1_18' title="bbox 307 4212 1370 4439">
     <span class='ocr_line' id='line_1_48' title="bbox 307 4212 1367 4281; baseline 0 -14"><span class='ocrx_word' id='word_1_263' title='bbox 307 4212 440 4268; x_wconf 85' lang='lat' dir='ltr'><strong>Post</strong></span> <span class='ocrx_word' id='word_1_264' title='bbox 469 4217 854 4281; x_wconf 77' lang='lat' dir='ltr'><strong>expeditionem</strong></span> <span class='ocrx_word' id='word_1_265' title='bbox 887 4218 1160 4281; x_wconf 85' lang='lat' dir='ltr'><strong>Trojanam</strong></span> <span class='ocrx_word' id='word_1_266' title='bbox 1193 4230 1367 4269; x_wconf 79' lang='lat' dir='ltr'><strong>rever-</strong></span> 
     </span>
     <span class='ocr_line' id='line_1_49' title="bbox 312 4294 1370 4358; baseline 0 -14"><span class='ocrx_word' id='word_1_267' title='bbox 312 4307 398 4344; x_wconf 82' lang='lat' dir='ltr'><strong>sus</strong></span> <span class='ocrx_word' id='word_1_268' title='bbox 435 4294 488 4343; x_wconf 86' lang='lat' dir='ltr'><strong>in</strong></span> <span class='ocrx_word' id='word_1_269' title='bbox 527 4294 754 4358; x_wconf 78' lang='lat' dir='ltr'><strong>patriam</strong></span> <span class='ocrx_word' id='word_1_270' title='bbox 789 4295 990 4347; x_wconf 79' lang='lat' dir='ltr'><strong>Teucer</strong></span> <span class='ocrx_word' id='word_1_271' title='bbox 1024 4311 1057 4347; x_wconf 85' lang='lat' dir='ltr'><strong>a</strong></span> <span class='ocrx_word' id='word_1_272' title='bbox 1091 4296 1370 4347; x_wconf 81' lang='lat' dir='ltr'><strong>Telamone</strong></span> 
     </span>
     <span class='ocr_line' id='line_1_50' title="bbox 442 4374 1070 4439; baseline 0.002 -14"><span class='ocrx_word' id='word_1_273' title='bbox 442 4374 621 4439; x_wconf 64' lang='lat' dir='ltr'><strong>Daph.</strong></span> <span class='ocrx_word' id='word_1_274' title='bbox 642 4382 690 4426; x_wconf 77' lang='lat' dir='ltr'><strong>et</strong></span> <span class='ocrx_word' id='word_1_275' title='bbox 718 4375 833 4426; x_wconf 68' lang='grc' dir='ltr'><strong>ναν.</strong></span> <span class='ocrx_word' id='word_1_276' title='bbox 855 4376 988 4426; x_wconf 80' lang='lat' dir='ltr'><strong>Clas.</strong></span> <span class='ocrx_word' id='word_1_277' title='bbox 1051 4391 1070 4406; x_wconf 71' lang='lat'><strong><em>‘</em></strong></span> 
     </span>
    </p>
   </div>
   <div class='ocr_carea' id='block_1_14' title="bbox 1440 1761 2517 4363">
    <p class='ocr_par' dir='ltr' id='par_1_19' title="bbox 1440 1761 2510 2289">
     <span class='ocr_line' id='line_1_51' title="bbox 1441 1761 2506 1829; baseline -0.001 -15"><span class='ocrx_word' id='word_1_278' title='bbox 1441 1768 1595 1829; x_wconf 78' lang='lat' dir='ltr'><strong>patre</strong></span> <span class='ocrx_word' id='word_1_279' title='bbox 1651 1763 1889 1829; x_wconf 82' lang='lat' dir='ltr'><strong>repulsus</strong></span> <span class='ocrx_word' id='word_1_280' title='bbox 1932 1768 2031 1827; x_wconf 85' lang='lat' dir='ltr'><strong>est,</strong></span> <span class='ocrx_word' id='word_1_281' title='bbox 2072 1761 2285 1814; x_wconf 85' lang='lat' dir='ltr'><strong>dolente</strong></span> <span class='ocrx_word' id='word_1_282' title='bbox 2331 1771 2389 1813; x_wconf 89' lang='lat' dir='ltr'><strong>et</strong></span> <span class='ocrx_word' id='word_1_283' title='bbox 2428 1762 2506 1813; x_wconf 87' lang='lat' dir='ltr'><strong>in·</strong></span> 
     </span>
     <span class='ocr_line' id='line_1_52' title="bbox 1442 1839 2507 1906; baseline 0.001 -16"><span class='ocrx_word' id='word_1_284' title='bbox 1442 1841 1712 1904; x_wconf 82' lang='lat' dir='ltr'><strong>dignante,</strong></span> <span class='ocrx_word' id='word_1_285' title='bbox 1738 1841 1876 1906; x_wconf 87' lang='lat' dir='ltr'><strong>quod</strong></span> <span class='ocrx_word' id='word_1_286' title='bbox 1901 1840 2109 1904; x_wconf 86' lang='lat' dir='ltr'><strong>Ajacem</strong></span> <span class='ocrx_word' id='word_1_287' title='bbox 2145 1839 2364 1891; x_wconf 80' lang='lat' dir='ltr'><strong>fratrem</strong></span> <span class='ocrx_word' id='word_1_288' title='bbox 2400 1854 2507 1891; x_wconf 89' lang='lat' dir='ltr'><strong>non</strong></span> 
     </span>
     <span class='ocr_line' id='line_1_53' title="bbox 1441 1917 2507 1969; baseline 0 -3"><span class='ocrx_word' id='word_1_289' title='bbox 1441 1917 1735 1969; x_wconf 86' lang='lat' dir='ltr'><strong>reduceret.</strong></span> <span class='ocrx_word' id='word_1_290' title='bbox 1838 1917 2299 1968; x_wconf 81' lang='lat' dir='ltr'><strong>Proficiscentibus</strong></span> <span class='ocrx_word' id='word_1_291' title='bbox 2372 1918 2507 1969; x_wconf 86' lang='lat' dir='ltr'><strong>enim</strong></span> 
     </span>
     <span class='ocr_line' id='line_1_54' title="bbox 1440 1993 2510 2044; baseline -0.003 0"><span class='ocrx_word' id='word_1_292' title='bbox 1440 1994 1716 2044; x_wconf 88' lang='lat' dir='ltr'><strong>mandarat</strong></span> <span class='ocrx_word' id='word_1_293' title='bbox 1756 2006 1822 2043; x_wconf 81' lang='lat' dir='ltr'><strong>ne</strong></span> <span class='ocrx_word' id='word_1_294' title='bbox 1856 1993 1992 2042; x_wconf 88' lang='lat' dir='ltr'><strong>alter</strong></span> <span class='ocrx_word' id='word_1_295' title='bbox 2027 1993 2138 2042; x_wconf 88' lang='lat' dir='ltr'><strong>sine</strong></span> <span class='ocrx_word' id='word_1_296' title='bbox 2173 1994 2339 2043; x_wconf 88' lang='lat' dir='ltr'><strong>altero</strong></span> <span class='ocrx_word' id='word_1_297' title='bbox 2370 1993 2510 2042; x_wconf 86' lang='lat' dir='ltr'><strong>redi·</strong></span> 
     </span>
     <span class='ocr_line' id='line_1_55' title="bbox 1444 2069 2509 2136; baseline 0 -15"><span class='ocrx_word' id='word_1_298' title='bbox 1444 2077 1546 2122; x_wconf 90' lang='lat' dir='ltr'><strong>ret.</strong></span> <span class='ocrx_word' id='word_1_299' title='bbox 1586 2070 1752 2136; x_wconf 87' lang='lat' dir='ltr'><strong>Atqui</strong></span> <span class='ocrx_word' id='word_1_300' title='bbox 1774 2069 1913 2134; x_wconf 85' lang='lat' dir='ltr'><strong>Ajax</strong></span> <span class='ocrx_word' id='word_1_301' title='bbox 1935 2084 1993 2120; x_wconf 90' lang='lat' dir='ltr'><strong>se</strong></span> <span class='ocrx_word' id='word_1_302' title='bbox 2015 2070 2130 2135; x_wconf 82' lang='lat' dir='ltr'><strong>ipse</strong></span> <span class='ocrx_word' id='word_1_303' title='bbox 2153 2071 2509 2129; x_wconf 80' lang='lat' dir='ltr'><strong>interemerat,</strong></span> 
     </span>
     <span class='ocr_line' id='line_1_56' title="bbox 1443 2145 2509 2213; baseline -0.001 -16"><span class='ocrx_word' id='word_1_304' title='bbox 1443 2146 1607 2199; x_wconf 86' lang='lat' dir='ltr'><strong>iratus</strong></span> <span class='ocrx_word' id='word_1_305' title='bbox 1638 2145 1775 2213; x_wconf 87' lang='lat' dir='ltr'><strong>quod</strong></span> <span class='ocrx_word' id='word_1_306' title='bbox 1804 2145 2023 2197; x_wconf 83' lang='lat' dir='ltr'><strong>Achillis</strong></span> <span class='ocrx_word' id='word_1_307' title='bbox 2048 2161 2191 2197; x_wconf 83' lang='lat' dir='ltr'><strong>arma</strong></span> <span class='ocrx_word' id='word_1_308' title='bbox 2216 2146 2394 2212; x_wconf 77' lang='lat' dir='ltr'><strong>Ulyssi</strong></span> <span class='ocrx_word' id='word_1_309' title='bbox 2418 2160 2509 2211; x_wconf 80' lang='lat' dir='ltr'><strong>po·</strong></span> 
     </span>
     <span class='ocr_line' id='line_1_57' title="bbox 1446 2221 2424 2289; baseline -0.003 -14"><span class='ocrx_word' id='word_1_310' title='bbox 1446 2222 1550 2275; x_wconf 71' lang='lat' dir='ltr'><strong>tius</strong></span> <span class='ocrx_word' id='word_1_311' title='bbox 1573 2237 1725 2289; x_wconf 87' lang='lat' dir='ltr'><strong>qnam</strong></span> <span class='ocrx_word' id='word_1_312' title='bbox 1748 2223 1844 2274; x_wconf 88' lang='lat' dir='ltr'><strong>sibi</strong></span> <span class='ocrx_word' id='word_1_313' title='bbox 1866 2221 2088 2273; x_wconf 88' lang='lat' dir='ltr'><strong>fuissent</strong></span> <span class='ocrx_word' id='word_1_314' title='bbox 2109 2221 2424 2288; x_wconf 83' lang='lat' dir='ltr'><strong>adjudicata.</strong></span> 
     </span>
    </p>

    <p class='ocr_par' dir='ltr' id='par_1_20' title="bbox 1442 2297 2516 2746">
     <span class='ocr_line' id='line_1_58' title="bbox 1508 2297 2511 2365; baseline -0.002 -13"><span class='ocrx_word' id='word_1_315' title='bbox 1508 2300 1782 2365; x_wconf 77' lang='lat' dir='ltr'><strong>Salamina]</strong></span> <span class='ocrx_word' id='word_1_316' title='bbox 1833 2297 2075 2362; x_wconf 83' lang='lat' dir='ltr'><strong>Salamis,</strong></span> <span class='ocrx_word' id='word_1_317' title='bbox 2125 2299 2280 2350; x_wconf 84' lang='lat' dir='ltr'><strong>bodie</strong></span> <span class='ocrx_word' id='word_1_318' title='bbox 2327 2297 2511 2363; x_wconf 69' lang='lat' dir='ltr'><strong>Caluri,</strong></span> 
     </span>
     <span class='ocr_line' id='line_1_59' title="bbox 1443 2376 2510 2441; baseline 0.002 -14"><span class='ocrx_word' id='word_1_319' title='bbox 1443 2378 1567 2427; x_wconf 84' lang='lat' dir='ltr'><strong>urbs</strong></span> <span class='ocrx_word' id='word_1_320' title='bbox 1606 2384 1664 2427; x_wconf 89' lang='lat' dir='ltr'><strong>et</strong></span> <span class='ocrx_word' id='word_1_321' title='bbox 1696 2377 1873 2427; x_wconf 87' lang='lat' dir='ltr'><strong>Insula</strong></span> <span class='ocrx_word' id='word_1_322' title='bbox 1903 2377 2056 2427; x_wconf 82' lang='lat' dir='ltr'><strong>maris</strong></span> <span class='ocrx_word' id='word_1_323' title='bbox 2081 2376 2262 2441; x_wconf 75' lang='lat' dir='ltr'><strong>AEgaei,</strong></span> <span class='ocrx_word' id='word_1_324' title='bbox 2296 2376 2351 2426; x_wconf 87' lang='lat' dir='ltr'><strong>in</strong></span> <span class='ocrx_word' id='word_1_325' title='bbox 2394 2377 2510 2429; x_wconf 83' lang='lat' dir='ltr'><strong>sinu</strong></span> 
     </span>
     <span class='ocr_line' id='line_1_60' title="bbox 1442 2450 2515 2518; baseline -0.002 -12"><span class='ocrx_word' id='word_1_326' title='bbox 1442 2454 1711 2512; x_wconf 81' lang='lat' dir='ltr'><strong>Saronico,</strong></span> <span class='ocrx_word' id='word_1_327' title='bbox 1745 2453 1834 2518; x_wconf 90' lang='lat' dir='ltr'><strong>qui</strong></span> <span class='ocrx_word' id='word_1_328' title='bbox 1868 2450 2003 2504; x_wconf 83' lang='lat' dir='ltr'><strong>nunc</strong></span> <span class='ocrx_word' id='word_1_329' title='bbox 2040 2454 2232 2505; x_wconf 89' lang='lat' dir='ltr'><strong>dicitur</strong></span> <span class='ocrx_word' id='word_1_330' title='bbox 2283 2454 2428 2515; x_wconf 67' lang='lat' dir='ltr'><strong>GoUo</strong></span> <span class='ocrx_word' id='word_1_331' title='bbox 2459 2455 2515 2504; x_wconf 71' lang='lat' dir='ltr'><strong>an·</strong></span> 
     </span>
     <span class='ocr_line' id='line_1_61' title="bbox 1446 2527 2514 2594; baseline 0 -15"><span class='ocrx_word' id='word_1_332' title='bbox 1446 2531 1632 2594; x_wconf 68' lang='lat' dir='ltr'><strong>Engia,</strong></span> <span class='ocrx_word' id='word_1_333' title='bbox 1662 2529 1795 2579; x_wconf 89' lang='lat' dir='ltr'><strong>inter</strong></span> <span class='ocrx_word' id='word_1_334' title='bbox 1831 2527 2068 2580; x_wconf 85' lang='lat' dir='ltr'><strong>Atticam</strong></span> <span class='ocrx_word' id='word_1_335' title='bbox 2098 2537 2154 2579; x_wconf 90' lang='lat' dir='ltr'><strong>et</strong></span> <span class='ocrx_word' id='word_1_336' title='bbox 2184 2530 2514 2593; x_wconf 79' lang='lat' dir='ltr'><strong>Peloponne-</strong></span> 
     </span>
     <span class='ocr_line' id='line_1_62' title="bbox 1443 2603 2516 2668; baseline 0 -13"><span class='ocrx_word' id='word_1_337' title='bbox 1443 2621 1576 2655; x_wconf 89' lang='lat' dir='ltr'><strong>sum.</strong></span> <span class='ocrx_word' id='word_1_338' title='bbox 1646 2605 1763 2656; x_wconf 83' lang='lat' dir='ltr'><strong>Illic</strong></span> <span class='ocrx_word' id='word_1_339' title='bbox 1802 2605 2041 2668; x_wconf 85' lang='lat' dir='ltr'><strong>regnavit</strong></span> <span class='ocrx_word' id='word_1_340' title='bbox 2060 2605 2311 2655; x_wconf 86' lang='lat' dir='ltr'><strong>Telamon</strong></span> <span class='ocrx_word' id='word_1_341' title='bbox 2338 2603 2516 2668; x_wconf 79' lang='lat' dir='ltr'><strong>Ajacis</strong></span> 
     </span>
     <span class='ocr_line' id='line_1_63' title="bbox 1447 2681 1913 2746; baseline -0.011 -13"><span class='ocrx_word' id='word_1_342' title='bbox 1447 2689 1501 2733; x_wconf 88' lang='lat' dir='ltr'><strong>et</strong></span> <span class='ocrx_word' id='word_1_343' title='bbox 1526 2681 1719 2731; x_wconf 83' lang='lat' dir='ltr'><strong>Teucri</strong></span> <span class='ocrx_word' id='word_1_344' title='bbox 1744 2689 1913 2746; x_wconf 82' lang='lat' dir='ltr'><strong>pater.</strong></span> 
     </span>
    </p>

    <p class='ocr_par' dir='ltr' id='par_1_21' title="bbox 1445 2756 2515 3285">
     <span class='ocr_line' id='line_1_64' title="bbox 1509 2756 2515 2824; baseline -0.003 -15"><span class='ocrx_word' id='word_1_345' title='bbox 1509 2763 1576 2809; x_wconf 78' lang='lat'><strong>22</strong></span> <span class='ocrx_word' id='word_1_346' title='bbox 1608 2758 1779 2824; x_wconf 75' lang='lat' dir='ltr'><strong>Lyceo]</strong></span> <span class='ocrx_word' id='word_1_347' title='bbox 1816 2759 2114 2822; x_wconf 81' lang='lat' dir='ltr'><strong>cognomen</strong></span> <span class='ocrx_word' id='word_1_348' title='bbox 2137 2762 2222 2808; x_wconf 90' lang='lat' dir='ltr'><strong>est</strong></span> <span class='ocrx_word' id='word_1_349' title='bbox 2244 2756 2461 2821; x_wconf 83' lang='lat' dir='ltr'><strong>Bacchi,</strong></span> <span class='ocrx_word' id='word_1_350' title='bbox 2482 2768 2515 2811; x_wconf 76' lang='lat' dir='ltr'><strong>a</strong></span> 
     </span>
     <span class='ocr_line' id='line_1_65' title="bbox 1445 2833 2514 2901; baseline -0.004 -13"><span class='ocrx_word' id='word_1_351' title='bbox 1445 2834 1731 2900; x_wconf 53' lang='lat' dir='ltr'><strong>admsolco,</strong></span> <span class='ocrx_word' id='word_1_352' title='bbox 1753 2836 1873 2901; x_wconf 89' lang='lat' dir='ltr'><strong>quia</strong></span> <span class='ocrx_word' id='word_1_353' title='bbox 1895 2840 2036 2886; x_wconf 87' lang='lat' dir='ltr'><strong>metu</strong></span> <span class='ocrx_word' id='word_1_354' title='bbox 2077 2841 2133 2885; x_wconf 89' lang='lat' dir='ltr'><strong>et</strong></span> <span class='ocrx_word' id='word_1_355' title='bbox 2167 2833 2306 2885; x_wconf 86' lang='lat' dir='ltr'><strong>curis</strong></span> <span class='ocrx_word' id='word_1_356' title='bbox 2341 2833 2514 2884; x_wconf 77' lang='lat' dir='ltr'><strong>vinum</strong></span> 
     </span>
     <span class='ocr_line' id='line_1_66' title="bbox 1446 2911 2511 2976; baseline -0.001 -13"><span class='ocrx_word' id='word_1_357' title='bbox 1446 2913 1656 2964; x_wconf 88' lang='lat' dir='ltr'><strong>liberat.</strong></span> <span class='ocrx_word' id='word_1_358' title='bbox 1723 2913 1911 2962; x_wconf 82' lang='lat' dir='ltr'><strong>Horat.</strong></span> <span class='ocrx_word' id='word_1_359' title='bbox 1932 2927 1970 2961; x_wconf 85' lang='grc' dir='ltr'><strong>ι.</strong></span> <span class='ocrx_word' id='word_1_360' title='bbox 1992 2912 2268 2976; x_wconf 57' lang='grc' dir='ltr'><strong>Ερίεῑᾼὸ.</strong></span> <span class='ocrx_word' id='word_1_361' title='bbox 2299 2914 2314 2941; x_wconf 86' lang='lat'>‘</span> <span class='ocrx_word' id='word_1_362' title='bbox 2336 2911 2511 2962; x_wconf 87' lang='lat' dir='ltr'><strong>Gene-</strong></span> 
     </span>
     <span class='ocr_line' id='line_1_67' title="bbox 1446 2986 2514 3054; baseline -0.004 -14"><span class='ocrx_word' id='word_1_363' title='bbox 1446 3005 1617 3040; x_wconf 83' lang='lat' dir='ltr'><strong>rosum</strong></span> <span class='ocrx_word' id='word_1_364' title='bbox 1654 3001 1708 3042; x_wconf 90' lang='lat' dir='ltr'><strong>et</strong></span> <span class='ocrx_word' id='word_1_365' title='bbox 1750 2990 1867 3040; x_wconf 88' lang='lat' dir='ltr'><strong>lene</strong></span> <span class='ocrx_word' id='word_1_366' title='bbox 1902 2989 2131 3054; x_wconf 80' lang='lat' dir='ltr'><strong>requiro,</strong></span> <span class='ocrx_word' id='word_1_367' title='bbox 2167 2986 2320 3042; x_wconf 82' lang='lat' dir='ltr'><strong>Quod</strong></span> <span class='ocrx_word' id='word_1_368' title='bbox 2361 3001 2514 3040; x_wconf 89' lang='lat' dir='ltr'><strong>curas</strong></span> 
     </span>
     <span class='ocr_line' id='line_1_68' title="bbox 1449 3065 2513 3132; baseline -0.002 -15"><span class='ocrx_word' id='word_1_369' title='bbox 1449 3065 1660 3132; x_wconf 63' lang='lat' dir='ltr'><strong>abigat?</strong></span> <span class='ocrx_word' id='word_1_370' title='bbox 1763 3066 1923 3115; x_wconf 83' lang='lat' dir='ltr'><strong>Ovid.</strong></span> <span class='ocrx_word' id='word_1_371' title='bbox 1977 3067 2094 3116; x_wconf 82' lang='lat' dir='ltr'><strong>Art.</strong></span> <span class='ocrx_word' id='word_1_372' title='bbox 2138 3066 2256 3116; x_wconf 85' lang='lat' dir='ltr'><strong>Am.</strong></span> <span class='ocrx_word' id='word_1_373' title='bbox 2306 3077 2346 3114; x_wconf 84' lang='grc'><strong>1.</strong></span> <span class='ocrx_word' id='word_1_374' title='bbox 2394 3068 2513 3117; x_wconf 76' lang='grc'><strong>287.</strong></span> 
     </span>
     <span class='ocr_line' id='line_1_69' title="bbox 1449 3139 2515 3208; baseline -0.006 -14"><span class='ocrx_word' id='word_1_375' title='bbox 1449 3144 1465 3172; x_wconf 89' lang='lat'>‘</span> <span class='ocrx_word' id='word_1_376' title='bbox 1487 3145 1625 3194; x_wconf 86' lang='lat' dir='ltr'><strong>Vina</strong></span> <span class='ocrx_word' id='word_1_377' title='bbox 1641 3151 1824 3208; x_wconf 82' lang='lat' dir='ltr'><strong>parant</strong></span> <span class='ocrx_word' id='word_1_378' title='bbox 1837 3143 2053 3193; x_wconf 88' lang='lat' dir='ltr'><strong>animos.</strong></span> <span class='ocrx_word' id='word_1_379' title='bbox 2068 3174 2084 3192; x_wconf 86' lang='lat'><strong>.</strong></span> <span class='ocrx_word' id='word_1_380' title='bbox 2096 3141 2256 3193; x_wconf 88' lang='lat' dir='ltr'><strong>.Tuuc</strong></span> <span class='ocrx_word' id='word_1_381' title='bbox 2273 3139 2439 3200; x_wconf 87' lang='lat' dir='ltr'><strong>dolor,</strong></span> <span class='ocrx_word' id='word_1_382' title='bbox 2457 3145 2515 3189; x_wconf 88' lang='lat' dir='ltr'><strong>et</strong></span> 
     </span>
     <span class='ocr_line' id='line_1_70' title="bbox 1449 3213 2245 3285; baseline -0.008 -14"><span class='ocrx_word' id='word_1_383' title='bbox 1449 3235 1611 3285; x_wconf 70' lang='lat' dir='ltr'><strong>curae,</strong></span> <span class='ocrx_word' id='word_1_384' title='bbox 1633 3235 1865 3285; x_wconf 81' lang='lat' dir='ltr'><strong>rugaque</strong></span> <span class='ocrx_word' id='word_1_385' title='bbox 1887 3217 2073 3269; x_wconf 81' lang='lat' dir='ltr'><strong>frontis</strong></span> <span class='ocrx_word' id='word_1_386' title='bbox 2096 3213 2245 3267; x_wconf 85' lang='lat' dir='ltr'><strong>abit.’</strong></span> 
     </span>
    </p>

    <p class='ocr_par' dir='ltr' id='par_1_22' title="bbox 1445 3292 2517 3965">
     <span class='ocr_line' id='line_1_71' title="bbox 1511 3292 2515 3359; baseline -0.007 -13"><span class='ocrx_word' id='word_1_387' title='bbox 1511 3301 1577 3346; x_wconf 80' lang='grc'><strong>23</strong></span> <span class='ocrx_word' id='word_1_388' title='bbox 1619 3297 1848 3359; x_wconf 77' lang='lat' dir='ltr'><strong>Tempora</strong></span> <span class='ocrx_word' id='word_1_389' title='bbox 1884 3297 2084 3359; x_wconf 77' lang='lat' dir='ltr'><strong>populea</strong></span> <span class='ocrx_word' id='word_1_390' title='bbox 2101 3294 2271 3354; x_wconf 75' lang='lat' dir='ltr'><strong>fertur</strong></span> <span class='ocrx_word' id='word_1_391' title='bbox 2306 3292 2515 3341; x_wconf 73' lang='lat' dir='ltr'><strong>vinxisse</strong></span> 
     </span>
     <span class='ocr_line' id='line_1_72' title="bbox 1445 3368 2517 3439; baseline -0.004 -15"><span class='ocrx_word' id='word_1_392' title='bbox 1445 3373 1642 3439; x_wconf 80' lang='lat' dir='ltr'><strong>corona]</strong></span> <span class='ocrx_word' id='word_1_393' title='bbox 1677 3373 1762 3423; x_wconf 88' lang='lat' dir='ltr'><strong>Ita</strong></span> <span class='ocrx_word' id='word_1_394' title='bbox 1784 3387 1842 3422; x_wconf 83' lang='lat' dir='ltr'><strong>se</strong></span> <span class='ocrx_word' id='word_1_395' title='bbox 1864 3373 2072 3422; x_wconf 85' lang='lat' dir='ltr'><strong>Teucer</strong></span> <span class='ocrx_word' id='word_1_396' title='bbox 2093 3369 2302 3420; x_wconf 88' lang='lat' dir='ltr'><strong>instruit</strong></span> <span class='ocrx_word' id='word_1_397' title='bbox 2333 3368 2517 3420; x_wconf 83' lang='lat' dir='ltr'><strong>adver·</strong></span> 
     </span>
     <span class='ocr_line' id='line_1_73' title="bbox 1448 3445 2514 3507; baseline -0.008 -7"><span class='ocrx_word' id='word_1_398' title='bbox 1448 3465 1537 3500; x_wconf 89' lang='lat' dir='ltr'><strong>sus</strong></span> <span class='ocrx_word' id='word_1_399' title='bbox 1576 3463 1840 3501; x_wconf 84' lang='lat' dir='ltr'><strong>moerores.</strong></span> <span class='ocrx_word' id='word_1_400' title='bbox 1910 3449 2101 3497; x_wconf 89' lang='lat' dir='ltr'><strong>Vinum</strong></span> <span class='ocrx_word' id='word_1_401' title='bbox 2126 3445 2315 3506; x_wconf 85' lang='lat' dir='ltr'><strong>sumit;</strong></span> <span class='ocrx_word' id='word_1_402' title='bbox 2350 3458 2514 3507; x_wconf 82' lang='lat' dir='ltr'><strong>popu·</strong></span> 
     </span>
     <span class='ocr_line' id='line_1_74' title="bbox 1446 3520 2514 3587; baseline -0.006 -12"><span class='ocrx_word' id='word_1_403' title='bbox 1446 3526 1533 3577; x_wconf 83' lang='lat' dir='ltr'><strong>lea</strong></span> <span class='ocrx_word' id='word_1_404' title='bbox 1556 3540 1612 3576; x_wconf 85' lang='lat' dir='ltr'><strong>se</strong></span> <span class='ocrx_word' id='word_1_405' title='bbox 1636 3540 1823 3576; x_wconf 87' lang='lat' dir='ltr'><strong>corona</strong></span> <span class='ocrx_word' id='word_1_406' title='bbox 1847 3524 2075 3586; x_wconf 85' lang='lat' dir='ltr'><strong>redimit,</strong></span> <span class='ocrx_word' id='word_1_407' title='bbox 2094 3538 2186 3574; x_wconf 88' lang='lat' dir='ltr'><strong>seu</strong></span> <span class='ocrx_word' id='word_1_408' title='bbox 2216 3520 2353 3587; x_wconf 91' lang='lat' dir='ltr'><strong>quod</strong></span> <span class='ocrx_word' id='word_1_409' title='bbox 2379 3521 2514 3570; x_wconf 87' lang='lat' dir='ltr'><strong>Her·</strong></span> 
     </span>
     <span class='ocr_line' id='line_1_75' title="bbox 1447 3600 2516 3665; baseline -0.011 -11"><span class='ocrx_word' id='word_1_410' title='bbox 1447 3603 1550 3654; x_wconf 91' lang='lat' dir='ltr'><strong>culi</strong></span> <span class='ocrx_word' id='word_1_411' title='bbox 1584 3600 1849 3665; x_wconf 69' lang='lat' dir='ltr'><strong>sacrificet</strong></span> <span class='ocrx_word' id='word_1_412' title='bbox 1887 3600 1962 3651; x_wconf 89' lang='lat' dir='ltr'><strong>sic</strong></span> <span class='ocrx_word' id='word_1_413' title='bbox 2001 3604 2213 3650; x_wconf 79' lang='lat' dir='ltr'><strong>ornatus</strong></span> <span class='ocrx_word' id='word_1_414' title='bbox 2245 3612 2314 3646; x_wconf 85' lang='lat' dir='ltr'><strong>ex</strong></span> <span class='ocrx_word' id='word_1_415' title='bbox 2351 3609 2516 3661; x_wconf 81' lang='lat' dir='ltr'><strong>more,</strong></span> 
     </span>
     <span class='ocr_line' id='line_1_76' title="bbox 1447 3671 2513 3741; baseline -0.009 -12"><span class='ocrx_word' id='word_1_416' title='bbox 1447 3693 1539 3729; x_wconf 82' lang='lat' dir='ltr'><strong>seu</strong></span> <span class='ocrx_word' id='word_1_417' title='bbox 1564 3677 1629 3729; x_wconf 86' lang='lat' dir='ltr'><strong>ad</strong></span> <span class='ocrx_word' id='word_1_418' title='bbox 1654 3675 2041 3741; x_wconf 84' lang='lat' dir='ltr'><strong>significandam</strong></span> <span class='ocrx_word' id='word_1_419' title='bbox 2062 3672 2218 3724; x_wconf 80' lang='lat' dir='ltr'><strong>animi</strong></span> <span class='ocrx_word' id='word_1_420' title='bbox 2249 3671 2513 3722; x_wconf 85' lang='lat' dir='ltr'><strong>fortitudi-</strong></span> 
     </span>
     <span class='ocr_line' id='line_1_77' title="bbox 1449 3752 2514 3819; baseline -0.008 -14"><span class='ocrx_word' id='word_1_421' title='bbox 1449 3770 1584 3805; x_wconf 87' lang='lat' dir='ltr'><strong>nem.</strong></span> <span class='ocrx_word' id='word_1_422' title='bbox 1655 3756 1789 3805; x_wconf 86' lang='lat' dir='ltr'><strong>Nam</strong></span> <span class='ocrx_word' id='word_1_423' title='bbox 1823 3754 1978 3818; x_wconf 80' lang='lat' dir='ltr'><strong>liujus</strong></span> <span class='ocrx_word' id='word_1_424' title='bbox 2009 3752 2296 3819; x_wconf 84' lang='lat' dir='ltr'><strong>symbolum</strong></span> <span class='ocrx_word' id='word_1_425' title='bbox 2320 3754 2402 3798; x_wconf 87' lang='lat' dir='ltr'><strong>est</strong></span> <span class='ocrx_word' id='word_1_426' title='bbox 2424 3760 2514 3812; x_wconf 77' lang='lat' dir='ltr'><strong>po-</strong></span> 
     </span>
     <span class='ocr_line' id='line_1_78' title="bbox 1451 3825 2515 3895; baseline -0.008 -14"><span class='ocrx_word' id='word_1_427' title='bbox 1451 3832 1600 3895; x_wconf 84' lang='lat' dir='ltr'><strong>pulus</strong></span> <span class='ocrx_word' id='word_1_428' title='bbox 1634 3829 1786 3879; x_wconf 88' lang='lat' dir='ltr'><strong>arbor</strong></span> <span class='ocrx_word' id='word_1_429' title='bbox 1808 3829 2030 3880; x_wconf 85' lang='lat' dir='ltr'><strong>Herculi</strong></span> <span class='ocrx_word' id='word_1_430' title='bbox 2064 3842 2227 3879; x_wconf 84' lang='lat' dir='ltr'><strong>sacra.</strong></span> <span class='ocrx_word' id='word_1_431' title='bbox 2292 3825 2515 3875; x_wconf 88' lang='lat' dir='ltr'><strong>Demum</strong></span> 
     </span>
     <span class='ocr_line' id='line_1_79' title="bbox 1452 3902 2514 3965; baseline -0.007 -9"><span class='ocrx_word' id='word_1_432' title='bbox 1452 3907 1520 3956; x_wconf 85' lang='lat' dir='ltr'><strong>ad</strong></span> <span class='ocrx_word' id='word_1_433' title='bbox 1548 3919 1722 3955; x_wconf 89' lang='lat' dir='ltr'><strong>omnes</strong></span> <span class='ocrx_word' id='word_1_434' title='bbox 1740 3903 1961 3954; x_wconf 63' lang='lat' dir='ltr'><strong>fortuna</strong></span> <span class='ocrx_word' id='word_1_435' title='bbox 1983 3918 2136 3955; x_wconf 79' lang='lat' dir='ltr'><strong>casus</strong></span> <span class='ocrx_word' id='word_1_436' title='bbox 2156 3902 2322 3954; x_wconf 85' lang='lat' dir='ltr'><strong>socios</strong></span> <span class='ocrx_word' id='word_1_437' title='bbox 2339 3905 2514 3965; x_wconf 75' lang='lat' dir='ltr'><strong>parat.</strong></span> 
     </span>
    </p>

    <p class='ocr_par' dir='ltr' id='par_1_23' title="bbox 1448 3977 2517 4278">
     <span class='ocr_line' id='line_1_80' title="bbox 1514 3977 2514 4048; baseline -0.006 -14"><span class='ocrx_word' id='word_1_438' title='bbox 1514 3989 1581 4034; x_wconf 76' lang='lat'><strong>24</strong></span> <span class='ocrx_word' id='word_1_439' title='bbox 1619 3983 1827 4048; x_wconf 80' lang='lat' dir='ltr'><strong>Tristes]</strong></span> <span class='ocrx_word' id='word_1_440' title='bbox 1878 3981 1967 4033; x_wconf 86' lang='lat' dir='ltr'><strong>Ob</strong></span> <span class='ocrx_word' id='word_1_441' title='bbox 2006 3982 2240 4045; x_wconf 82' lang='lat' dir='ltr'><strong>exilium,</strong></span> <span class='ocrx_word' id='word_1_442' title='bbox 2278 3985 2336 4031; x_wconf 88' lang='lat' dir='ltr'><strong>et</strong></span> <span class='ocrx_word' id='word_1_443' title='bbox 2374 3977 2514 4045; x_wconf 87' lang='lat' dir='ltr'><strong>quod</strong></span> 
     </span>
     <span class='ocr_line' id='line_1_81' title="bbox 1450 4057 2517 4123; baseline -0.008 -10"><span class='ocrx_word' id='word_1_444' title='bbox 1450 4060 1731 4113; x_wconf 81' lang='lat' dir='ltr'><strong>carendum</strong></span> <span class='ocrx_word' id='word_1_445' title='bbox 1766 4066 1905 4111; x_wconf 82' lang='lat' dir='ltr'><strong>esset</strong></span> <span class='ocrx_word' id='word_1_446' title='bbox 1947 4057 2136 4122; x_wconf 87' lang='lat' dir='ltr'><strong>patria,</strong></span> <span class='ocrx_word' id='word_1_447' title='bbox 2168 4071 2283 4123; x_wconf 78' lang='lat' dir='ltr'><strong>quae</strong></span> <span class='ocrx_word' id='word_1_448' title='bbox 2309 4067 2517 4120; x_wconf 84' lang='lat' dir='ltr'><strong>semper</strong></span> 
     </span>
     <span class='ocr_line' id='line_1_82' title="bbox 1450 4130 2514 4200; baseline -0.008 -11"><span class='ocrx_word' id='word_1_449' title='bbox 1450 4138 1715 4189; x_wconf 78' lang='lat' dir='ltr'><strong>carissima</strong></span> <span class='ocrx_word' id='word_1_450' title='bbox 1760 4130 1996 4200; x_wconf 87' lang='lat' dir='ltr'><strong>cuilibet,</strong></span> <span class='ocrx_word' id='word_1_451' title='bbox 2030 4134 2197 4185; x_wconf 88' lang='lat' dir='ltr'><strong>dulcis</strong></span> <span class='ocrx_word' id='word_1_452' title='bbox 2234 4139 2394 4199; x_wconf 81' lang='lat' dir='ltr'><strong>atque</strong></span> <span class='ocrx_word' id='word_1_453' title='bbox 2424 4130 2514 4198; x_wconf 85' lang='lat' dir='ltr'><strong>ju·</strong></span> 
     </span>
     <span class='ocr_line' id='line_1_83' title="bbox 1448 4209 2383 4278; baseline -0.011 -10"><span class='ocrx_word' id='word_1_454' title='bbox 1448 4215 1640 4278; x_wconf 90' lang='lat' dir='ltr'><strong>cunda,</strong></span> <span class='ocrx_word' id='word_1_455' title='bbox 1660 4222 1722 4266; x_wconf 87' lang='lat' dir='ltr'><strong>ut</strong></span> <span class='ocrx_word' id='word_1_456' title='bbox 1744 4214 1820 4265; x_wconf 72' lang='lat' dir='ltr'><strong>ait</strong></span> <span class='ocrx_word' id='word_1_457' title='bbox 1838 4213 2024 4266; x_wconf 89' lang='lat' dir='ltr'><strong>Cicero</strong></span> <span class='ocrx_word' id='word_1_458' title='bbox 2047 4210 2101 4264; x_wconf 90' lang='lat' dir='ltr'><strong>in</strong></span> <span class='ocrx_word' id='word_1_459' title='bbox 2122 4209 2280 4263; x_wconf 83' lang='lat' dir='ltr'><strong>Catil.</strong></span> <span class='ocrx_word' id='word_1_460' title='bbox 2303 4223 2383 4261; x_wconf 77' lang='lat' dir='ltr'><strong>tv.</strong></span> 
     </span>
    </p>

    <p class='ocr_par' dir='ltr' id='par_1_24' title="bbox 1514 4289 2516 4363">
     <span class='ocr_line' id='line_1_84' title="bbox 1514 4289 2516 4363; baseline -0.009 -19"><span class='ocrx_word' id='word_1_461' title='bbox 1514 4298 1579 4345; x_wconf 74' lang='lat'><strong>25</strong></span> <span class='ocrx_word' id='word_1_462' title='bbox 1604 4293 1780 4344; x_wconf 79' lang='lat' dir='ltr'><strong>Melior</strong></span> <span class='ocrx_word' id='word_1_463' title='bbox 1796 4289 2238 4363; x_wconf 52' lang='grc' dir='ltr'><strong>[κέκαμπται]</strong></span> <span class='ocrx_word' id='word_1_464' title='bbox 2266 4289 2399 4338; x_wconf 83' lang='lat' dir='ltr'><strong>Nam</strong></span> <span class='ocrx_word' id='word_1_465' title='bbox 2420 4301 2516 4350; x_wconf 83' lang='lat' dir='ltr'><strong>pa.</strong></span> 
     </span>
    </p>
   </div>
   <div class='ocr_carea' id='block_1_15' title="bbox 1360 4360 2383 4427">
    <p class='ocr_par' dir='ltr' id='par_1_25' title="bbox 1360 4360 2383 4427">
     <span class='ocr_line' id='line_1_85' title="bbox 1360 4360 2383 4427; baseline -0.01 -2"><span class='ocrx_word' id='word_1_466' title='bbox 1360 4374 1542 4427; x_wconf 74' lang='lat' dir='ltr'><strong>Horat.</strong></span> <span class='ocrx_word' id='word_1_467' title='bbox 2331 4360 2383 4415; x_wconf 73' lang='lat' dir='ltr'>G</span> 
     </span>
    </p>
   </div>
  </div>
 </body>
</html>
