3059 4909
1265 395 1331 456 Q.
1379 393 1699 452 nonnul
1749 394 2034 452 resecr

796 539 964 605 Post
990 540 1207 623 ignem
1238 542 1511 607 aetberia
1542 542 1746 608 domo·

880 642 1315 723 subductum,
1343 644 1600 710 macies
1630 651 1695 709 et
1723 663 1900 712 nova
1931 647 2210 730 febrium

793 745 1017 811 Terris
1046 747 1346 814 incubuit
1376 749 1620 814 cohors
1644 769 1664 829 ς

2651 648 2735 711 30

881 849 1273 934 Semotique
1301 850 1491 934 prius
1520 852 1717 922 tarda
1747 853 2118 940 necessitas

794 951 951 1018 Leti
978 953 1297 1039 corripuit
1326 954 1630 1037 gradum.

878 1053 1222 1138 Expertus
1252 1074 1543 1122 vacuum
1577 1033 1901 1122 Daedalus
1933 1055 2099 1122 aera

795 1155 1045 1221 Pennis
1074 1177 1204 1221 non
1230 1156 1478 1222 homini
1509 1160 1710 1223 datis,
2173 1207 2184 1217 ,

880 1258 1200 1345 Perrupit
1229 1260 1624 1328 Acheronta
1654 1262 2038 1357 Herculeus
2067 1262 2279 1326 labor.

2650 1157 2760 1254 35.

537 1422 660 1472 Post
678 1424 838 1485 mem
858 1424 971 1473 coelo
991 1430 1256 1490 surreptum
1280 1431 1433 1476 terras
1462 1425 1642 1475 incasit
1663 1425 1839 1474 macies
1868 1431 1917 1476 et
1936 1425 2215 1489 frequentia
2236 1424 2501 1490 morborum
2520 1421 2743 1478 insolita,·

533 1492 677 1551 aeque
694 1503 802 1538 sera
821 1490 1074 1539 necessitas
1093 1492 1261 1541 mrtis
1280 1496 1422 1542 antea
1441 1492 1609 1544 dilate
1626 1493 1817 1555 passum
1835 1492 2130 1542 accelemvit.
2196 1492 2428 1540 Danaam
2452 1502 2539 1551 per
2559 1488 2744 1536 inanem

533 1552 690 1603 aerem
709 1556 868 1605 volare
890 1555 1092 1606 tentavit
1111 1556 1204 1605 alis
1223 1556 1401 1606 homiui
1419 1573 1513 1607 non
1534 1556 1780 1607 concessis.
1853 1557 1940 1607 Vis
1964 1556 2192 1606 Herculis
2208 1556 2299 1605 sibi
2314 1554 2540 1618 patefecit
2561 1552 2741 1602 aditum

1468 1699 1741 1722 ‘omn
1744 1701 1834 1721 m

534 1793 797 1858 Fabricii3
854 1797 1128 1850 Subiectum
1154 1759 1304 1866 conj.
1346 1801 1706 1867 cuning.——33
1742 1802 1872 1852 Loeti
1902 1801 2004 1852 duo
2045 1801 2227 1866 optimi
2262 1799 2413 1850 codd.
2445 1796 2705 1849 Tot-rentii
2725 1813 2739 1857 ;

496 1881 501 1884 ·
534 1860 650 1910 Leti
673 1862 727 1910 in
750 1864 941 1913 ceteris
963 1865 1346 1929 eJusdemae—-M

1379 1862 1628 1932 Expertus
1646 1868 1709 1918 'st
1734 1868 1918 1920 maluit
1942 1868 2135 1918 Harius
2173 1867 2343 1930 Epist.
2361 1865 2498 1915 Crit.
2518 1879 2570 1927 p.
2587 1866 2742 1912 93.—

535 1928 602 1975 36
636 1927 869 1991 Per-rupit
887 1929 1165 1982 Acherunta
1179 1931 1267 1982 ed.
1286 1933 1546 1984 Lambini.
1611 1935 1662 1985 P

1813 1935 1933 1998 ’tque
1971 1934 2120 1982 Harl.
2141 1938 2189 1983 6.
2216 1931 2593 1981 vetustissimus
2616 1929 2743 1975 Bar-

533 1990 632 2040 tbii
649 2006 764 2044 cum
782 1995 1040 2045 nonnullis
1056 1996 1179 2047 edd.
1196 1999 1361 2063 antiq.
1381 2004 1437 2049 et
1451 2001 1525 2049 sic
1542 2000 1784 2061 conjecta
1821 2007 1878 2049 at
1893 1999 2076 2063 aliquis
2095 1998 2159 2047 ad
2176 2011 2340 2060 marg.
2357 1992 2745 2045 ed.Pulmanni.

534 2055 789 2121 Copulam
813 2074 919 2110 non
942 2069 1229 2125 agnoscunt
1251 2064 1439 2115 Bland.
1458 2065 1621 2116 Mart.
1649 2066 1795 2116 Can-r.
1818 2065 1982 2115 ceteri
2014 2064 2164 2113 Harl.
2198 2069 2255 2113 et
2290 2071 2397 2112 tres
2434 2060 2743 2110 Torreat.—

1525 2192 1741 2244 NOTAE

528 2281 730 2334 Scribit
784 2285 1189 2352 Theophrastus,
1239 2290 1438 2341 idcirco
1489 2291 1598 2342 dici

531 2358 925 2409 Prometheum«
951 2362 1241 2414 bominibus
1281 2365 1486 2416 dedisse
1519 2368 1598 2432 ig·

529 2444 649 2484 nem
692 2436 828 2485 coelo
866 2436 1159 2505 dereptum,
1201 2441 1323 2506 quia
1361 2443 1598 2494 Philoso-

529 2512 703 2577 phiam
746 2527 809 2563 ac
843 2514 1016 2565 lumen
1048 2518 1171 2567 vitae
1206 2518 1599 2585 intellectualis,

529 2583 649 2652 quae
684 2588 859 2639 divina
899 2597 1001 2654 est,
1034 2594 1343 2645 mortalibus
1382 2596 1600 2647 invexit.

527 2665 764 2732 Exsscie.
800 2668 957 2719 Tusc.
989 2683 1043 2719 v.
1082 2678 1138 2720 et
1178 2672 1313 2723 aliis.
1379 2674 1597 2724 Prome-

527 2741 684 2791 theus
707 2742 945 2792 Caucaso
980 2742 1166 2794 affixus
1197 2746 1434 2811 fingitur,
1458 2749 1598 2813 qnod

528 2833 597 2869 ex
616 2834 679 2869 eo
701 2828 879 2871 moute
915 2823 1166 2874 altissimo
1200 2825 1423 2877 siderum
1445 2835 1597 2877 natu·

528 2910 639 2946 ram
663 2911 725 2947 ac
745 2904 942 2948 motum
967 2897 1195 2951 studiose
1219 2905 1597 2968 contemplare-

529 2980 643 3025 tur:
680 2974 857 3040 ibique
891 2976 1174 3027 coelestium
1209 2980 1496 3043 cognitioni
1521 2996 1600 3032 se-

529 3048 655 3112 dulo
696 3049 1042 3104 incumberet.
1107 3054 1180 3104 Et
1220 3057 1362 3121 quod
1408 3058 1599 3110 exinde

526 3123 798 3177 fulminum
831 3128 1085 3178 rationem
1118 3138 1475 3194 perscrutatus
1509 3136 1597 3185 bo-

526 3203 754 3255 minibus
789 3203 1091 3269 indicasset,
1124 3203 1344 3261 fabulati
1378 3219 1499 3261 sunt
1521 3212 1597 3277 ig-

523 3293 648 3328 nem
669 3280 934 3330 coelestem
955 3280 1022 3331 ab
1042 3297 1104 3332 eo
1137 3293 1433 3350 surreptum
1458 3303 1518 3339 sc
1541 3290 1594 3339 iu

529 3362 696 3405 terras
719 3357 970 3407 delatum.
1034 3361 1278 3427 Denique
1303 3363 1479 3414 vultur
1499 3378 1595 3415 seu

524 3432 703 3498 aquila
723 3447 814 3483 cor
834 3432 973 3483 illins
997 3436 1240 3487 vellicans
1274 3441 1470 3504 optime
1491 3441 1596 3505 sig-

525 3506 711 3560 nificat
747 3509 1066 3581 anxietatem
1097 3514 1257 3580 animi
1287 3522 1489 3566 naturae
1508 3531 1594 3565 ιι·-

523 3600 658 3654 cana
696 3587 1018 3639 rimantis-et
1052 3592 1291 3643 non-sine
1316 3594 1494 3646 labore
1516 3594 1595 3643 in-

524 3662 855 3732 vestigantis.
920 3666 1122 3718 Eccles.
1148 3682 1188 3719 1.
1222 3668 1321 3717 ‘In
1334 3669 1598 3730 multass-

523 3740 726 3803 pientia
739 3742 905 3792 multa
926 3742 1218 3808 indignat-io
1240 3777 1254 3792 .
1270 3776 1284 3793 .
1301 3778 1317 3793 .
1336 3778 1352 3795 .
1370 3745 1520 3795 labor
1537 3752 1598 3797 et

524 3814 739 3869 afflictio
760 3811 1004 3884 spi'ritnsz
1045 3827 1102 3870 et
1132 3821 1220 3886 qui
1257 3821 1409 3872 addit
1429 3821 1597 3874 scien-e

524 3891 672 3956 tiam,
690 3892 839 3942 addit
862 3899 917 3942 et
938 3893 1212 3946 laborem.'
1585 3934 1594 3944 .

588 3975 657 4025 29
688 3972 814 4022 Post
834 3969 997 4031 mem
1025 3971 1245 4037 «etheria,
1264 3972 1374 4038 ξω]
1414 3973 1597 4026 Anim-

523 4046 743 4099 adverte
765 4059 1014 4110 expressa
1030 4044 1221 4097 fabulis
1252 4049 1384 4099 Adae
1407 4065 1597 4114 pecca.

525 4130 658 4183 tum,
695 4120 1003 4186 peccatique
1035 4124 1319 4193 stipendia,
1353 4134 1597 4192 mortem,

523 4197 755 4259 morbos.
782 4199 1068 4258 molestias,
1094 4203 1203 4253 Ate.
1236 4203 1317 4251 Ex
1343 4203 1600 4267 Hesiodo,

528 4288 651 4340 cum
670 4274 843 4340 ignem
864 4274 1066 4334 furatus
1087 4285 1229 4348 esset
1252 4278 1600 4333 Prometheus

1680 2290 1745 2341 ad
1771 2290 2068 2341 animandos
2100 2294 2301 2338 statuas
2324 2302 2354 2338 e
2377 2289 2489 2337 luto
2521 2300 2554 2335 a
2575 2301 2632 2336 se
2653 2285 2746 2335 tic-

1681 2376 1781 2431 tas,
1802 2368 1969 2417 iratus
1990 2366 2203 2431 Jupiter
2233 2364 2528 2415 Pandoram
2563 2363 2616 2412 in
2639 2371 2743 2413 ter-

1679 2459 1763 2495 ras
1806 2444 1962 2508 misit,
2008 2458 2123 2508 quae
2166 2450 2352 2507 aperta
2384 2437 2744 2505 pyxide'mala

1679 2520 1848 2572 omnia
1870 2518 2098 2570 diffudit.
2374 2569 2380 2575 ,
2599 2511 2606 2516 ’

1743 2602 1809 2648 32
1845 2598 2004 2647 Tarda
2022 2593 2300 2656 necessitas]
2323 2591 2632 2650 Melioribus
2651 2605 2744 2644 ειε-
2779 2653 2790 2658 ‚

1677 2676 1812 2726 culis
1848 2674 1955 2724 vita
1988 2680 2103 2721 erat
2136 2669 2323 2720 bomini
2345 2668 2657 2718 diuturnior.
2693 2668 2745 2717 S.

1679 2750 1926 2814 cyprian.
1964 2750 2064 2812 Ep.
2090 2762 2153 2798 ιι.
2187 2747 2240 2796 S.
2282 2746 2506 2809 August.
2541 2743 2606 2794 de
2630 2743 2744 2794 Civ-

1679 2839 1747 2875 11.
1788 2829 1870 2875 14.
1936 2825 2103 2875 Porro
2149 2838 2217 2872 ex
2251 2823 2427 2872 Sacris
2465 2819 2745 2871 codicibus

1678 2908 1931 2952 noverant
1986 2901 2192 2950 Etbnici
2242 2897 2627 2964 productiorem
2684 2911 2746 2947 ac

1677 2977 1965 3043 longiorem
1982 2976 2139 3027 fuisse
2156 2975 2316 3025 vitam
2333 2973 2514 3038 primis
2531 2972 2747 3024 bomini·

1678 3053 1790 3105 bus.
1818 3054 1957 3103 Plin.
1982 3052 2209 3102 Prooem.
2226 3048 2317 3100 lib.
2343 3062 2462 3099 xiv.
2485 3050 2501 3076 ‘
2523 3048 2745 3112 Quando

1675 3131 1923 3194 voluptas
1969 3128 2144 3180 vivere
2180 3126 2361 3191 coepit,
2388 3127 2497 3176 vita
2519 3126 2634 3190 ipsa
2654 3125 2745 3175 de·

1676 3206 1803 3257 siit.'

1742 3285 1807 3333 34
1841 3281 2110 3344 DaedalwsJ·
2134 3279 2188 3329 Is
2224 3272 2376 3330 faber
2413 3278 2746 3329 Atheniensis

1676 3358 2021 3425 peritissimus
2058 3363 2172 3407 erat
2203 3364 2258 3406 et
2282 3370 2529 3421 perquam
2552 3356 2749 3420 ingeni-

1678 3450 1829 3487 osusz
1865 3434 2030 3483 multa
2071 3432 2278 3498 quidem
2321 3425 2567 3496 invenit:
2625 3432 2748 3481 navi

1676 3513 1871 3578 primns
1907 3510 2105 3561 dicitur
2137 3511 2286 3571 ¹vela,
2320 3511 2528 3569 malum,
2562 3519 2745 3559 anten-

1674 3602 1769 3638 nas
1794 3587 2114 3652 imposuisse.
2177 3586 2466 3636 Pausanias
2483 3586 2535 3633 in
2553 3585 2747 3636 Boeoti-

1676 3665 1768 3719 cis.
1824 3664 1967 3713 Plin.
1994 3678 2096 3715 vn.
2116 3668 2199 3714 56.
2220 3665 2333 3728 jam
2355 3664 2448 3714 cit.
2513 3663 2644 3711 Inde
2667 3660 2745 3711 fs-

1675 3740 1841 3806 bulati
1864 3747 1987 3792 sunt
2007 3740 2281 3791 Daedalum
2303 3740 2485 3805 pennis
2507 3738 2606 3788 sibi
2624 3753 2746 3789 cera

1677 3816 1963 3882 compactis
1989 3817 2221 3868 avolasse
2248 3817 2449 3866 Minois
2481 3830 2643 3880 regna
2665 3813 2743 3864 fn-

1562 3919 1568 3926 ·
1677 3894 1929 3960 gientem,
1946 3893 2014 3943 de
2033 3908 2137 3959 quo
2160 3892 2310 3956 Virg.
2334 3891 2537 3942 AEueid.
2559 3904 2638 3940 vr.
2659 3892 2744 3941 14.

1679 3971 1839 4025 ovid.
1865 3973 2002 4023 Met.
2027 3984 2161 4022 vm.
2192 3968 2411 4020 Diodor.
2440 3968 2548 4018 Sic.
2585 3980 2639 4017 v.
2662 3971 2743 4026 18,

1676 4053 1806 4177 &36
1846 4125 2074 4190 Perrupit
2096 4124 2368 4176 Acheronta
2392 4123 2656 4173 Herculeus
2671 4122 2742 4172 lu·

1678 4205 1786 4270 bor]
1819 4205 1873 4254 Is
1916 4202 2212 4254 inferorum
2258 4199 2445 4252 fluvius
2481 4213 2576 4264 pro
2616 4199 2742 4262 ipsis

1678 4279 1877 4335 Inferis
1896 4295 2000 4334 non
2035 4294 2156 4334 raro
2191 4278 2406 4346 ponitur
2431 4274 2656 4341 Synecd.
2673 4274 2741 4341 dp
