3059 4909
572 339 700 407 130
1293 356 1362 417 q.
1408 354 1730 405 nonam
1783 354 2047 405 rnaecl

834 503 1114 568 Fluctus
1137 504 1168 567 'l
1213 446 1291 567 ot!
1339 500 1503 617 quid
1539 454 2124 614 agislsfortiter
2056 521 2315 585 occupa

919 585 1221 711 Portum.
1313 579 1559 670 Nonne
1564 603 1812 713 videS,
1834 611 1910 670 ut

1000 670 1279 774 Nu‘dum
1307 679 1587 794 remigio
1617 674 1819 789 latuS,

827 809 918 876 Et
944 811 1160 876 malus
1190 811 1390 877 celeri
1420 813 1693 876 saucius
1724 810 1983 890 Africo,
2723 816 2765 878 5

567 1010 687 1057 tene.
750 1003 926 1057 Annon
940 1007 1093 1056 cernis
1107 1007 1230 1070 quod
1244 1008 1369 1055 latus
1389 1010 1521 1055 tuum
1543 1008 1612 1053 est
1626 1002 1772 1053 remis
1792 1004 2085 1070 destitutum,
2104 1010 2153 1056 et
2175 1005 2326 1055 malus
2353 1010 2518 1056 austra
2529 1004 2764 1069 precipiti

1487 1164 1575 1184 OOC
1581 1163 1852 1185 ONWOOO

566 1282 1662 1346 utsitinterrogatio,venen-14⁷⁷.1478.
1689 1284 1835 1330 1479.
1871 1280 2763 1346 Ascens.Marcil.Bentl.Cuning.

567 1348 758 1399 Sanad.
776 1349 918 1409 Jani,
938 1349 1154 1398 Mitsch.
1176 1348 1384 1412 Bipont.
1409 1346 1629 1396 wetzel
1654 1344 1836 1395 Comb.
1860 1353 1915 1395 et
1948 1347 2110 1396 Kidd.
2128 1347 2216 1396 alii
2241 1360 2364 1396 vero
2387 1348 2539 1396 eolon
2566 1353 2763 1411 ponunt

564 1420 685 1474 post
727 1384 953 1463 Fluctua:
989 1419 1047 1462 ut
1084 1412 1314 1463 Lambin.
1353 1412 1508 1462 Cru.
1547 1411 1787 1461 Tot-rent.
1831 1411 2016 1461 Heius.
2054 1413 2235 1475 steph.
2267 1412 2460 1475 Delpli.
2500 1411 2670 1462 Bond.
2709 1419 2764 1462 et

563 1478 831 1528 Schrevel.
857 1486 1104 1543 punctum
1129 1476 1405 1527 rotundum
1499 1473 1740 1526 alneti—3
1777 1477 1956 1526 Bentl.
1980 1476 2114 1540 conj.
2147 1491 2265 1527 none
2287 1477 2434 1538 vides,
2455 1482 2509 1526 ut
2533 1478 2604 1526 N.
2625 1492 2670 1528 r.
2692 1479 2763 1526 la-

500 1570 509 1585 ·
565 1547 672 1592 tus?
707 1550 763 1594 et
786 1543 859 1593 sic
878 1543 1138 1594 dederunt
1160 1544 1383 1606 Cuning.
1406 1550 1462 1592 et
1483 1540 1675 1592 Sanad.
1677 1547 1772 1590 -5
1815 1542 1883 1593 Ut
1905 1543 2055 1592 malus
2077 1542 2219 1592 celeri
2241 1542 2379 1605 conj.
2403 1541 2621 1606 Cuning.
2693 1543 2762 1591 Et

1536 1690 1586 1740 N
1593 1688 1751 1739 01*AE

561 1785 776 1851 fugatis,
793 1786 1021 1839 fractus:
1054 1791 1203 1841 malas
1224 1790 1392 1852 Africo
1419 1789 1626 1853 saucius,
1704 1787 2018 1839 terfectores
2040 1787 2105 1836 de
2130 1783 2479 1852 recuperanda
2496 1785 2763 1851 libertate,

560 1862 787 1927 Magnus
825 1864 1104 1929 Pompeius
1140 1881 1171 1915 a
1205 1867 1514 1928 Ptolemaeo,
1538 1866 1625 1915 ΙΕ-
1700 1865 1825 1931 quid
1868 1863 2010 1915 aliud
2053 1878 2204 1928 quam
2257 1861 2551 1912 incenditur
2604 1876 2763 1925 grave

561 1941 711 2005 gypti
766 1942 930 2008 Rege,
987 1941 1184 1993 nefarie
1239 1942 1619 1993 obtruncatus.
1699 1941 1913 2005 bellum,
1957 1955 2019 1990 ac
2064 1941 2350 1990 Romanum
2402 1936 2764 2003 pessumdatur

558 2021 776 2066 antennae
803 2018 1072 2082 gementes,
1114 2020 1388 2070 Senatores
1430 2019 1619 2083 aliique
1701 2017 2023 2082 Imperium?

559 2090 835 2156 Principes
871 2094 1111 2158 Pompeii
1147 2093 1309 2144 fatum
1348 2093 1616 2143 dolentes.

556 2169 720 2217 carina
751 2170 855 2218 sine
870 2170 1091 2229 funibus,
1127 2171 1364 2220 aerarium
1392 2170 1503 2218 sine
1527 2182 1616 2233 pe-

559 2240 734 2302 cunia,
769 2257 884 2307 qnae
922 2258 1108 2293 nervus
1150 2244 1272 2293 belli
1310 2250 1423 2293 estt
1468 2243 1619 2293 lintea

556 2333 649 2366 mm
682 2319 892 2382 integra,
913 2321 1103 2370 vexilla
1125 2329 1180 2372 et
1212 2318 1441 2386 legiones
1467 2320 1618 2370 dissi-

556 2402 728 2457 pataez
763 2411 949 2460 equora
987 2399 1220 2463 Cycladas
1245 2399 1452 2448 suentes
1467 2398 1617 2447 inter·

544 2470 684 2534 suasa,
714 2488 831 2538 quae
867 2478 1041 2525 caveri
1069 2484 1227 2541 atque
1249 2476 1437 2525 evitari
1461 2474 1614 2523 debe·

558 2553 685 2608 ant‘3
720 2549 1040 2612 quorundam
1078 2551 1371 2616 potentium
1407 2549 1617 2599 occulta

555 2625 792 2687 ambitio,
840 2627 1136 2694 invidiaque
1187 2630 1367 2679 alienae
1421 2626 1615 2690 gloriae.

555 2701 769 2765 Quippe
787 2703 838 2752 hi
850 2718 919 2754 sae
926 2720 1009 2769 pe,
1027 2706 1263 2770 specioso
1277 2705 1496 2770 publieae
1511 2703 1614 2753 uti·

553 2776 713 2825 litatis
738 2786 1019 2840 praetextu,
1042 2782 1199 2831 rebus
1235 2782 1339 2830 suis
1363 2780 1613 2830 student:

555 2861 710 2918 atque
732 2863 793 2905 nt
814 2857 1059 2907 militaria
1074 2859 1308 2922 imperia,
1329 2858 1615 2922 dignitates

553 2942 615 2977 ac
640 2930 973 2993 magistratus
994 2940 1228 2997 captent,
1249 2948 1427 2998 pacem
1451 2934 1616 2998 impe-

554 3003 726 3066 diunt,
739 3006 917 3057 turbas
937 3007 1134 3070 fovent,
1148 3011 1348 3073 populis
1371 3010 1615 3076 illudunt,

548 3082 833 3141 perniciem
855 3083 1044 3135 civium
1064 3085 1357 3137 moliuntur.

617 3160 644 3204 1
681 3159 863 3222 Navis]
914 3161 1064 3211 Bruti
1101 3176 1225 3226 pars
1256 3161 1477 3226 intelligi
1518 3176 1610 3225 po-

551 3239 676 3294 test,
711 3235 849 3285 sicut
887 3237 1219 3301 Pompeianae
1258 3244 1434 3302 partes
1470 3238 1612 3288 Navi

551 3306 890 3373 designantur
925 3315 1062 3379 apud
1101 3315 1211 3364 Cic.
1245 3314 1416 3379 Epist.
1457 3327 1524 3366 11.
1557 3319 1607 3364 5.

552 3390 607 3432 et
628 3397 728 3436 xu.
752 3392 836 3437 26.

617 3461 746 3509 Novi
752 3462 959 3528 flnctus]
993 3466 1225 3517 Primum
1239 3466 1395 3517 civile
1416 3466 1609 3517 bellum

549 3537 744 3587 exarsit
785 3538 1041 3591 Caesarem
1080 3543 1220 3593 inter
1261 3549 1318 3593 et
1358 3544 1606 3605 Magnum

548 3611 853 3677 Pompeium
872 3632 888 3678 3
925 3619 1140 3669 alterum
1157 3621 1297 3669 inter
1312 3618 1607 3683 Augustum

546 3690 952 3762 Antoniumque,
991 3704 1048 3747 et
1083 3698 1305 3747 Caesaris
1338 3711 1605 3760 percusso-

547 3778 633 3814 res
654 3768 883 3818 Cassium
903 3779 959 3820 et
975 3772 1226 3833 Brutnm3
1247 3773 1456 3821 tertium
1470 3771 1609 3820 inter

543 3841 785 3894 Sextum.
800 3846 1108 3910 Pompeium
1145 3848 1328 3913 Magni
1360 3846 1523 3897 filium
1552 3852 1609 3896 et

547 3916 869 3982 Augustum3
900 3921 969 3970 de
1008 3924 1193 3986 quibus
1232 3924 1349 3974 vide
1383 3923 1609 3990 Appian.

543 3993 637 4042 lib.
660 4007 736 4043 tv,
759 3995 1024 4048 Plutarch.
1045 4001 1146 4048 διο.

607 4072 640 4117 2
679 4068 760 4119 0!
802 4071 917 4133 quid
949 4072 1082 4136 agio]
1133 4074 1338 4138 Nempe
1376 4073 1606 4124 Antonio

543 4143 691 4200 hoste
709 4145 905 4194 Patriae
930 4147 1190 4213 judicato,
1219 4150 1486 4214 literisque
1509 4165 1605 4214 per

542 4216 793 4272 Senatum
832 4221 967 4279 datis
1003 4224 1068 4275 ad
1103 4225 1235 4278 Julii
1271 4225 1489 4277 Caesaris
1526 4226 1602 4276 in·

1764 2093 1984 2143 Fortiter
2002 2107 2172 2156 occupa
2195 2090 2423 2155 Portum]
2446 2089 2566 2141 Una
2582 2061 2761 2141 salutis

1700 2167 1835 2217 ratio
1858 2174 1973 2218 est.
2015 2181 2270 2230 compone
2291 2181 2477 2231 pacem
2514 2181 2630 2216 cum
2656 2166 2765 2217 Oe-

1701 2250 1808 2295 tav.
1829 2244 2088 2308 Angusto,
2106 2243 2190 2293 cui
2209 2243 2307 2292 nisi
2328 2256 2573 2292 summam
2589 2242 2762 2292 defers

1699 2335 1889 2382 rerum,
1936 2334 2198 2384 nunqnam
2239 2333 2364 2368 sane
2408 2319 2760 2384 conquiesces.

1698 2397 2065 2461 Conjeetnram
2088 2395 2413 2445 audaciorem
2437 2397 2763 2461 quorundam

1696 2475 1974 2523 retundere
1999 2473 2204 2522 videtur
2226 2473 2325 2522 iste
2348 2473 2507 2522 locus.
2545 2473 2661 2524 Nec
2683 2480 2765 2523 est
2826 2480 2831 2487 '

1699 2549 1839 2615 quod
1858 2557 1949 2599 aut
1962 2550 2202 2599 Muretus
2228 2548 2551 2601 Quintiliano
2572 2550 2764 2599 dormi-

1700 2629 1951 2679 tationem
1963 2630 2037 2678 ita
2047 2627 2376 2691 objiciat,aut
2389 2628 2558 2678 Faber
2573 2630 2763 2681 Critic.

1699 2706 1868 2768 Epist.
1889 2709 1971 2754 54.
1997 2706 2233 2767 alterque
2256 2702 2305 2753 ei
2328 2704 2640 2767 astipulatus
2661 2706 2763 2757 sibi

1699 2780 1953 2845 plaudant
1975 2786 2032 2830 et
2064 2782 2357 2829 acclament
2379 2780 2524 2828 velut
2544 2780 2760 2835 invento

1697 2855 1824 2920 Api,
1863 2855 2192 2905 exultantes:
2246 2853 2520 2920 εὑρήκαμεν,
2554 2858 2762 2921 συγχαί.

1693 2947 1857 2996 ρωμεν.
1911 2930 2191 2980 Enimvero
2213 2930 2273 2986 si,
2299 2930 2435 2993 quod
2460 2933 2641 2983 volunt
2664 2935 2764 2999 illi,

1695 3008 1833 3057 citra
1883 3005 2247 3070 Metapboram
2302 3014 2394 3056 aut
2439 3007 2762 3073 Allegoriam

1697 3081 1894 3131 scribat
1929 3080 1996 3130 ad
2026 3095 2140 3130 eam
2163 3082 2356 3147 navim,
2378 3097 2481 3147 qua
2504 3085 2584 3134 sui
2607 3086 2762 3137 amici

1691 3159 1883 3211 iratum
1919 3156 2212 3219 Augustum
2244 3165 2537 3211 metuentes
2571 3159 2761 3226 fugere

1693 3233 2067 3300 properabant,
2106 3233 2252 3297 sique
2288 3235 2384 3284 hac
2420 3234 2539 3285 Ode
2574 3252 2759 3287 seeun-
2790 3268 2793 3271 ι

1690 3311 1818 3362 dam,
1834 3310 1884 3359 ei
1901 3309 2280 3372 navigationem
2300 3316 2633 3376 apprecatur,
2652 3327 2757 3364 non

1691 3402 1841 3441 secus
1893 3402 1955 3437 ac
2010 3388 2129 3437 navi
2196 3387 2424 3438 Athenas
2478 3391 2756 3454 Virgilium

1693 3463 2067 3525 transvehenti‚
2091 3462 2196 3513 Od.
2224 3477 2314 3513 111.
2354 3479 2454 3530 quo
2491 3479 2643 3516 sensu
2678 3466 2756 3516 di-

1692 3547 1838 3591 ceret
1891 3540 2009 3591 hic:
2062 3541 2269 3601 sortiter·
2320 3557 2492 3606 occupa
2544 3546 2753 3607 portum.

1687 3616 1855 3666 Immo
1897 3631 2022 3666 vero
2059 3617 2325 3668 debuisset
2369 3619 2648 3669 inclamare
2686 3620 2754 3669 ad

1687 3693 2056 3743 immorantes:
2103 3695 2119 3722 ‘
2134 3694 2331 3743 solvite*
2354 3695 2591 3758 protinus
2604 3695 2639 3756 ς’
2685 3697 2752 3746 ad

1690 3769 1860 3819 navim
1885 3777 2057 3819 autem
2078 3786 2091 3819 ε
2127 3770 2144 3798 ‘
2160 3777 2364 3835 portum
2381 3771 2517 3820 hunc
2538 3772 2643 3821 cito
2666 3772 2754 3821 de-

1691 3860 1808 3896 sere
1832 3861 1933 3896 non
1971 3854 2170 3908 tntum3
2219 3847 2444 3896 statione
2480 3849 2613 3897 male
2649 3848 2752 3898 fida

1691 3923 1864 3973 statim
1884 3923 2037 3986 cede,
2054 3924 2108 3973 in
2126 3937 2225 3989 qua
2237 3924 2577 3988 periculosius
2596 3940 2750 3990 quam

1687 3999 1740 4049 in
1763 3999 1870 4048 alto
1891 3999 2021 4049 marl
2045 3999 2347 4051 versarere?

1750 4080 1782 4124 ο
1815 4074 2014 4139 Africa]
2067 4075 2240 4125 Vento
2288 4073 2640 4141 Meridionali,
2684 4076 2749 4126 de

1686 4166 1789 4218 quo
1811 4152 1999 4215 virgil.
2019 4151 2223 4207 AEneid.
2250 4166 2291 4203 1.
2316 4156 2397 4204 89.
2427 4153 2446 4182 ‘
2462 4152 2748 4219 creberque

1685 4228 1931 4293 procellis
1950 4225 2198 4278 Africus?
