3059 4909
1067 332 1485 383 canutum«
1537 335 1684 387 nm.
1730 337 1779 384 1.
1821 320 1890 388 2.

2492 323 2578 388 71

634 479 916 547 Labitur
942 478 1091 564 ripa
1117 478 1332 566 (Jove
1359 501 1493 549 non
1523 481 1893 570 probante)
1922 506 1994 551 u·

1066 617 1079 632 ,
1152 585 1385 650 xorius
1410 586 1651 652 amnis·

2486 592 2574 656 20

632 685 889 751 Audiet
917 686 1109 753 cives
1136 689 1403 754 acuisse
1430 690 1699 771 ferrum,
1799 777 1805 783 .

628 786 789 869 Quo
819 809 1060 874 graves
1089 791 1319 858 Persae
1346 794 1588 859 melius
1618 797 1944 880 perirent3

621 892 877 959 Audiet
904 913 1190 980 pugnata,
1221 897 1390 962 vitio
1420 904 1776 980 parentum

1140 996 1327 1063 Rara
1344 1000 1695 1083 juventus.

622 1095 844 1178 Quem
874 1107 1077 1166 vocet
1105 1100 1358 1168 Divum
1387 1102 1692 1188 populus
1719 1104 1970 1169 ruentis

621 1199 874 1286 Imperi
905 1203 1155 1269 rebus?
1199 1224 1397 1289 prece
1429 1224 1567 1290 qua
1594 1206 1875 1290 fatigent

615 1301 934 1389 Virgines
963 1313 1219 1373 sanctae
1250 1309 1472 1374 minus
1503 1306 1881 1375 audientem

1147 1410 1466 1479 Carmina
1496 1412 1827 1480 Vestam?

358 1580 560 1642 modum,
581 1594 631 1630 se
653 1580 888 1632 vindicem
907 1585 1132 1644 matut,
1154 1586 1295 1645 utque
1311 1582 1366 1631 in
1386 1582 1556 1631 levum
1578 1583 1717 1632 littus
1735 1589 1861 1632 mae
1883 1582 2147 1633 exundans.
2202 1583 2413 1632 ducenas
2429 1553 2570 1645 pauci

356 1646 492 1706 culpa
511 1652 764 1707 parentum
791 1646 987 1696 audient
1018 1647 1275 1712 aliquando
1294 1647 1526 1696 Romaim
1556 1647 1814 1698 sev-iumine
1830 1649 2036 1711 gladios,
2066 1647 2236 1712 quibus
2251 1648 2393 1709 ,iuste
2410 1645 2569 1707 mgis

354 1710 711 1770 confoderentur
732 1713 896 1761 Persa·
913 1725 1121 1774 grava,-
1154 1713 1422 1775 discantque
1445 1711 1567 1763 bellu
1596 1714 1774 1763 cicilia.
1844 1714 1996 1770 Quem
2017 1713 2232 1764 Deorum
2259 1727 2383 1777 popu

2384 1712 2458 1761 lus
2488 1711 2566 1758 in-

354 1779 486 1846 vocet
521 1776 707 1827 labem
739 1773 1042 1841 Republica?
1110 1777 1296 1835 Quibus
1316 1777 1444 1827 votis
1462 1778 1711 1829 instabunt
1743 1778 1972 1843 Virgines
1998 1785 2199 1829 σαι-ναίω
2217 1779 2346 1843 apud
2373 1777 2568 1829 Vestam

1272 1904 1639 1926 omum

352 1985 616 2052 Salmasio,
642 1989 835 2055 Syllog.
863 1977 1032 2058 Epist.
1058 1997 1184 2043 tom.
1210 2006 1272 2044 ιι.
1298 2007 1353 2057 p.
1374 1995 1625 2059 san-20
1666 1989 1879 2042 Uxorem
1898 1992 2054 2041 amuis
2090 1991 2143 2040 in
2178 2005 2253 2039 vs.
2274 1992 2356 2038 20.
2378 1988 2563 2050 legunt

357 2049 504 2101 Harl.
530 2056 578 2105 1.
601 2057 653 2105 2.
676 2060 724 2106 8.
749 2060 799 2107 5.
833 2061 886 2107 6.
931 2058 1055 2108 Vet.
1091 2055 1274 2110 Comb.
1310 2058 1529 2108 Venett.
1565 2060 1713 2108 1477.
1748 2059 1897 2109 1478.
1933 2058 2081 2108 1479.
2114 2063 2171 2107 et
2208 2055 2327 2105 aliae
2360 2059 2564 2103 vett.—

1347 2188 1565 2241 NOTAE
1664 2191 1668 2195 '

411 2304 475 2349 19
507 2301 632 2351 Jove
668 2317 764 2352 mm
795 2302 1050 2367 probante]
1104 2302 1121 2331 ‘
1146 2303 1200 2353 Si
1240 2304 1413 2355 omnia

346 2375 455 2426 fato
487 2375 635 2435 fiant,
670 2392 766 2428 cur
803 2393 907 2430 non
946 2379 1132 2444 probat
1162 2380 1410 2444 Jupiter?

348 2461 439 2503 aut
460 2456 507 2503 si
524 2455 739 2520 Jupiter
762 2470 865 2506 non
887 2456 1096 2523 probat,
1113 2471 1207 2508 cur
1230 2457 1412 2506 adver·

346 2545 430 2579 sus
453 2529 616 2581 fatum
638 2530 844 2584 Tiberis
866 2534 1003 2586 ruit?
1029 2534 1140 2584 sive
1163 2535 1274 2583 vult
1297 2534 1412 2584 Cae·

344 2608 470 2656 saris
509 2607 650 2657 ultor
694 2622 830 2670 esse,
863 2608 988 2675 quid
1030 2609 1192 2673 igitur
1231 2610 1409 2659 Romae

344 2685 697 2748 pulcherrima
713 2692 768 2734 et
787 2684 1173 2751 religiosissima
1187 2699 1410 2751 quaeque

342 2761 643 2826 demolitur,
665 2777 781 2813 cum
805 2762 1022 2814 Romam
1042 2762 1208 2828 ipsam
1234 2762 1409 2813 Caesa·

339 2840 409 2889 ris
430 2839 709 2904 nepotibus
735 2839 1068 2904 promiserint
1091 2837 1269 2889 fata?'
1316 2840 1406 2890 Sic

341 2931 530 2984 magna
552 2917 617 2965 lis
638 2916 863 2967 Horatio
884 2922 1027 2967 mota
1051 2931 1083 2968 a
1113 2915 1147 2968 J
1153 2917 1223 2966 ul.
1245 2916 1407 2969 Scali-

340 3008 483 3057 gero.
551 2991 818 3058 Numquid
863 3007 987 3044 vero
1025 3002 1259 3044 nostrum
1307 2996 1410 3046 erit

343 3071 476 3119 viros
521 3069 662 3119 inter
692 3076 867 3119 tantos
903 3077 1071 3120 tantas
1091 3084 1407 3136 componere

340 3146 510 3194 rixas?
546 3146 620 3195 At
637 3146 1013 3197 cavillationem
1034 3162 1279 3213 agnosce,
1302 3149 1405 3201 lec-

343 3232 438 3284 tor,
454 3237 520 3271 ne
536 3222 708 3272 dicam
726 3223 1117 3287 sycophantiam
1141 3225 1408 3290 vitilitiga-

340 3302 491 3349 toris.
538 3299 747 3366 Probat
763 3299 980 3365 Jupiter
1002 3315 1129 3352 sane
1152 3302 1407 3355 vindicari

337 3374 587 3444 nefariam
620 3376 817 3427 caedem
853 3377 1114 3443 Principis
1138 3385 1194 3429 et
1219 3379 1403 3432 Ponti-

336 3451 465 3504 ficis.
518 3453 678 3505 Ovid.
711 3454 852 3505 Fast.
885 3468 976 3507 111.
997 3459 1114 3508 ⁷06.
1144 3457 1161 3485 ³
1186 3454 1263 3507 At
1289 3458 1401 3523 qui·

337 3545 556 3597 cumque
587 3531 733 3583 nefas
763 3534 894 3598 ausi,
923 3534 1235 3599 probibente
1257 3538 1399 3587 Deo·

333 3625 444 3661 rum
482 3610 729 3676 Numine,
765 3612 1061 3677 polluerant
1091 3612 1399 3670 Pontificale

335 3686 531 3751 caput!
596 3686 673 3738 At
715 3701 819 3739 non
859 3687 1045 3752 probat
1078 3689 1216 3755 quod
1252 3692 1404 3743 uxori

332 3762 445 3814 111ae
484 3763 858 3829 obsequentior
893 3762 1082 3816 fluvius
1115 3768 1255 3816 ultra
1293 3783 1402 3818 mo-

334 3840 457 3892 dum
473 3847 745 3905 evagetur,
760 3850 953 3907 eatque
968 3842 1234 3907 dejectum
1251 3859 1402 3894 sacra

332 3916 659 3985 profanaque
678 3918 789 3971 sine
814 3920 919 3972 ullo
936 3919 1248 3972 discrimine.
1283 3922 1401 3973 Nec

333 3994 557 4045 absurde
590 3994 677 4045 alii
722 3996 977 4061 scribunt,
1014 3997 1137 4049 Jovi
1175 3997 1399 4064 Diisqne

333 4086 435 4121 non
479 4072 691 4137 placere
727 4073 867 4139 quod
906 4073 1110 4127 Tiberis
1153 4075 1399 4126 moliatur

333 4149 555 4218 Qaes‘aris
575 4149 849 4216 ultionem,
862 4165 1016 4219 quam
1032 4150 1272 4218 Augusto
1288 4150 1398 4206 fata

332 4225 687 4278 reservabant.

1560 2309 1627 2355 20
1665 2301 1901 2369 Uxorius]
1936 2299 2102 2354 Uxori
2135 2303 2252 2367 plus
2285 2313 2435 2365 equo
2468 2299 2561 2349 de-

1492 2382 1635 2434 ditus
1653 2391 1708 2433 et
1728 2382 2016 2446 indulgens.
2054 2379 2246 2443 Virgil.
2264 2375 2467 2428 AEneid.
2484 2389 2562 2426 tv.

1490 2463 1610 2509 226.
1655 2461 1670 2487 ‘
1693 2460 2066 2525 pulchramque
2108 2454 2324 2507 uxorius
2379 2450 2557 2502 urbem
2601 2525 2604 2528 A

1490 2535 1769 2586 Exstruis.'

1557 2615 1618 2662 21
1656 2612 1839 2662 Audiet
1869 2610 2011 2667 cives,
2037 2607 2144 2674 ξω]
2179 2605 2343 2659 Quasi
2378 2602 2559 2652 vatici-

1491 2698 1651 2740 natur
1673 2686 1926 2739 Hoiatius
1951 2691 2169 2752 peracta
2182 2684 2293 2749 Jam
2326 2680 2466 2731 bella
2485 2678 2558 2728 ci·

1492 2766 1633 2829 vilia,
1654 2764 1845 2832 quibus
1869 2763 2023 2814 ltalia
2043 2760 2262 2824 foedata,
2285 2763 2343 2809 et
2363 2756 2557 2807 mutuis

1488 2843 1789 2893 vulneribus
1831 2841 1974 2893 cives
2009 2837 2253 2900 absumti,
2280 2836 2559 2901 juventus-

1488 2934 1590 2986 qne
1612 2920 1881 2971 imminuta
1914 2932 1976 2969 ac
2008 2929 2175 2982 prope
2195 2911 2457 2965 exhausta
2479 2906 2557 2959 fu·

1488 3003 1624 3048 erat.
2173 3039 2178 3046 ,

1554 3078 1620 3124 22
1645 3073 1847 3124 ‘Graves
1889 3068 2085 3134 Persr'e]
2140 3064 2347 3129 Parthi,
2388 3070 2448 3113 ut
2487 3061 2553 3113 ad

1487 3151 1689 3201 calcem
1712 3148 1862 3214 hujus
1887 3146 2033 3198 Odes
2058 3143 2338 3205 annotabo,
2361 3141 2553 3192 intelli·

1485 3226 1663 3292 gendi.
1714 3226 1922 3287 Graves,
1945 3238 2036 3274 seu
2059 3221 2126 3273 ob
2145 3232 2401 3270 armorum
2428 3231 2554 3281 pon-

1486 3304 1602 3368 dus,
1622 3317 1712 3353 seu
1739 3301 1877 3368 quod
1895 3298 2138 3351 Romanis
2154 3297 2244 3347 diu
2268 3309 2453 3361 graves
2479 3294 2556 3342 in·

1485 3380 1738 3443 cubuere,
1777 3379 1861 3429 vel
1907 3382 2124 3444 propter
2160 3388 2312 3425 unam
2346 3369 2552 3423 cladem

1486 3454 1917 3518 Crassianam,de
1936 3468 2037 3519 qua
2060 3460 2241 3518 postea
2256 3448 2425 3501 dicam
2446 3464 2552 3500 am·

1482 3534 1641 3598 plius,
1680 3539 1789 3583 tum
1828 3529 1975 3593 alibi,
2007 3536 2117 3580 tum
2164 3527 2429 3593 proecipue
2471 3537 2553 3572 tv.

1484 3610 1591 3661 od.
1615 3614 1696 3660 15.

1480 3670 1487 3678 ’
1546 3692 1611 3737 23
1660 3686 1792 3738 Vitio
1827 3677 2104 3748 parentum]
2158 3677 2266 3727 Per
2311 3674 2550 3726 ambitio-

1481 3779 1620 3826 nem,
1638 3760 2002 3828 cupiditatem,
2019 3757 2163 3809 iram,
2181 3753 2234 3802 in
2256 3760 2419 3803 semet
2444 3752 2550 3817 gla-

1479 3841 1593 3889 dios
1606 3834 1992 3901 stringentium,
2005 3828 2193 3897 quibus
2206 3830 2383 3879 hostes
2398 3835 2550 3879 erant

1480 3912 1719 3981 petendi.

1545 3994 1609 4042 27
1650 3986 1876 4052 Virgines
1904 3982 2107 4049 sama]
2146 3981 2390 4034 Vestales
2412 3980 2546 4047 ignis

1478 4067 1668 4122 eterni
1690 4063 1952 4129 custodes,
1963 4063 2143 4112 Vesta
2167 4065 2426 4126 perpetua
2443 4058 2546 4107 vir-

1478 4147 1702 4213 ginitate
1754 4148 1811 4192 et
1857 4154 2057 4191 summo
2105 4138 2250 4188 cultu
2297 4133 2547 4195 addictae,

1475 4226 1703 4291 hincque
1748 4219 1816 4272 ad
1851 4215 2159 4286 placandum
2197 4213 2311 4278 ejus
2352 4225 2544 4262 numen
