3059 4909
517 371 645 437 136

1243 390 1309 450 q.
1359 388 1679 439 noRA'rn
1734 393 1996 443 abaco!
2079 374 2088 383 “

776 530 1063 610 HastaS,
1094 538 1157 596 et
1185 534 1427 599 calami
1450 537 1714 619 spicula
1746 536 2025 604 Gnossii

776 631 1067 713 vitabis,
1099 636 1601 721 strepitumque,
1632 646 1698 703 et
1720 640 2002 705 celerem
2031 643 2218 723 sequi

779 732 1077 817 Ajacem.
1166 738 1440 816 Tamen,
1472 741 1645 804 heu!
1691 762 1882 806 serus
1915 743 2253 808 adulteros

863 836 1098 907 Crines
1127 840 1402 923 pulvere
1435 843 1733 908 collineS.

2628 847 2712 912 20

776 939 937 1005 Non
969 940 1397 1018 Laertiaden,
1432 946 1710 1009 exitium
1744 952 1878 1009 tuae

773 1042 1031 1121 GentiS,
1060 1063 1192 1108 non
1226 1044 1493 1128 Pylium
1521 1044 1811 1113 Nestora
1843 1047 2129 1130 respicis
2153 1048 2182 1109 'l

513 1255 824 1320 sonitumque,
859 1263 1079 1308 elacrem
1111 1258 1387 1322 insequendo
1412 1258 1619 1319 Ajacem.
1686 1259 1929 1324 Attamen,
1948 1261 2081 1311 heu!
2117 1264 2252 1311 tarde
2290 1261 2484 1310 moeclws
2520 1260 2712 1323 capillos

506 1321 699 1381 pulvere
732 1322 989 1386 insperges.
1063 1323 1234 1373 Nonne
1274 1324 1402 1373 vides
1429 1318 1594 1388 filium
1615 1324 1824 1388 Lu‘e‘rtis,
1859 1341 2009 1376 nonne
2045 1326 2238 1390 Pylium
2261 1327 2515 1376 Nestorem
2543 1327 2711 1389 populo

1425 1483 1787 1504 “NOO‘OOOOO

518 1596 701 1657 Cnosii,
740 1599 951 1648 Gnossii.
1016 1600 1149 1650 Vide
1182 1601 1333 1649 Varr.
1374 1600 1546 1649 Leett.
1575 1600 1639 1648 ad
1678 1600 1785 1649 Od.
1813 1612 1952 1649 xxx.
1986 1602 2167 1650 1.-18
2201 1599 2350 1649 Harl.
2381 1604 2431 1648 6.
2463 1599 2713 1663 strepitus·

511 1674 640 1722 que,·
692 1664 928 1714 Waddel.
966 1662 1245 1716 Animadv.
1293 1665 1448 1714 Critt.

1490 1680 1541 1728 p.
1583 1668 1665 1714 42.
1699 1665 1914 1714 laudans
1943 1664 2092 1727 Virg.
2134 1664 2250 1714 AEn.
2291 1677 2373 1714 lx.
2407 1667 2525 1713 233.
2570 1664 2713 1727 conj.

515 1728 856 1791 trepidumque,
900 1730 1220 1793 improbante
1265 1729 1406 1781 Jani.
1458 1744 1594 1778 sem
1650 1731 1836 1779 adulter
1882 1730 1965 1779 llos
2010 1729 2088 1777 vir
2139 1729 2350 1793 quidam
2393 1728 2577 1779 doctus
2628 1743 2711 1792 ap.

513 1789 830 1844 Joues.—19
866 1794 1016 1845 Harl.
1035 1800 1086 1844 4.
1122 1797 1299 1844 Tamen
1320 1793 1447 1843 lieu!
1477 1799 1728 1844 serm-20
1764 1795 1936 1843 Cultus
1967 1808 2061 1858 pro
2087 1794 2257 1843 Crines
2287 1794 2502 1844 Tornes.
2529 1794 2712 1842 Lamb.

517 1854 620 1902 duo
646 1857 830 1908 Bland.
870 1866 924 1909 et
958 1859 1121 1911 Mald.
1147 1861 1307 1924 Cruq.
1348 1859 1517 1910 Pulm.
1547 1864 1592 1909 1.
1631 1860 1788 1908 Fran.
1828 1860 1969 1922 Lips.
1995 1864 2041 1909 1.
2066 1865 2120 1907 et
2143 1863 2193 1909 2.
2233 1873 2263 1906 a
2296 1874 2364 1907 m.
2404 1873 2483 1921 pr.
2519 1858 2714 1906 ‘Forte

515 1928 630 1967 orta
666 1922 825 1972 lectio
871 1939 899 1971 e
940 1926 1106 1988 glossa
1137 1926 1286 1974 callos
1326 1940 1478 1989 quam
1522 1924 1837 1987 ascripserat
1876 1923 2060 1986 aliquis
2101 1923 2168 1972 ad
2206 1921 2478 1972 adulteros?
2507 1923 2717 1997 Janui.—

515 1986 573 2032 21
616 1985 761 2036 Harl.
782 1992 831 2037 1.
856 1988 1034 2039 Graev.
1057 1990 1242 2053 Regin.
1265 2004 1394 2039 tinus
1421 1989 1667 2052 Fabricii,
1689 1988 2025 2038 Meum-duo
2043 1988 2189 2051 Lips.
2212 1989 2364 2038 Dess.
2382 1992 2432 2037 2.
2457 1987 2715 2036 excidam.

512 2053 644 2099 -22
683 2052 836 2101 Genti
861 2053 1008 2103 Harl.
1031 2059 1075 2103 1.
1098 2062 1205 2104 tres
1230 2053 1419 2104 Bland.
1442 2055 1601 2119 Cruq.
1623 2053 1835 2117 quidam
1861 2052 2043 2102 Inamb.
2067 2052 2244 2103 Groev.
2266 2058 2321 2103 et
2344 2052 2534 2115 Regin.
2558 2058 2615 2101 et
2638 2049 2714 2100 sic
2760 2126 2768 2134 .
2814 2083 2819 2088 -

1503 2216 1553 2265 N
1562 2214 1724 2264 0⁹1*AE

512 2347 706 2392 stratus
730 2342 781 2391 in
805 2344 1016 2406 pulvere
1049 2346 1385 2410 volutaberis,
1408 2348 1576 2397 trahe·

512 2416 689 2479 risque
714 2432 744 2465 a
777 2419 972 2469 victore
1010 2421 1153 2471 hoste
1194 2422 1422 2472 crinibus
1453 2423 1576 2487 illis,

515 2495 757 2545 adulterii
782 2497 1074 2550 incentivis.

580 2578 639 2622 17
678 2575 899 2639 Gnossii]
938 2577 1169 2628 Gnossns
1213 2578 1334 2628 urbs
1382 2579 1576 2642 Cretae,

515 2650 665 2713 cujus
694 2654 869 2716 populi
905 2656 1121 2718 sagittas
1154 2656 1427 2713 emittendi
1461 2662 1572 2706 arte

512 2728 799 2788 pollebant.
873 2730 1025 2781 Adde
1066 2733 1223 2797 quod,
1266 2747 1332 2781 ex
1379 2732 1575 2794 Plinio,

513 2805 740 2853 abundat
766 2805 926 2856 Creta
960 2808 1136 2856 cannis
1161 2807 1484 2871 gravioribus
1508 2807 1574 2856 ad

511 2876 777 2929 faciendas
802 2882 1014 2944 sagittas
1038 2883 1334 2946 aptissimis.
1404 2883 1574 2933 Porro

511 2954 649 3004 iuter
702 2957 958 3007 Proceres
1018 2959 1233 3009 Graecos
1282 2967 1398 3011 erat
1453 2959 1573 3009 Ido-

510 3046 724 3082 meneus
774 3035 1097 3085 Cretensium
1143 3037 1269 3099 dux,
1324 3036 1575 3089 Mer-ionis

512 3124 703 3161 comes.

579 3191 641 3235 18
678 3190 888 3240 Celerem
926 3192 1057 3254 sequi
1097 3192 1314 3256 Ajacem]
1370 3194 1572 3244 Pedum

513 3264 784 3316 celeritate
813 3267 954 3331 Ajax
991 3270 1182 3331 clatus,
1206 3277 1262 3320 ut
1284 3286 1401 3320 enm
1435 3272 1572 3322 inse-

513 3348 758 3405 quentem
821 3345 1069 3395 evaderet
1119 3362 1286 3398 nemo.
1375 3348 1571 3397 Verum

514 3414 781 3478 Oileusne,
801 3433 867 3467 an
884 3420 1249 3472 Telamonius?
1287 3422 1390 3472 Hic
1406 3432 1572 3485 certe,

508 3492 551 3540 si
580 3492 758 3543 Dar-eti
782 3495 1010 3560 Phrygio
1025 3496 1171 3561 fides,
1187 3499 1430 3549 Paridem
1450 3514 1570 3564 per-

461 3608 467 3619 .
511 3569 656 3632 sequi
680 3578 733 3620 et
754 3572 996 3621 occidere
1021 3574 1229 3638 legitur.

575 3648 640 3693 19
672 3645 818 3696 Serus
833 3650 1067 3698 adulteros
1087 3649 1258 3698 Crines
1274 3652 1463 3712 pulvere
1480 3652 1574 3699 col-

507 3720 653 3783 lines]
697 3723 946 3775 Quamvis
985 3724 1201 3789 effugias
1241 3725 1576 3790 aliquamdiu,

508 3811 611 3846 non
640 3807 813 3850 tamen
853 3802 1049 3865 poteris
1079 3815 1286 3864 semper
1308 3801 1573 3852 declinare

513 3888 737 3939 pugnam
772 3887 827 3927 et
856 3892 1206 3941 congressum,
1244 3879 1296 3928 in
1334 3894 1437 3943 quo
1458 3895 1574 3929 cum

514 3952 596 4000 vel
619 3959 909 4014 prostratus
932 3954 1018 4001 vel
1043 3953 1244 4004 occisus
1265 3954 1445 4017 fuel-ia,
1466 3955 1578 4018 pnl-

509 4041 633 4076 vere
653 4026 859 4077 tandem
879 4027 1209 4079 foedabuntur
1219 4030 1390 4079 crines
1410 4031 1483 4080 illi
1501 4030 1579 4080 tni

510 4109 660 4152 tanto
684 4103 855 4154 studio
887 4104 1247 4168 calamistrati,
1270 4111 1327 4155 et
1349 4120 1577 4170 unguen·

510 4181 579 4229 tis
612 4180 852 4242 delibuti,
886 4181 1070 4244 quibus
1111 4182 1319 4232 Helena
1349 4183 1401 4231 in
1439 4198 1580 4233 amo-

510 4269 637 4319 rem,
672 4264 728 4306 et
755 4256 874 4308 hinc
903 4257 958 4308 in
981 4258 1221 4311 adulterii
1243 4257 1443 4311 facinus
1470 4274 1500 4310 a
1524 4265 1584 4309 tev

1652 2351 1915 2410 pertracta
1940 2352 2038 2396 est.
2102 2347 2201 2396 Vel
2225 2345 2565 2410 simpliciter:
2602 2344 2719 2395 Cri·

1653 2437 1745 2472 nes
1770 2422 1883 2472 illos
1909 2429 2022 2472 tuos
2048 2422 2313 2488 oportebit
2335 2422 2547 2471 tandem
2570 2421 2718 2473 belli-

1653 2512 1717 2548 co
1742 2499 1953 2563 pulvere
1987 2498 2193 2565 aspergi
2215 2505 2270 2547 et
2291 2498 2441 2560 illini,
2468 2511 2601 2560 quos
2624 2511 2718 2547 un·

1655 2575 1860 2639 guentis
1887 2574 2141 2627 duntaxat
2160 2582 2316 2624 antea
2352 2574 2551 2623 illinere
2582 2582 2721 2627 sata·

1655 2652 1827 2716 gebaa.
1892 2653 2024 2702 Sunt
2058 2651 2194 2701 enim
2224 2651 2311 2716 qui
2333 2648 2593 2707 affirment
2613 2650 2723 2699 Pa·

1658 2728 1818 2777 tidem
1874 2729 2191 2792 Ajacemque
2251 2726 2457 2776 Oileum
2507 2739 2721 2776 concer-

1658 2810 1827 2853 tantes
1849 2804 2040 2854 mutuis
2059 2802 2361 2852 occubuisse
2392 2800 2722 2861 vulneribus3

1656 2881 1742 2930 alii
1770 2883 1949 2933 volunt
1968 2880 2231 2944 Paridem,
2254 2886 2529 2944 postquam
2545 2877 2723 2927 Achil·

1656 2960 1755 3009 lem
1792 2959 2150 3022 interemisset,
2185 2973 2215 3007 a
2255 2957 2476 3022 Pyrrho,
2510 2957 2596 3006 alii
2630 2971 2723 3006 au-

1658 3042 1761 3085 tem
1786 3050 1817 3084 a
1839 3036 2151 3091 Philoctete,
2175 3032 2524 3084 interfectum.

1720 3116 1781 3161 21
1820 3110 2134 3173 Laertiaden]
2173 3111 2408 3173 Ulyssem
2433 3108 2591 3158 filium
2615 3107 2719 3157 La-

1655 3191 1799 3255 ertis,
1839 3191 2037 3240 lthacae
2073 3181 2125 3238 et
2161 3187 2395 3238 Dulichii
2425 3186 2720 3236 Insularum

1656 3269 1875 3331 Regem,
1899 3264 2177 3329 prudentia
2211 3265 2522 3328 solertiaque
2561 3277 2721 3325 super

1655 3345 1850 3393 aetliera
1881 3350 2077 3392 notum.
2158 3340 2383 3390 Exitium
2403 3345 2500 3388 tuoe
2526 3338 2723 3402 Gentis]

1657 3421 1863 3483 Nempe
1907 3419 2029 3484 quia
2067 3417 2269 3467 detexit
2305 3418 2418 3480 ipse
2456 3422 2617 3480 atque
2652 3413 2720 3463 ad

1652 3499 1935 3562 Trojanum
1971 3495 2160 3564 bellum
2186 3493 2407 3543 adduxit
2440 3491 2718 3552 Achillem,

1654 3576 1763 3625 sine
1785 3590 1888 3640 quo
1910 3589 1975 3624 ex
1994 3572 2116 3622 fatis
2132 3572 2249 3635 capi
2266 3570 2420 3634 Troja
2440 3583 2544 3619 non
2564 3574 2720 3632 potu-

1654 3652 1801 3700 isset.
2539 3682 2545 3687 -

1718 3731 1782 3776 22
1821 3724 2012 3788 Pylium
2043 3724 2275 3787 Nestora]
2331 3722 2438 3772 Hic
2461 3723 2720 3786 sapientia

1654 3810 1711 3852 et
1756 3802 1876 3851 vitae
1917 3800 2262 3851 diuturnitate
2294 3799 2542 3863 inclytus,
2578 3799 2720 3863 apud

1657 3879 1841 3943 Pylum
1875 3876 2223 3941 Peloponnesi
2256 3875 2505 3940 oppidum
2529 3877 2720 3927 educa·

1657 3962 1763 4019 tus,
1776 3955 1888 4018 jam
1906 3954 2077 4003 senior
2095 3966 2212 4001 cum
2231 3952 2341 4001 aliis
2358 3951 2585 4002 Graecioe
2600 3967 2720 4016 pro·

1659 4032 1862 4081 ceribus
1917 4029 2157 4080 convenit
2209 4029 2274 4077 ad
2329 4028 2722 4093 expeditionem

1658 4107 1961 4171 Trojanam.
2026 4106 2113 4155 De
2145 4117 2209 4154 eo
2241 4102 2410 4154 fertur
2439 4102 2718 4167 Agamem-

1659 4196 1759 4231 non
1782 4182 2005 4230 dixisse:
2042 4178 2189 4229 brevi
2205 4178 2609 4241 expugnandum
2631 4177 2722 4229 Ili-

1659 4273 1764 4324 um,
1786 4258 1829 4309 si
1850 4257 2031 4313 decem
2054 4256 2308 4308 Nestorea
2325 4253 2636 4307 adfuissent.
