3059 4909
477 389 608 455 342

1198 396 1266 460 Q.
1313 396 1641 447 noRA‘ru
1692 393 1964 445 FbAcm
2050 418 2056 425 ·

914 544 1183 612 Natalis
1213 545 1423 625 horae,
1458 563 1582 610 seu
1613 550 1938 630 tyrannus

1006 650 1366 736 Hesperiae
1399 647 1855 733 Capricornus
1879 645 2082 712 undae
2102 666 2122 727 3

828 754 1204 839 Utrumque
1234 758 1534 820 nostrum
1563 751 1944 818 incredibili
1972 748 2178 816 modo

832 859 1189 925 Consentit
1217 863 1510 938 astrum,
1556 866 1620 922 tc
1648 855 1695 923 J
1700 856 1850 923 ovis
1880 856 2088 941 impio

917 963 1161 1029 Tutela
1189 963 1476 1028 Saturno
1507 961 1846 1043 refulgens

1004 1066 1296 1153 Eripuit,
1330 1065 1758 1151 volucrisque
1797 1064 1951 1131 Fati

489 1252 712 1316 temporis
732 1250 950 1303 natalitii
981 1250 1306 1315 periculosior,
1340 1249 1453 1300 sive
1485 1248 1809 1313 Capricornus
1842 1246 2148 1297 occidentalis
2172 1244 2352 1297 Oceani
2378 1251 2548 1310 potens
2562 1260 2585 1303 ,·
2617 1243 2701 1293 vix

486 1317 703 1368 credibili
721 1318 904 1367 ratione
925 1316 1140 1367 convenit
1162 1315 1295 1366 sidus
1314 1316 1469 1365 nostri
1489 1316 1747 1365 amborum.
1819 1312 1885 1364 Te
1904 1328 1934 1363 a
1955 1312 2136 1363 crudeli
2158 1311 2366 1364 Saturno
2382 1311 2598 1373 defendit
2614 1310 2699 1359 Jo-

487 1382 741 1446 vissulgor
755 1381 991 1448 propitius
1002 1397 1023 1442 ,·
1056 1387 1197 1447 utque
1219 1381 1325 1442 sati
1344 1381 1609 1447 proecipitis
1628 1382 1835 1429 volatum
1857 1383 2121 1430 remoratus
2141 1383 2233 1444 est,
2262 1379 2446 1444 quondo
2463 1377 2596 1444 plebs
2616 1390 2701 1426 nu·
2738 1435 2743 1441 ι

1416 1509 1627 1532 ‘‘‘‘‘‘

1628 1510 1686 1530 00
1689 1508 1778 1529 “O

492 1597 720 1649 Blandd.
744 1599 960 1663 Cruquii
999 1605 1056 1648 et
1094 1598 1315 1664 aneq.
1360 1598 1560 1648 Loetalis
1595 1598 1731 1648 horae'
1765 1597 1913 1647 Harl.
1940 1599 2116 1646 1.-21
2162 1595 2377 1659 Uriuque
2412 1593 2557 1659 Lips.
2592 1596 2704 1641 3.-

492 1667 557 1714 22
595 1665 845 1714 Cousensit
872 1678 976 1713 var.
1015 1667 1143 1719 lect.
1179 1680 1264 1728 ap.
1285 1662 1466 1715 Jones.
1504 1671 1560 1715 et
1605 1663 1681 1713 sic
1722 1663 1878 1713 etiarn
1914 1662 2063 1711 Harl.
2085 1665 2268 1711 3.—24
2302 1658 2528 1712 Quidam
2552 1657 2704 1708 codd.

493 1728 759 1788 Lambini,
793 1744 924 1780 unus
962 1731 1294 1792 Bersrnanni,
1329 1731 1472 1794 Lips.
1494 1733 1542 1780 l.
1581 1730 1746 1779 ceteri
1784 1744 1868 1792 ap.
1907 1727 2052 1788 sant,
2081 1727 2276 1776 Venet.
2298 1728 2445 1775 1492.
2486 1724 2701 1774 Loch‘er.

492 1792 716 1845 Ascens.
737 1795 910 1845 Bentl.
932 1802 987 1845 et
1011 1795 1173 1846 Kidd.
1191 1796 1506 1858 volucresque.
1529 1797 1545 1824 ⁴
1564 1794 1733 1846 Codd.
1759 1794 1832 1857 nil
1850 1792 2066 1842 definire
2086 1798 2339 1857 apparet:
2360 1791 2451 1840 sed
2476 1789 2706 1855 exquisi-

495 1860 599 1908 tius
623 1866 679 1909 et
705 1861 996 1925 elegantius
1032 1875 1145 1910 esse
1168 1861 1375 1911 volucris
1396 1861 1515 1911 Fati
1538 1875 1694 1926 quarn
1719 1860 1929 1909 volucres
1948 1858 2054 1908 alas
2073 1857 2234 1907 facile
2256 1856 2500 1907 sentitur.
2570 1853 2706 1904 Vide

502 1925 726 1991 Cuning.
748 1925 1028 1977 Animadv.
1054 1942 1171 1991 cap.
1197 1940 1286 1977 xv.
1310 1942 1362 1992 p.
1384 1926 1517 1978 2722
1552 1928 1692 1977 Jaai.
1760 1924 1921 1976 Multi
1954 1923 2193 1975 scribunt
2217 1921 2343 1988 soti,
2365 1923 2535 1986 prima
2553 1920 2708 1973 litera

1499 2041 1718 2094 NOTAE

496 2148 640 2192 astro
658 2147 714 2191 et
734 2142 1024 2207 horoscopo
1044 2142 1202 2193 vitam
1221 2156 1335 2192 esse
1353 2140 1560 2192 brevio-

496 2234 625 2272 rem.

564 2303 628 2350 19
664 2297 763 2348 Seu
782 2303 1018 2363 tyrannus
1037 2296 1286 2362 Hesperia»
1311 2296 1562 2360 Capricor-

495 2389 587 2424 nus
609 2372 770 2436 unda]
802 2374 926 2425 Sive
970 2372 1139 2437 prodii
1175 2374 1228 2422 in
1262 2373 1434 2427 lucem
1466 2374 1561 2425 sub

499 2450 810 2515 Capricorni
851 2450 1043 2514 sidere,
1078 2450 1213 2516 quod
1243 2466 1360 2502 cum
1383 2453 1562 2503 Satur·

498 2541 594 2577 nus
635 2527 854 2589 obtinet,
899 2541 1085 2591 graves
1128 2528 1324 2579 excitat
1357 2530 1563 2594 pluvias

406 2636 413 2644 ι
498 2611 661 2671 atque
686 2611 1026 2669 tempestates
1051 2606 1102 2654 in
1127 2606 1256 2654 mari
1272 2607 1563 2670 praesertim

498 2681 749 2744 occidu03
777 2689 913 2733 teste
949 2683 1132 2733 Servio
1166 2683 1219 2733 iu
1257 2683 1502 2748 Georgic.
1526 2698 1568 2734 r.

499 2759 592 2811 cit.
657 2760 728 2810 Et
765 2759 948 2811 Manil.
982 2759 1074 2811 lib.
1112 2773 1191 2810 lv.
1226 2762 1359 2823 ‘Tu,
1381 2761 1569 2826 Capri-

501 2853 676 2902 corue,
719 2838 857 2901 regis
897 2838 1148 2903 quicquid
1185 2839 1280 2889 snb
1320 2840 1440 2889 Sole
1481 2854 1568 2888 ca-

500 2913 698 2978 dente‚'
719 2917 817 2966 dcc.
885 2916 1134 2979 Propert.
1155 2928 1235 2969 ιν.
1256 2920 1303 2967 1.
1325 2919 1408 2967 88.
1431 2919 1447 2945 ‘
1470 2917 1569 2967 Lo-

481 3000 587 3045 'tus
636 3001 695 3045 et
734 2995 996 3058 Hesperia
1050 2994 1176 3060 quid
1221 2994 1569 3058 Capricornus

500 3068 694 3135 aqua?
757 3071 1036 3122 Decimum
1084 3072 1181 3121 hoc
1222 3072 1422 3136 signum
1468 3073 1570 3123 Zo-

502 3148 641 3197 diaci
680 3148 954 3197 solstitium
986 3147 1267 3199 Decembri
1291 3163 1470 3198 mense
1492 3148 1570 3199 fa-

502 3225 580 3274 cit
620 3223 942 3289 hybernum:
993 3224 1131 3273 unde
1173 3225 1280 3275 Cic.
1326 3226 1392 3275 de
1438 3227 1570 3279 Nat.

505 3301 672 3353 Deor.
713 3314 777 3351 11.
811 3301 974 3352 ‘Tum
1021 3302 1250 3366 gelidum
1291 3304 1462 3354 valido
1504 3304 1571 3354 de

509 3385 727 3443 pectore
764 3376 928 3444 frigus
950 3380 1217 3444 anhelam,
1234 3381 1464 3444 Corpore
1488 3397 1571 3432 se·

502 3456 710 3522 mifero,
735 3471 921 3521 magno
956 3458 1301 3521 Capricornus
1332 3458 1384 3508 in
1411 3459 1571 3511 orbez

503 3535 674 3587 Quem
698 3550 814 3587 cum
840 3542 1100 3600 perpetuo
1128 3535 1346 3597 vestivit
1379 3536 1571 3586 lumine

502 3612 679 3678 Titan,
709 3613 943 3663 Brumali
990 3611 1212 3664 flectens
1256 3618 1575 3678 contorquet

504 3695 741 3753 tempore
767 3687 1013 3740 currum.'
1557 3678 1562 3681 ’

569 3771 632 3816 21
674 3768 936 3832 Utramque
954 3773 1169 3818 nostrum
1183 3767 1453 3818 incredibili
1471 3784 1572 3820 mo·

504 3845 564 3895 do
588 3845 839 3897 consentit
853 3844 1061 3909 astrum]
1092 3845 1285 3896 Sensus
1302 3853 1414 3895 est:
1452 3847 1572 3897 Etsi

505 3934 606 3972 non
631 3930 712 3973 est
732 3922 872 3973 idem
909 3922 1050 3984 mihi,
1084 3923 1170 3988 qui
1195 3923 1292 3974 tibi
1330 3924 1572 3974 horosco-

505 4014 636 4063 pus;
679 4007 735 4050 at
768 4005 914 4050 certe
949 4014 1135 4063 magna
1167 4005 1223 4050 et
1253 4000 1574 4052 incredibilis

504 4079 640 4128 inter
661 4093 830 4127 meum
854 4078 1146 4128 natalitium
1172 4079 1316 4130 sidus
1338 4096 1400 4130 ac
1426 4087 1572 4132 tuum

506 4156 777 4206 consensio
800 4163 904 4217 est,
927 4156 1322 4220 convenientia,
1337 4157 1574 4208 similitu·

506 4233 606 4282 do:
654 4238 974 4296 quapropter
1017 4239 1077 4282 ut
1128 4238 1334 4283 mutuus
1378 4233 1574 4284 dudum

508 4308 700 4359 coaluit
722 4306 859 4357 inter
880 4322 974 4358 nos
994 4323 1158 4374 amor,
1181 4315 1239 4359 ut
1256 4309 1414 4363 etiam
1437 4324 1571 4360 mor-

1642 2139 1709 2191 tis
1734 2138 1931 2205 pariter
1954 2137 2230 2205 effugimus
2251 2138 2541 2207 periculum
2562 2155 2578 2201 ς
2611 2139 2709 2191 ista

1643 2217 1853 2283 quidem
1877 2216 2140 2269 efficiente
2185 2215 2475 2267 coelestium
2517 2218 2604 2278 vi;
2638 2218 2710 2268 sic

1645 2297 1772 2346 licet
1793 2296 2069 2361 spondere,
2094 2296 2323 2347 alterum
2346 2294 2411 2346 ab
2431 2296 2600 2346 altero
2615 2310 2710 2346 nec

1642 2375 1694 2426 in
1712 2385 1878 2426 morte
1892 2373 2241 2440 sejungeudos
2258 2380 2351 2424 aut
2367 2373 2709 2426 divellendae.
2756 2396 2765 2401 ·

1642 2454 1879 2519 Persius,
1907 2452 2117 2502 Horatii
2140 2457 2427 2515 perpetuus
2463 2451 2711 2513 imitator,

1643 2531 1741 2581 hoc
1776 2532 1891 2581 loco
1926 2529 2166 2580 videatur
2203 2543 2497 2592 superasse,
2525 2529 2636 2579 Sat.
2660 2542 2711 2579 V.

1645 2613 1727 2659 ⁴5.
1758 2609 1773 2637 ‘
1799 2609 1918 2658 Non
1943 2606 2186 2673 equidem
2220 2607 2318 2656 hoc
2350 2605 2581 2669 dubites,
2611 2618 2712 2655 arn·

1648 2684 1831 2735 borum
1856 2683 2051 2734 foedere
2082 2690 2231 2733 certo
2255 2682 2562 2733 Consentire
2589 2682 2715 2744 dies,

1650 2770 1705 2811 et
1729 2761 1793 2812 ab
1813 2776 1912 2812 uno
1936 2760 2107 2811 sidere
2131 2758 2293 2810 duci.'

1715 2843 1781 2890 22
1820 2840 1885 2889 Te
1924 2838 2064 2887 Jovis
2090 2838 2238 2903 impio
2265 2837 2453 2901 Tutela,
2476 2835 2585 2902 ξω]
2617 2836 2716 2888 Be-

1650 2920 1833 2985 nignus
1850 2918 2000 2972 Jovis
2020 2924 2262 2984 aspectus
2283 2917 2495 2969 Saturni
2518 2916 2608 2984 (ut
2628 2914 2715 2981 fit)

1651 2997 2027 3061 malignitatem
2083 2996 2318 3046 correxit
2377 2993 2716 3060 infregitque,

1651 3082 1834 3125 contra
1857 3072 2127 3137 fulgendo,
2142 3073 2195 3122 in
2211 3071 2338 3122 hora
2355 3072 2536 3122 natali.
2570 3071 2714 3121 Pers.

1652 3152 1744 3202 cit.
1780 3164 1921 3213 mox,
1945 3164 2021 3200 vs.
2052 3154 2134 3200 5⁰.
2168 3149 2587 3214 ‘Saturnumque
2609 3162 2717 3208 gra·

1652 3244 1768 3279 vem
1790 3236 1968 3278 nostro
1988 3226 2125 3280 Jove
2147 3225 2429 3291 frangimus
2452 3227 2591 3278 una.’

1715 3307 1871 3370 Impio
1909 3304 2144 3369 Saturno]
2200 3306 2522 3356 Fabulantur
2570 3305 2715 3357 nimi·

1652 3399 1761 3434 rum
1786 3385 2065 3436 Saturnum
2102 3384 2341 3448 proprios
2367 3383 2641 3434 devorasse
2661 3382 2717 3433 fi-

1654 3461 1788 3529 lios:
1825 3463 1942 3512 binc
1981 3467 2039 3512 et
2082 3461 2229 3511 aiunt
2266 3459 2360 3510 sub
2394 3459 2511 3525 ejus
2545 3459 2717 3514 sidere

1654 3541 1860 3605 genitos
1882 3554 2046 3590 saevos
2082 3545 2141 3589 et
2162 3537 2346 3605 impios
2371 3536 2525 3587 effici.
2593 3538 2719 3589 Pro-

1653 3617 1853 3683 pertius
1870 3626 1924 3667 et
1942 3618 2093 3668 Pers.
2110 3617 2202 3667 cit.
2266 3617 2547 3666 Saturnum
2571 3615 2589 3644 ‘
2608 3630 2718 3680 gra·

1653 3692 1806 3756 vem‚'
1827 3691 2100 3745 Juvenalis
2140 3694 2155 3721 ‘
2174 3690 2403 3742 tristem'
2433 3693 2686 3756 appellat.

1717 3774 1781 3821 24
1817 3769 2037 3836 Eripuit]
2084 3770 2132 3818 E
2154 3769 2299 3833 gravi
2324 3768 2505 3819 morbo
2529 3768 2721 3819 incolu-

1654 3863 1789 3899 mem
1825 3847 2094 3912 praestitit,
2122 3860 2184 3895 ac
2221 3845 2384 3895 veluti
2415 3848 2591 3909 rapuit
2619 3846 2720 3894 vio·
2778 3842 2784 3849 '

1652 3925 1827 3976 lentiae
1851 3925 2065 3974 Saturni
2091 3921 2277 3973 falcem
2299 3921 2412 3983 jam
2448 3922 2550 3972 tibi
2579 3936 2721 3972 suam

1654 3986 1967 4053 intenta‘ntis
1991 3999 2058 4050 ad
2077 4000 2234 4049 vitam
2260 3998 2689 4049 intercidendam.

1728 4078 2028 4141 Volsci-isque
2052 4075 2167 4126 Fati
2191 4075 2422 4126 Tar-davit
2440 4075 2570 4140 alas]
2614 4075 2721 4126 Ad·

1654 4154 1910 4205 volantem
1950 4160 2282 4219 propere„ut
2314 4153 2469 4218 solet,
2502 4161 2721 4204 mortem

1654 4232 1961 4287 retardavit.
