3059 4909
939 392 1360 458 cAMssNU'M
1412 400 1561 460 ms.
1607 406 1690 458 11.
1736 393 1843 462 16.
2381 392 2513 461 337

651 550 739 621 Et
767 555 925 621 mihi
954 556 1203 635 forsan,
1237 558 1357 622 tibi
1389 557 1574 640 quod
1606 556 1878 641 negarit,

1167 661 1480 744 Porriget
1512 662 1728 727 Hora.

647 761 748 826 Te
780 781 1009 846 greges
1039 769 1302 828 centum
1330 763 1717 849 Siculaeque
1748 765 1999 829 circum

652 865 962 949 Mugiunt
989 885 1262 947 vaccae3
1307 868 1430 932 tibi
1461 867 1642 932 tollit
1668 867 1993 932 hinnitum

645 966 838 1052 Apta
870 969 1214 1052 quadrigis
1245 989 1453 1053 equa3
1500 975 1568 1033 te
1598 971 1706 1049 bis
1737 968 1904 1034 Afro

1172 1071 1438 1137 Murice
1472 1072 1703 1137 tinctae

2420 975 2508 1040 35

281 1275 498 1335 forsitan
516 1274 782 1336 indulgebit
803 1280 983 1339 tempus
999 1276 1048 1324 id
1069 1278 1190 1339 quod
1207 1275 1298 1324 tibi
1318 1291 1409 1324 non
1432 1276 1727 1326 concesserit.
1796 1275 1982 1338 Greges
2003 1276 2236 1325 numerosi
2258 1280 2305 1325 et
2328 1274 2461 1323 boues
2479 1288 2506 1322 e

295 1340 467 1391 Sicilia
487 1340 616 1389 circa
641 1346 687 1389 te
709 1342 944 1403 mugitum
964 1342 1126 1397 edunt,
1165 1341 1390 1390 hinniunt
1425 1341 1516 1389 tibi
1554 1341 1663 1404 equi
1689 1342 1935 1391 trahendis
1955 1342 2171 1390 curribus
2194 1340 2366 1390 idonei.
2438 1340 2506 1387 Te

295 1406 511 1469 operiunt
545 1407 695 1471 panni
729 1423 755 1456 e
785 1408 897 1457 lana
930 1408 1072 1457 semel
1102 1411 1241 1471 atque
1272 1407 1449 1456 iterum
1481 1406 1714 1479 Africano
1732 1407 1909 1457 murice
1930 1408 2127 1463 imbuta.
2191 1406 2325 1456 Mihi
2345 1405 2507 1454 Paroa

1131 1552 1138 1563 ⁸
1223 1553 1489 1574 ‘mum
1495 1552 1585 1575 000

298 1637 511 1703 quidam
536 1639 722 1697 doctus
743 1656 829 1704 ap.
853 1641 1074 1705 Cuning.
1098 1641 1232 1705 conj.
1275 1642 1338 1690 Et
1357 1641 1475 1691 mihi
1491 1640 1671 1701 forsit.-
1714 1640 1806 1689 tibi
1824 1640 1946 1704 quod
1968 1638 2181 1700 negavit,
2195 1640 2275 1700 ᾷσ.
2307 1634 2504 1697 negavit

295 1705 453 1755 etiam
480 1720 590 1754 var.
617 1708 741 1755 lect.
768 1722 854 1770 ap.
876 1707 1189 1758 Jones.--33
1226 1707 1473 1758 Nonnulli
1498 1705 1654 1756 codd.
1673 1716 1728 1755 et
1752 1704 1872 1755 edd·
1898 1720 1981 1769 ap.
2006 1704 2152 1764 Jani,
2169 1700 2504 1762 circummugi-

295 1774 537 1821 πων-34
572 1770 684 1822 Alt.
713 1776 759 1822 l.
782 1772 989 1836 hiatum,
1009 1787 1124 1823 cum
1147 1772 1321 1823 Schol.
1353 1779 1367 1801 ‘
1385 1773 1607 1822 hiantum
1642 1772 2056 1835 Syncope.’—-39
2091 1769 2310 1832 Cuning.
2334 1775 2389 1818 et
2411 1768 2504 1815 Sa-

1291 1903 1339 1952 N
1348 1901 1507 1953 0¹1¹AE

291 2002 494 2065 chilles',
526 2006 581 2051 at
615 2001 795 2066 paucis
821 2001 965 2051 annis
998 2001 1269 2063 inclarui‘t3
1302 2009 1359 2051 et

290 2079 397 2130 cita
413 2092 555 2128 mors
570 2077 725 2128 finem
749 2079 924 2143 gloriae
949 2079 1175 2129 subitum
1196 2080 1358 2144 impo-
1440 2093 1554 2130 rum
1580 2081 1737 2129 etiam
1763 2093 1946 2144 greges
1972 2076 2063 2125 tibi
2087 2077 2277 2125 adsunt
2300 2074 2503 2122 hinnitu

289 2157 408 2207 suit.
481 2155 527 2205 E
547 2156 808 2206 contrario
839 2156 1084 2206 Tithonus
1115 2156 1202 2206 diu
1226 2157 1360 2207 vixit
1441 2158 1845 2222 generositatem
1870 2153 2243 2204 exhibentium.
2298 2148 2502 2200 AEneid.

291 2232 524 2298 quidem,
563 2231 655 2283 sed
698 2231 1024 2283 incommoda
1070 2235 1198 2284 senii
1240 2249 1359 2297 per·
1440 2248 1531 2285 111.
1557 2236 1673 2285 672.
1709 2235 1726 2263 ⁴
1749 2235 2023 2284 clamorem
2061 2232 2364 2280 immensum
2404 2228 2506 2277 tol-

292 2309 458 2360 seusit
487 2306 638 2366 adeo,
673 2316 729 2357 ut
766 2308 889 2357 vitae
909 2314 1163 2371 pertaesus
1185 2308 1364 2373 fuerit,
1438 2311 1537 2362 lit!
1604 2311 1714 2362 Cic.
1739 2311 1804 2361 ad
1832 2313 1899 2363 Q.
1924 2311 2181 2370 Fratrem,
2202 2320 2238 2357 1.
2262 2311 2313 2358 2.
2352 2307 2367 2335 ‘
2386 2305 2502 2356 Cla-

290 2386 589 2452 optaritque
625 2376 681 2434 in
712 2384 947 2435 cicadam
981 2387 1192 2447 mutari,
1222 2386 1356 2451 quod
1438 2403 1634 2438 morem
1659 2388 1785 2438 satis
1811 2402 2048 2452 magnum
2078 2381 2438 2434 sustulerunt?

1503 2005 1567 2051 34
1604 2000 1711 2051 Tibi
1746 2000 1871 2051 tollit
1905 1997 2157 2059 hinnitum,
2177 1995 2286 2061 qa]
2330 1996 2504 2059 Equo·
2580 2039 2585 2045 .

291 2472 348 2515 et
387 2479 421 2513 a
457 2463 571 2512 Diis
610 2461 854 2512 obtinuit.
918 2462 1053 2511 Vide
1084 2477 1124 2512 1.
1150 2462 1254 2512 Od.
1278 2464 1360 2512 28.

291 2542 376 2592 De
414 2540 619 2591 Achille
655 2555 776 2591 vero
813 2541 994 2591 eodem
1031 2554 1069 2591 1.
1109 2540 1215 2591 Od.
1238 2546 1288 2591 6.
1310 2545 1360 2591 6.

293 2617 400 2668 od.
424 2621 474 2668 8.
509 2617 605 2667 sub
625 2616 780 2667 finem
803 2633 816 2667 :
854 2616 959 2667 Od.
983 2621 1063 2668 15.
1097 2616 1163 2668 ad
1187 2617 1360 2667 finem.

289 2710 353 2747 ιι.
379 2693 485 2746 Od.
508 2698 556 2747 4.
573 2699 621 2746 3.
655 2709 733 2745 iv,
759 2693 862 2744 od.
886 2699 937 2744 6.
971 2694 1144 2760 Epod.
1163 2707 1292 2744 xm.

356 2778 419 2824 31
451 2774 520 2822 Et
540 2773 659 2822 mihi
675 2772 869 2836 forsan,
895 2773 985 2821 tibi
1004 2773 1125 2836 quod
1152 2773 1362 2836 negarit,

291 2857 524 2920 Porriget
550 2855 712 2920 Hora]
766 2855 940 2903 Parvo
976 2855 1099 2903 mihi
1141 2851 1360 2903 fortasse

290 2938 452 2987 vitam
477 2934 626 2984 dabit
661 2933 968 2997 longiorem,
993 2931 1088 2982 tibi
1125 2945 1251 2981 vero
1285 2931 1359 2980 di-

291 3013 384 3064 viti
411 3011 647 3075 negabit.

357 3095 424 3141 82
449 3089 616 3152 Horu]
666 3089 784 3153 Vel,
820 3094 1063 3152 tempusz
1097 3089 1173 3138 sie
1209 3089 1359 3138 Pers.

290 3173 402 3223 Sat.
428 3187 485 3222 v.
511 3176 643 3221 114„
661 3168 827 3232 ‘fugit
845 3167 1009 3219 liora!
1076 3168 1174 3218 Vel
1208 3169 1357 3218 horo-

290 3265 499 3313 scopus.
551 3248 699 3299 Idem
724 3248 875 3297 Pers.
895 3261 948 3296 v.
971 3252 1053 3298 48.
1086 3248 1101 3276 ‘
1118 3261 1210 3297 seu
1233 3255 1360 3297 nata

288 3327 532 3380 fidelibus
555 3329 676 3377 bora
697 3326 898 3375 Dividit
920 3326 973 3376 in
993 3326 1221 3391 geminos
1239 3340 1359 3375 con·

290 3405 472 3457 cordia
493 3403 601 3454 fata
624 3404 877 3455 duorum.'

356 3486 423 3532 88
462 3482 526 3530 Te
555 3495 755 3544 grege&
777 3480 885 3546 Sym]
931 3480 1005 3528 Tu
1054 3485 1108 3529 te
1146 3477 1360 3530 beatum

291 3558 559 3608 existimas
581 3556 823 3619 gregibus
846 3564 902 3605 et
927 3556 1170 3606 armentis
1195 3557 1359 3607 abun-

288 3636 440 3696 dans,
458 3642 515 3685 et
536 3636 737 3699 optima
760 3648 982 3698 purpura
1007 3634 1241 3684 vestitus.
1284 3634 1359 3685 At
1394 3655 1399 3657 Α

291 3728 390 3778 ego
414 3713 542 3763 mihi
567 3712 745 3763 videor
776 3727 925 3777 aeque
960 3726 1021 3761 ac
1044 3717 1103 3761 tu
1126 3709 1360 3761 fortuna-

290 3800 401 3853 tus,
444 3790 689 3841 tenuibus
735 3790 946 3855 prsediin
1002 3789 1247 3839 victitans
1303 3796 1361 3840 et

292 3873 592 3930 contentus,
610 3865 817 3931 poetica
837 3866 1067 3931 gaudens
1089 3864 1363 3930 facultate,

292 3952 349 3994 et
373 3944 516 4008 vulgi
549 3957 801 4008 spernens
839 3954 1086 3992 rumores.
1152 3942 1358 3992 Divites

295 4021 526 4071 Homero
547 4018 851 4083 πολύῥρηνες,
864 4018 941 4069 καὶ
961 4021 1255 4076 πολυβῶται,
1271 4033 1360 4080 ag·

289 4099 368 4151 nis
389 4105 440 4150 et
472 4099 611 4148 bobus
641 4099 881 4163 affluentes
896 4116 916 4158 ,·
948 4097 1180 4148 Hesiodo
1212 4095 1359 4147 πολύ·

291 4187 458 4241 μηλοι,
472 4179 634 4227 ovibus
647 4176 955 4236 abundantes,
974 4181 1357 4241 nuncupantur.

357 4253 622 4320 Siculaque
655 4253 833 4317 vaecoe]
881 4253 1088 4319 Opimis
1110 4268 1140 4304 e
1162 4254 1356 4305 Siciliae

295 4334 499 4399 pascuis
521 4331 676 4384 valde
697 4332 933 4397 pingues.

425 4413 601 4478 Delpjr.
628 4419 677 4465 et
700 4414 811 4464 ναν.
831 4414 966 4467 Clas·

1503 2470 1566 2516 35
1609 2465 1745 2529 Apta
1765 2464 2015 2530 quadrigis
2034 2461 2176 2526 equa]
2228 2460 2504 2511 curulibus

1435 2549 1490 2592 et
1511 2542 1842 2593 Circensibus
1874 2540 2112 2589 ineundis
2134 2537 2503 2589 certaminibus

1433 2620 1531 2669 hoc
1556 2619 1743 2683 aptior,
1767 2632 1869 2683 quo
1893 2618 2136 2667 velocior.
2206 2615 2269 2664 In
2299 2615 2402 2664 illis
2425 2615 2503 2664 bi-

1439 2710 1540 2765 gae,
1584 2694 1755 2760 trigae,
1801 2693 2067 2759 quadrigae
2089 2710 2104 2741 ε
2163 2692 2272 2742 sive
2320 2707 2501 2741 currus

1439 2773 1662 2836 duobus,
1685 2772 1865 2837 tribus,
1886 2779 2111 2837 quatuor
2150 2769 2299 2834 equis
2325 2769 2502 2818 tracti.

1439 2853 1578 2901 Vide
1601 2866 1639 2901 1.
1665 2851 1768 2903 od.
1794 2857 1843 2901 1.
1893 2851 2021 2901 Not.
2059 2849 2122 2899 ad
2161 2850 2273 2898 haec
2312 2848 2497 2898 verba:

1439 2932 1456 2960 ‘
1473 2933 1607 2982 Sunt
1635 2946 1760 2997 quos
1784 2931 2081 2994 curriculo,'
2104 2935 2201 2979 διο.
2254 2929 2408 2979 Alex.
2435 2928 2501 2981 ab

1438 3009 1593 3062 Alex.
1619 3023 1668 3059 v.
1692 3014 1741 3059 8.
1764 3013 1863 3059 &a

1502 3087 1568 3137 Te
1603 3087 1675 3137 bis
1708 3088 1835 3148 Afro
1859 3087 2048 3137 Murice
2085 3086 2251 3135 tinctae
2285 3083 2506 3134 Vestiunt

1434 3166 1582 3230 lance]
1633 3165 1889 3216 Pretiosa
1935 3163 2242 3228 nobilesque
2282 3167 2336 3211 te
2380 3175 2505 3225 ope-

1439 3243 1579 3292 riunt
1614 3250 1669 3291 et
1706 3241 1957 3292 decorant
1994 3242 2164 3290 vestes
2199 3251 2267 3287 ex
2304 3237 2504 3300 optima

1438 3335 1689 3384 purpura,
1709 3334 1801 3369 seu
1823 3333 1852 3368 e
1877 3332 2047 3383 panno
2071 3316 2319 3379 sanguine
2343 3312 2502 3364 muri-

1437 3398 1511 3451 cis
1529 3397 1688 3462 piscis
1706 3397 1867 3445 semel
1885 3403 2042 3461 atque
2058 3395 2246 3443 iterum
2263 3391 2464 3447 imbuto
2481 3408 2498 3439 ε

1439 3476 1514 3525 sie
1530 3475 1665 3524 enim
1689 3488 1981 3539 purpureus
2006 3473 2152 3522 color
2168 3468 2395 3520 efficitur
2412 3483 2505 3517 ex-

1440 3551 1681 3617 quisitus,
1702 3550 1993 3615 praesertim
2018 3562 2133 3597 cum
2160 3559 2344 3596 murex
2368 3551 2449 3594 est
2471 3558 2503 3594 e

1438 3629 1569 3679 mari
1585 3626 1855 3689 Africano,
1868 3627 1955 3675 vel
1977 3624 2152 3689 Tyrio.
2204 3622 2379 3672 Testis
2392 3621 2506 3671 Pli-

1437 3706 1553 3755 nius
1569 3717 1651 3754 ιι.
1665 3707 1748 3752 36.
1768 3700 1856 3752 ubi
1878 3702 1895 3730 ‘
1912 3703 2135 3752 murices
2150 3708 2204 3750 et
2224 3697 2508 3764 purpurre,’

1436 3782 1627 3848 inquit,
1662 3787 1676 3811 ‘
1694 3779 1875 3832 florem
1897 3781 2038 3829 illum
2061 3778 2323 3844 tingendis
2343 3791 2503 3841 expe-

1436 3860 1589 3910 titum
1614 3857 1843 3908 vestibus
1882 3857 1933 3905 in
1962 3856 2147 3905 mediis
2169 3854 2367 3905 habent
2388 3852 2502 3902 fau-

1440 3935 1606 3987 cibus.
1629 3954 1632 3958 >
1675 3935 1867 4000 Liquor
1885 3934 1930 3982 is
1947 3933 2185 3982 nimirum
2210 3939 2290 3980 est
2314 3931 2363 3979 in
2383 3945 2503 3978 can·

1440 4012 1563 4063 dida
1586 4026 1734 4076 vena,
1752 4011 1890 4060 unde
1915 4009 2175 4075 pretiosus
2198 4007 2285 4056 ille
2310 4006 2505 4056 bibitur

1439 4092 1748 4157 nigricantis
1781 4105 1912 4140 rosae
1936 4089 2082 4139 color
2112 4086 2405 4136 sublucens.
2425 4117 2439 4131 .
2456 4117 2471 4134 .
2489 4118 2503 4135 .

1439 4171 1742 4235 Praecipuus
1762 4169 1846 4219 hic
1870 4169 1922 4217 in
1940 4167 2187 4229 Meninge
2210 4162 2426 4225 African,
2449 4170 2507 4212 et

1440 4249 1653 4300 Gaetulo
1673 4248 1854 4297 littore
1881 4245 2083 4296 Oceani
2105 4277 2118 4291 .
2139 4275 2152 4290 .
2173 4278 2186 4292 .
2207 4276 2220 4291 .
2239 4241 2383 4291 Huic
2402 4238 2504 4288 fas·

1439 4341 1527 4377 ees
1551 4335 1607 4377 et
1629 4340 1837 4378 secures
1857 4325 2101 4377 Romanae
2122 4320 2257 4370 viam
2275 4316 2504 4367 faciunt:

1348 4411 1528 4461 Horat.
2325 4400 2375 4448 Y
