3059 4909
540 348 629 411 44
1228 365 1327 415 nn
1373 367 1657 421 uarius
1705 369 2048 423 nolum.

549 501 755 570 Quinti
779 507 1011 585 generis
1042 506 1194 568 Odae
1224 511 1284 570 ⁷.
1973 561 1978 568 -

620 598 746 661 Lib.
779 621 828 662 1.
859 602 993 665 Ode
1075 609 1135 666 5.
1177 603 1326 675 Quis
1345 605 1536 668 multa
1563 608 1799 687 gracilis
1828 618 1888 671 te
1909 632 2059 692 puer
2085 614 2330 677 in-rosa.

686 723 690 727 ·
1047 706 1141 764 14.
1186 703 1241 763 Ο
1271 704 1460 776 navis,
1489 706 1743 767 referent
1765 708 1829 769 in
1858 728 2018 771 mare
2046 720 2103 772 te
2129 714 2285 773 novi.

1043 803 1144 862 21.
1187 801 1443 862 Dianam
1474 814 1689 866 tenerae
1718 805 1895 867 dicite
1922 807 2199 888 virgines.

1045 901 1144 958 23.
1188 899 1359 960 Vitas
1386 899 1667 962 hinnuleo
1695 919 1788 963 me
1818 901 2048 978 similis,
2077 906 2289 967 Chloe.

718 1009 827 1050 111.
1083 998 1141 1057 7.
1186 995 1342 1065 Quid
1371 999 1500 1072 fles,
1528 999 1783 1071 Asterie,
1810 1020 1985 1080 quem
2014 1003 2120 1062 tibi
2146 1003 2409 1063 candidi.

1044 1094 1137 1152 13.
1184 1091 1239 1151 Ο
1263 1092 1397 1153 fons
1427 1093 1802 1169 Blandusioe,
1818 1097 2184 1178 splendidior
2210 1099 2381 1160 vitro.

720 1202 816 1244 iv.
1038 1189 1135 1249 13.
1178 1189 1494 1263 Audivere,
1517 1191 1694 1271 Lyce,
1723 1191 1824 1252 Dii
1849 1213 1981 1254 mea
2006 1203 2165 1267 vota,
2196 1195 2314 1256 Dii.

614 1278 896 1341 Saxa-mu
927 1301 1184 1345 cauus:
1228 1295 1295 1345 ut
1323 1307 1373 1349 1.
1413 1279 1533 1347 Od.
1574 1288 1634 1348 6.
1674 1308 1810 1368 quoe
1837 1300 1932 1350 est
1968 1290 2213 1351 Dicolos
2243 1291 2718 1373 Tetrastrophos.
2800 1353 2806 1359 .

532 1374 711 1435 Primi
740 1376 955 1456 quique
983 1390 1102 1440 tres
1132 1402 1338 1444 versus
1385 1392 1525 1444 sunt
1569 1384 1968 1466 Asclepiadei,
2012 1387 2210 1466 qualis
2231 1387 2369 1449 ille:
2414 1387 2719 1449 Maecenas

531 1472 719 1531 atavis
748 1473 905 1534 edite
934 1478 1192 1557 regibus,
1277 1480 1660 1566 scanduntur
1686 1483 1843 1544 enim
1867 1484 1983 1546 hoc
2011 1484 2191 1545 modo
2219 1504 2236 1544 ε

655 1584 842 1635 Scribe
861 1614 939 1642 —,-
978 1589 1047 1639 ris
1073 1591 1236 1643 Vario
1256 1617 1414 1647 -υυ-
1453 1594 1610 1645 fotu}
1631 1603 1687 1647 et
1708 1597 1775 1646 ho
1797 1622 1948 1651 -υυ-
1990 1600 2145 1649 stium
2161 1623 2254 1653 υυ

657 1649 843 1700 Victor
861 1678 939 1690 --
976 1655 1192 1707 Maeonii
1211 1683 1364 1711 -w-
1408 1662 1654 1711 carminis
1679 1677 1710 1712 a
1731 1687 1880 1715 -υυ-
1918 1665 2008 1714 lite
2029 1689 2120 1717 υυ

658 1715 827 1766 Quam
848 1731 959 1769 rem
980 1747 1062 1756 --
1103 1736 1323 1790 cumque
1347 1722 1495 1776 ferox
1516 1751 1667 1779 -υυ-
1703 1730 1919 1779 navibus
1942 1736 2033 1779 aut
2052 1753 2203 1782 -υυ-
2246 1728 2389 1795 equis
2411 1752 2492 1782 υ-
2561 1793 2566 1800 .

607 1809 867 1878 Quartus
909 1827 1108 1878 autem
1153 1817 1507 1902 Glyconius,
1553 1824 1785 1904 qualis:
1833 1824 1933 1888 Sic
1980 1837 2040 1888 te
2082 1824 2238 1888 Diva
2269 1837 2482 1907 potens
2512 1826 2717 1907 Cypri.

527 1904 847 1971 scanditur
874 1924 1070 1980 autem
1099 1918 1187 1980 sic
1210 1937 1228 1978 ε

783 2008 1043 2061 Miles-—
1083 2020 1140 2065 te
1163 2014 1299 2066 duce
1320 2031 1585 2081 ges-w·
1619 2017 1855 2071 seritw

1297 2108 1382 2118 --
1443 2106 1593 2136 -w-
1654 2107 1810 2135 -υυ-
1869 2105 1956 2135 w

1298 2173 1376 2182 -”
1439 2171 1591 2199 ‘W‘
1651 2171 1807 2200 W
1867 2171 1955 2200 W

1296 2236 1377 2247 ''¹''
1438 2236 1594 2264 w
1654 2237 1804 2265 w
1869 2236 1949 2265 υ·-

1432 2302 1512 2313 --
1578 2299 1729 2329 -υυ-
1793 2297 1890 2329 υυ
1971 2283 1974 2284 ’

524 2341 689 2402 Sexti
718 2347 952 2424 generis
978 2351 1132 2412 Odae
1159 2355 1221 2415 9.

505 2435 516 2444 ⁶
604 2438 729 2501 Lib.
763 2464 811 2505 1.
840 2446 974 2507 Ode
1060 2450 1119 2510 6.
1158 2448 1449 2514 Scriberis
1477 2453 1662 2515 Vario
1683 2454 1878 2524 fortis,
1902 2463 1964 2515 et
1989 2454 2273 2516 hostium.

1030 2548 1125 2606 15.
1169 2546 1384 2608 Pastor
1404 2568 1541 2610 cum
1566 2549 1825 2614 traheret
1856 2570 1962 2630 per
1986 2549 2140 2611 freta
2164 2551 2437 2614 navibus.

1028 2645 1131 2703 24.
1172 2642 1324 2712 Quis
1351 2644 1649 2708 desiderio
1677 2647 1754 2707 sit
1783 2647 1976 2727 pudor
2004 2661 2110 2710 aut
2127 2648 2365 2711 medua.

1031 2742 1130 2799 33.
1172 2740 1331 2813 Albi,
1359 2759 1436 2800 ne
1464 2742 1671 2803 doleas
1697 2745 1834 2824 plus
1864 2743 2045 2804 nimio
2069 2761 2317 2807 memor.

720 2846 799 2887 11.
1028 2834 1123 2892 12.
1168 2834 1340 2894 Nolis
1369 2836 1554 2916 longa
1581 2838 1722 2897 feroe
1750 2835 1909 2899 bella
1932 2839 2295 2900 Numantiae.

692 2941 804 2982 111.
1030 2930 1126 2991 10.
1168 2929 1511 2992 Extremum
1542 2935 1790 2998 Tanaim
1820 2936 1871 2997 si
1896 2936 2360 3018 biberem-Lyce.

1034 3025 1129 3086 16.
1170 3025 1476 3089 Inclusam
1505 3030 1759 3092 Danaen
1788 3033 1966 3095 turris
1996 3034 2204 3094 ae'nea.

707 3134 804 3177 ιν.
1065 3124 1124 3182 5.
1167 3122 1337 3185 Divis
1366 3136 1493 3187 orte
1519 3129 1720 3202 bonis,
1748 3130 1964 3210 optime
1996 3130 2290 3191 Romulae.

838 3276 843 3280 .
1024 3220 1118 3278 12.
1159 3219 1299 3282 Jam
1328 3222 1486 3298 veris,
1506 3226 1779 3299 comites,
1806 3247 1944 3306 quae
1971 3246 2132 3287 mare
2162 3236 2513 3306 temperant.

597 3306 960 3371 Summum
999 3332 1258 3378 cauus:
1302 3328 1369 3379 ut
1418 3341 1466 3383 1.
1499 3321 1619 3384 Od.
1648 3325 1709 3385 7.
1738 3344 1878 3404 quae
1918 3332 2012 3385 est
2039 3323 2287 3385 Dicolos
2323 3323 2714 3405 'Distrophoa

514 3402 749 3465 Primus
777 3407 1030 3488 quisque
1071 3431 1279 3476 versus
1321 3429 1417 3478 est
1457 3418 1752 3480 Hernicus
1796 3420 2154 3481 Hexameter
2199 3418 2599 3481 catalecticus
2649 3422 2712 3480 in

512 3497 669 3560 ¹3¹¹&
711 3503 1012 3581 ‘yllabasz
1056 3522 1344 3574 constans
1385 3536 1421 3578 e
1454 3536 1563 3580 sex
1598 3516 1873 3598 pedibus,
1902 3515 2166 3596 Dactylo
2201 3526 2264 3577 et
2287 3516 2594 3596 Spondaeo
2621 3516 2711 3576 in-

515 3594 853 3660 differenter
878 3601 942 3661 iu
970 3606 1244 3670 omnibus
1270 3611 1445 3684 locis,
1474 3634 1820 3695 quanquam
1839 3614 1901 3674 in
1928 3614 2138 3694 quinto
2165 3611 2488 3693 aliquando
2517 3614 2712 3692 Spon-

514 3692 684 3756 doelffl
711 3697 968 3775 Ponitur,
995 3713 1056 3762 et
1081 3702 1144 3762 in
1172 3718 1343 3769 sexto
1371 3709 1665 3791 Dactylus
1690 3730 1707 3770 ε
1749 3709 1853 3770 ubi
1879 3710 2060 3770 etiam
2082 3728 2243 3788 saepe
2270 3727 2378 3788 pro
2408 3708 2711 3788 Spoudoeo

470 3815 476 3822 ·
509 3790 834 3856 Trochaaus
862 3796 1210 3863 admittitur.
1294 3804 1414 3867 Sed
1439 3806 1515 3867 de
1543 3826 1719 3868 versu
1750 3806 2011 3868 Heroico
2035 3806 2223 3867 multa
2243 3804 2495 3867 diximus
2525 3805 2584 3864 in
2613 3807 2712 3865 In-

513 3887 919 3953 stitutionibus
948 3898 1167 3957 nostris
1199 3900 1641 3968 Grammaticis.
1706 3904 2043 3965 *Scanditur
2070 3912 2268 3963 autem
2297 3902 2420 3962 sic:

512 4000 695 4051 Lauda
715 4027 750 4038 -
764 4029 794 4039 -
835 4002 969 4055 bunt
988 4006 1059 4055 ali
1079 4010 1237 4063 -υυί
1282 4012 1364 4063 cla
1383 4040 1461 4051 --
1506 4029 1616 4065 ram
1640 4014 1861 4066 Rhodon
1879 4038 2002 4069 -υυ
2037 4021 2130 4065 aut
2140 4012 2282 4078 Mity
2301 4033 2426 4066 -vu
2459 4013 2611 4062 leuen
2632 4040 2711 4050 --

593 4097 909 4160 Secundus
953 4111 1152 4164 autem
1189 4107 1441 4189 quisque
1488 4123 1587 4172 est
1630 4113 1979 4194 Dactylicus
2022 4110 2367 4172 Alcmanius
2406 4110 2708 4171 Tetrame-

511 4201 602 4251 ter
658 4193 1045 4259 Catalectus:
1100 4200 1327 4267 habens
1375 4215 1631 4286 quatuor
1672 4208 1913 4272 ultimos
1956 4207 2139 4289 pedes
2182 4204 2421 4266 Heroici
2458 4224 2705 4276 versus;

517 4308 645 4350 sic:
