3059 4909
517 377 652 451 840
1258 392 1325 458 Q.
1372 392 1690 444 noas-ru
1743 391 2012 442 rumor

856 544 1038 611 'Dixi
1069 549 1606 608 sacramentum:
1647 540 1920 616 ibimuS,
1950 539 2227 616 ibimus,
2653 535 2731 599 10

954 648 1340 732 Utcumque
1371 645 1747 730 praecedes,
1778 663 2161 727 supremum

1040 751 1329 836 Carpere
1358 750 1488 814 iter
1515 750 1797 816 comites
1827 747 2073 832 parati.

868 854 989 921 Me
1014 874 1135 920 nec
1164 853 1517 920 Chimaerae
1546 852 1822 937 spiritus
1851 852 2092 935 igneae,

872 959 1051 1038 Nec,
1081 959 1141 1023 si
1167 963 1474 1041 resurgat
1501 957 1917 1022 centimanus
1949 952 2208 1037 Gyges»,

436 1168 446 1179 ,
517 1123 676 1173 itiam.
745 1123 896 1174 Hand
919 1123 1107 1185 falsum
1128 1122 1312 1185 ‚iun-avi.
1382 1120 1645 1184 pergemus
1681 1134 1774 1170 nna
1792 1134 2024 1196 [quoquo
2063 1119 2199 1167 modo
2230 1115 2454 1175 anteibit,
2487 1129 2734 1178 pergemus

522 1190 740 1239 ultimam
781 1189 904 1239 inire
941 1191 1071 1240 viam
1107 1188 1318 1253 expediti
1349 1189 1484 1237 socii.
1553 1187 1722 1250 Neque
1750 1200 1826 1235 me
1855 1184 2095 1248 separabit
2124 1197 2332 1247 unquam
2359 1197 2391 1231 a
2418 1186 2468 1230 te
2497 1181 2733 1230 chimoera

510 1253 740 1318 flammas
774 1255 981 1320 spirans,
1005 1271 1155 1319 neque
1180 1254 1421 1305 redivivus
1444 1254 1579 1318 Gyan
1598 1258 1782 1302 centum
1801 1266 1969 1301 manus
1990 1250 2177 1301 habens.
2243 1249 2328 1298 lta
2356 1249 2598 1297 decretum
2621 1245 2733 1294 The·

1666 1398 1814 1419 ‘W

522 1515 593 1549 πε
616 1498 759 1563 Lips,
780 1502 956 1549 1.·-14
996 1500 1168 1566 Gygae
1188 1499 1338 1550 Harl.
1360 1505 1407 1551 1.
1431 1505 1480 1551 2.
1503 1503 1552 1549 3.
1571 1504 1622 1550 4.
1647 1506 1695 1550 5.
1717 1504 1767 1550 6.
1800 1499 1818 1527 ‘
1832 1499 1981 1562 gigas
1993 1498 2105 1563 jam
2128 1498 2317 1561 legisse
2343 1496 2593 1546 videntur
2611 1494 2732 1546 Acr.

525 1573 580 1615 et
602 1566 895 1617 Comment.
915 1564 1074 1632 Cruq.
1097 1565 1423 1629 explicantes
1444 1583 1457 1613 z
1490 1567 1506 1593 ‘
1523 1563 1800 1615 Briareus.²
1847 1566 1919 1615 Et
1940 1565 2015 1614 sic
2040 1564 2151 1630 (vel
2178 1562 2374 1630 Gygae)
2396 1577 2599 1612 summo
2619 1576 2734 1611 con-

525 1644 680 1679 sensu
702 1644 877 1680 omnes
910 1629 1154 1696 Crnquii,
1191 1628 1366 1681 Pulm.
1401 1628 1645 1681 Torrent-
1681 1638 1738 1680 et
1771 1631 1945 1680 Bentl.
1988 1637 2095 1678 tres
2128 1630 2333 1679 Bersm.
2364 1628 2535 1692 Lipss.
2580 1628 2732 1678 Dess.

526 1695 753 1745 Helmst.
788 1696 944 1745 Fran.
965 1697 1184 1747 Venett.
1220 1697 1439 1747 Locher.
1471 1697 1597 1746 Asc.
1631 1696 1793 1761 Cruq.
1820 1696 1972 1746 Torr.
1996 1696 2150 1759 Rutg.
2184 1698 2284 1745 ὅτε.
2349 1695 2451 1743 Sed
2493 1701 2641 1753 recte
2665 1693 2736 1741 vi-

524 1760 716 1811 derunt
735 1760 828 1810 viri
853 1761 1018 1823 docti,
1041 1762 1091 1810 h.
1112 1763 1147 1813 l.
1170 1777 1357 1814 nomen
1382 1764 1649 1826 proprium
1673 1761 1847 1827 potius
1871 1761 2102 1825 posuisse
2131 1760 2411 1824 putandum
2441 1758 2733 1809 Horatium.

527 1826 694 1891 Gyges
717 1826 922 1890 quidam
961 1827 1145 1877 Lamb.
1180 1827 1264 1893 (et
1305 1828 1420 1892 ejus
1453 1828 1583 1878 edit.
1619 1826 1812 1891 prima)
1847 1828 1982 1876 Aut.
2020 1827 2277 1877 Priscian.
2313 1825 2405 1876 lib.
2433 1838 2511 1875 vr.
2553 1839 2603 1888 p.
2622 1828 2734 1874 718.

520 1890 844 2006 gluanuam
867 1900 923 1942 et
944 1893 1018 1943 ibi
1036 1891 1243 1958 quidam
1266 1895 1391 1943 Mss.
1412 1892 1586 1957 gigas)
1618 1893 1814 1945 Venet.
1835 1897 1981 1943 159⁰.
2003 1893 2184 1942 Basill.
2204 1892 2357 1942 Fabr-
2380 1891 2558 1940 Bentl.
2577 1891 2733 1940 Bsxt.

575 1970 686 2006 esu.
708 1964 764 2008 et
787 1957 921 2008 Sivr.
982 1958 1068 2009 Sic
1092 1972 1210 2008 eum
1239 1968 1428 2009 vocant
1460 1957 1620 2020 Γύγην
1641 1958 1862 2009 Hesiod.
1883 1965 1943 2008 Θ.
1970 1963 2082 2009 149.
2106 1963 2219 2009 618.
2240 1962 2354 2008 714.
2377 1960 2493 2006 734.
2562 1955 2734 2007 Schol-

520 2020 768 2085 Apollon.
788 2031 844 2073 et
870 2024 1089 2088 AEschyl.
1107 2023 1494 2089 ‚Pslaephatus,
1524 2024 1734 2074 Auctor
1757 2024 2101 2088 Etymologici
2139 2024 2190 2072 in
2222 2019 2588 2087 Τριτοπότορες,
2616 2021 2737 2081 alii3

527 2086 702 2152 Gygen
721 2088 883 2139 Ovid.
905 2089 1100 2140 Amal.
1123 2092 1174 2141 1.
1199 2094 1280 2139 12.
1314 2089 1454 2139 Fast.
1478 2104 1556 2139 xv.
1582 2094 1697 2140 598.
1731 2089 1888 2139 Trist.
1908 2104 1986 2139 ιν.
2003 2094 2051 2139 7.
2073 2094 2152 2139 18.
2175 2088 2391 2154 (quibus
2409 2097 2586 2137 tamen
2610 2087 2737 2137 locis

522 2154 755 2202 nonnulli
778 2154 938 2203 etiam
956 2153 1208 2205 exhibent
1234 2155 1379 2218 Gias,
1407 2154 1607 2220 Gygm)
1628 2155 1818 2206 Senec.
1842 2155 2007 2205 Herc.
2032 2154 2142 2204 OEt.
2166 2159 2280 2204 167.
2318 2153 2436 2220 (ubi
2459 2153 2578 2203 cod.
2600 2154 2739 2204 Flor.

526 2215 722 2283 Gygas)
760 2217 960 2284 Hygin.
986 2219 1196 2283 praefnt.
1264 2220 1366 2269 Sed
1392 2220 1528 2286 Gyas
1551 2221 1808 2284 posterior
1830 2220 1988 2270 lectio
2011 2220 2193 2271 Lamb.
2262 2220 2346 2268 Sic
2380 2220 2431 2268 in
2456 2225 2592 2268 antt.
2615 2217 2737 2266 libb.

519 2283 780 2348 reperisse
803 2299 860 2333 se
885 2285 959 2335 nit
981 2286 1180 2335 Mutet.
1204 2286 1292 2350 qni
1319 2293 1374 2336 et
1404 2286 1456 2335 in
1487 2286 1543 2337 ll.
1580 2286 1800 2336 Hesiod.
1819 2285 2069 2352 quosdam
2102 2286 2234 2335 Mss.
2260 2283 2382 2343 Γύην
2404 2291 2635 2334 testatur
2655 2284 2740 2333 hs-

518 2345 683 2410 bere;
714 2349 865 2413 cujus
889 2358 1062 2400 nutem
1086 2351 1351 2415 utriusque
1386 2352 1462 2401 rei
1502 2366 1662 2413 penes
1700 2351 1868 2415 ipsum
1907 2353 2074 2401 solum
2106 2350 2256 2402 fides.
2321 2351 2442 2400 vid.
2466 2350 2583 2414 ejus
2603 2364 2738 2399 varr-

518 2412 670 2464 lectt.
699 2426 769 2464 vr.
800 2419 878 2465 12.
944 2415 1188 2479 Apollod.
1211 2416 1351 2469 Bibl.
1381 2430 1458 2480 pr.
1481 2416 1608 2477 Γύην
1635 2418 1895 2482 appellat3
1931 2417 2069 2467 unde
2092 2424 2229 2466 esset
2256 2415 2407 2481 Gyas,
2428 2421 2487 2465 ut
2504 2416 2736 2476 Scaliger

521 2479 654 2536 vult,
677 2481 758 2529 vel
782 2495 847 2531 ex
869 2481 1059 2532 Dorics
1083 2484 1286 2533 ratione
1310 2483 1460 2548 Gyas.
1525 2484 1821 2534 Ediderunt
1841 2490 1897 2532 et
1924 2483 2062 2548 Gyas
2084 2482 2305 2533 Laudin.
2328 2481 2514 2545 Steph.
2548 2482 2729 2531 Heius.

519 2542 647 2605 Fsb.
671 2546 803 2597 Cun.
837 2547 1035 2598 Decer.
1059 2549 1178 2600 San.
1204 2556 1260 2598 et
1282 2547 1468 2598 Jones·
1535 2549 1639 2598 Sed
1667 2551 1813 2600 recte
1847 2547 2035 2599 Heius.
2057 2547 2121 2598 nd
2160 2548 2317 2599 Ovid.
2346 2545 2465 2597 Am.
2498 2560 2563 2596 11.
2588 2552 2635 2598 1.
2661 2551 2736 2599 12.

520 2608 896 2673 Apollodorum
925 2613 1098 2676 potius
1118 2628 1185 2662 ex
1209 2616 1403 2664 ceteris
1424 2614 1678 2678 pluribus,
1694 2630 1847 2680 quam
1872 2617 1965 2664 hos
1982 2629 2046 2664 ex
2070 2614 2158 2662 illo
2181 2629 2282 2663 uuo
2295 2612 2561 2662 emendari
2585 2628 2733 2676 opor·

518 2682 645 2743 tere·
646 2675 877 2740 judicat,
901 2686 955 2728 et
978 2676 1283 2730 Graecorum
1308 2678 1468 2744 igitur
1491 2681 1806 2732 alletoritate
1829 2679 2109 2731 dicendum
2136 2678 2325 2744 Gygen.
2360 2678 2462 2728 vid.
2482 2686 2539 2729 et
2558 2679 2731 2729 Bentl.

1516 2810 1740 2861 NOTAE

519 2903 770 2955 devoveo.
834 2905 1022 2971 Itaque
1062 2904 1318 2957 Horatius
1356 2907 1588 2959 ostendit

518 2996 634 3031 esse
671 2998 727 3032 se
762 2997 830 3031 ex
864 2997 1044 3033 eorum
1067 2998 1300 3049 numero,
1323 2986 1408 3051 qui
1433 2985 1587 3035 Prin-

1667 2925 1723 2961 se
1759 2912 1971 2976 regibus
2004 2912 2284 2975 devovent,
2316 2917 2372 2961 et
2412 2916 2531 2974 post
2553 2924 2640 2959 eos
2663 2909 2734 2957 vi·

1667 2993 1774 3038 tam
1814 2987 2085 3039 refutant?
2153 2990 2224 3038 Et
2265 2988 2383 3037 Val.
2415 2987 2556 3037 Max.
2598 2999 2663 3036 11.
2684 2989 2730 3034 6.

518 3061 724 3126 cipibus
747 3061 922 3112 devoti
945 3064 1362 3127 appellabantur.
1412 3064 1588 3115 Caesar

519 3138 586 3189 de
609 3139 740 3187 Bell.
765 3136 908 3189 Gan.
933 3152 1021 3188 ιιι.
1042 3142 1125 3189 28.
1158 3139 1313 3191 {Alia
1334 3155 1399 3190 ex
1434 3153 1586 3206 parte

516 3216 701 3282 oppidi
750 3217 1146 3280 Adcantuanus,
1197 3219 1282 3285 qui
1337 3234 1588 3270 summam

518 3290 736 3357 Imperii
777 3292 1010 3359 tenebat,
1050 3295 1373 3359 eruptionem
1412 3295 1588 3347 facere

517 3376 735 3420 conatus
773 3376 857 3420 est
898 3385 1015 3420 cum
1053 3373 1315 3423 sexcentis
1366 3373 1592 3437 devotis,

490 3463 647 3515 ·quos
688 3450 763 3500 illi
804 3450 1069 3502 Soldurios
1109 3453 1405 3517 appellant3
1458 3468 1585 3517 quo·

514 3542 630 3579 rum
655 3529 768 3579 hoec
790 3535 873 3578 est
894 3529 1148 3589 conditio,
1180 3534 1238 3578 ut
1271 3529 1506 3579 omnibus
1533 3531 1586 3579 in

513 3607 625 3657 vita
647 3602 935 3657 commodis'
960 3621 1062 3656 una
1085 3621 1203 3656 cum
1226 3602 1303 3655 his
1323 3604 1588 3670 fruantur,

476 3698 733 3749 ,quorum
781 3698 837 3733 se
881 3684 1122 3733 amicitiae
1161 3683 1497 3746 dediderint3
1543 3685 1585 3733 si

517 3760 640 3824 quid
665 3761 740 3811 eis
766 3775 860 3825 per
884 3761 986 3810 vim
1009 3760 1234 3823 accidat,
1254 3766 1345 3810 anit
1362 3761 1587 3811 eundem

516 3837 695 3889 casum
736 3852 838 3886 uua
877 3835 1069 3898 ferant,
1106 3844 1197 3887 aut
1232 3837 1332 3887 sibi
1366 3847 1587 3888 mortem

515 3917 858 3967 consciscant.
927 3916 1114 3982 Neque
1138 3917 1305 3966 adhuc
1320 3918 1584 3968 hominum

512 3990 765 4043 memoria
787 4000 1030 4056 repertus
1053 3999 1135 4043 est
1168 3996 1459 4060 quisquam,
1495 3996 1587 4060 qui

516 4083 579 4119 eo
602 4067 907 4132 interfecto,
942 4070 1095 4135 cujus
1133 4086 1189 4120 se
1226 4072 1472 4123 amicitiae
1498 4071 1587 4122 de·

515 4146 768 4206 vovisset,
804 4147 933 4195 mori
968 4148 1277 4199 recusaret.'
1342 4150 1452 4199 Dio
1491 4150 1585 4202 lib.

516 4234 641 4272 uu.
663 4237 857 4273 morem
883 4225 1039 4274 istum
1062 4222 1276 4278 fluxisse
1300 4227 1366 4278 ab
1392 4228 1586 4291 Hispa-

515 4299 597 4350 nis
616 4298 969 4377 sit‚favetque
985 4302 1291 4355 Sallustius:
1323 4311 1337 4333 ‘
1358 4303 1586 4370 Hispani

1665 3068 1680 3094 ⁴
1701 3066 1955 3116 Celtiberi
1973 3066 2120 3116 nefas
2138 3081 2249 3116 esse
2266 3065 2532 3115 ducebant
2557 3062 2732 3127 praelio

1666 3158 1961 3209 superesse,
1985 3159 2101 3195 cum
2136 3145 2179 3194 is
2203 3142 2504 3203 occidisset,
2529 3157 2622 3205 pro
2645 3156 2732 3191 cu-

1656 3219 1747 3284 jus
1770 3221 1937 3271 salute
1957 3221 2200 3286 spiritum
2224 3219 2585 3270 devoverunt!

1733 3302 1792 3348 11
1819 3296 2098 3361 Supremam
2128 3298 2337 3363 Carpere
2356 3297 2476 3362 iter]
2525 3296 2731 3346 Disces-

1663 3387 1776 3423 sum
1809 3389 1839 3423 e
1878 3375 1984 3424 vita
2024 3374 2122 3424 hac
2157 3375 2223 3423 ad
2260 3373 2452 3423 inferus
2497 3373 2729 3439 regiones

1665 3452 1953 3516 mortisque
1976 3451 2279 3515 Imperium.

1731 3530 1793 3577 13
1831 3527 1916 3576 Me
1950 3542 2033 3576 nec
2060 3527 2328 3586 ciliman-ce,
2346 3523 2455 3589 ξω]
2504 3526 2626 3576 Non
2655 3523 2728 3573 di·

1665 3608 1829 3656 vellar
1868 3621 1968 3673 ego
2001 3623 2032 3657 a
2070 3615 2124 3658 te
2163 3609 2273 3661 ulla
2311 3623 2368 3657 re
2406 3607 2728 3672 quantumvis

1666 3684 1904 3735 terribili.
1955 3687 2038 3735 De
2063 3685 2323 3737 Clnimaera
2344 3699 2386 3736 1.
2409 3686 2516 3737 Od.
2537 3690 2621 3735 27.
2644 3685 2729 3748 πῦρ

1665 3761 1898 3828 πνέουσα,
1940 3763 2103 3826 ignem
2132 3763 2341 3827 spirans,
2382 3763 2576 3812 dicitur
2614 3762 2731 3812 Pin·

1667 3838 1810 3888 daro.

1733 3921 1795 3966 14
1822 3916 1947 3979 Nec,
1976 3917 2019 3966 si
2056 3921 2296 3979 resurgat,
2334 3913 2440 3980 ξω]
2493 3913 2661 3979 Epod.
2692 3929 2729 3963 1.

1665 3996 1681 4023 ‘
1705 3996 1774 4044 Et
1798 4002 1851 4045 te
1876 3996 1959 4045 vel
1982 4009 2079 4060 per
2101 3993 2312 4059 Alpium
2323 3995 2472 4057 juga,
2494 3993 2729 4055 Inhospi-

1665 4073 1825 4122 tslem
1859 4080 1913 4122 et
1953 4072 2262 4133 Caucasum,
2294 4069 2395 4120 Vel
2425 4067 2726 4121 Occidentis

1665 4165 1827 4215 usque
1870 4148 1936 4199 ad
1974 4148 2214 4199 ultimum
2253 4147 2437 4212 sinum,
2473 4146 2618 4196 Forti
2653 4160 2724 4195 se-

1667 4241 1881 4294 quemur
1901 4225 2155 4292 pectore?

1734 4304 2043 4356 centimanus
2066 4305 2230 4371 Gyges
2248 4299 2438 4369 [Gyas]
2469 4300 2522 4353 Is
2544 4315 2667 4352 unus
2683 4314 2717 4350 e
