3059 4909
532 383 664 450 358
1002 448 1009 458 ,
1260 401 1326 461 q.
1375 398 1695 448 nonam
1750 399 2011 449 resecr

900 708 903 713 .
1372 688 1379 693 »
1416 657 1615 724 ODE
1660 654 1849 725 XX.
1903 681 1913 688 ·

597 817 605 832 “
673 755 1055 915 [si-&Q
1299 837 1403 885 AD
1451 836 1967 885 MAEeENArnM.

727 970 977 1021 Horatius
996 970 1051 1020 in
1068 984 1286 1035 cycnum
1311 984 1489 1023 versus
1510 971 1805 1024 universum
1830 973 2009 1025 orbern
2034 975 2210 1027 volatu
2232 976 2439 1025 lustrat.

940 1052 957 1081 ‘
985 1052 1154 1102 Nemo
1173 1066 1256 1103 me
1277 1053 1524 1118 lacrymis
1549 1053 1782 1119 decoret,
1799 1069 1898 1106 uec
1921 1055 2103 1107 funera
2125 1056 2254 1108 fletu

981 1132 1167 1184 Faxit=
1197 1132 1304 1184 Cur
1325 1134 1345 1182 ?
1371 1135 1533 1185 volito
1564 1135 1703 1186 vivu’
1724 1151 1820 1202 per
1841 1150 1932 1187 ora
1955 1138 2153 1187 virum?

1565 1218 1899 1283 Epitaphium
1920 1220 2075 1270 Ennii
2096 1235 2181 1286 ap.
2206 1219 2316 1270 Cic.
2339 1218 2496 1268 Tuae.
2521 1231 2560 1267 1.
2585 1214 2664 1267 is.
2725 1288 2734 1298 .

527 1322 707 1391 (Circa
730 1327 882 1393 hujus
905 1327 1156 1379 Carminis
1178 1318 1616 1395 argumentumrse
1634 1332 1798 1396 ipsum
1817 1333 2195 1399 quodammodo
2217 1346 2485 1398 superasse
2505 1328 2730 1384 Hardui-

591 1423 690 1458 nus
714 1409 796 1459 hic
831 1408 1054 1461 videtur.
1118 1413 1546 1479 ‘Prosopopoeia,
1582 1415 1771 1482 inquit,
1804 1416 1919 1469 haec
1950 1423 2032 1466 est
2052 1417 2243 1467 Christi
2281 1411 2640 1487 triumphantis
2673 1420 2729 1462 et

586 1491 623 1542 J
630 1491 806 1542 udaeos
829 1494 1138 1559 alloquentis
1177 1495 1356 1547 statim
1386 1511 1447 1547 ac
1472 1496 1792 1549 resurrexit.'
1857 1499 2111 1550 Nolumus
2136 1498 2396 1548 haereseos
2417 1493 2613 1544 crimen
2637 1491 2728 1540 im·

591 1572 807 1636 pingere
847 1588 911 1623 ex
945 1575 1344 1641 Prosopopoeias
1381 1579 1754 1644 appellatione,
1789 1581 1954 1639 multo
1992 1580 2154 1633 miuus
2185 1579 2418 1630 refutare
2461 1569 2729 1637 mirificans

587 1653 931 1718 sententiam;
955 1655 1048 1707 sed
1072 1658 1298 1719 paucula
1323 1657 1478 1709 niodo
1498 1659 1788 1725 decerpere
1810 1661 1892 1725 de,
1908 1661 2358 1726 interpretatione.
2426 1659 2442 1687 ‘
2457 1646 2737 1706 Blformb'-

584 1733 669 1782 hic
695 1745 908 1784 vocatur
926 1737 1186 1802 Christus,
1215 1739 1232 1767 ⁸
1253 1741 1376 1804 quia
1395 1741 1545 1800 simul
1576 1743 1630 1791 in
1660 1741 1827 1803 forma
1849 1744 1956 1794 Dei
1972 1750 2029 1794 et
2048 1745 2099 1793 iu
2122 1741 2289 1794 forma
2302 1739 2479 1791 servi)
2545 1736 2629 1786 Ad
2655 1751 2736 1809 νε.

585 1817 635 1865 9.
668 1815 999 1881 ῩΑΙΙεςοτίω,
1048 1819 1238 1886 inquit,
1269 1836 1386 1886 pars
1427 1824 1598 1875 altera
1634 1824 1887 1890 sequitur,
1927 1825 2305 1892 qual-'ratres
2344 1815 2752 1875 Praedicatores‘

583 1898 751 1946 sancti
772 1893 1033 1950 Dominici
1058 1902 1289 1952 alumnos
1313 1905 1525 1969 egregie
1542 1907 1890 1971 commendat.
1955 1906 2290 1961 vaticinatur
2311 1904 2447 1954 euim
2472 1902 2731 1962 Christus,

579 1989 639 2025 se
660 1976 761 2027 illis
791 1981 1118 2042 praeconibus
1137 1983 1409 2047 Evangelii
1428 1985 1508 2035 sni
1529 2018 1544 2034 .
1559 2022 1572 2037 .
1590 2021 1603 2036 .
1619 2001 1716 2052 per
1732 1987 2031 2052 complures
2051 1987 2191 2039 orbis
2216 1985 2506 2051 provincias
2528 1983 2730 2033 volatu·

532 2074 543 2105 s
580 2068 694 2106 rum
710 2056 811 2095 '—⁸
836 2059 1014 2110 alitem
1039 2061 1235 2112 alburn'
1263 2063 1641 2129 interpretatur
1662 2067 1885 2119 candida
1908 2076 2054 2120 veste
2075 2067 2532 2119 indutum—Qum
2566 2065 2582 2092 ‘
2598 2062 2724 2113 resi·

580 2136 712 2186 dunt
734 2141 898 2203 pelles
921 2142 1158 2193 cruribus
1182 2144 1418 2208 asperae,'
1450 2160 1633 2198 ocreas
1663 2149 1930 2214 intelligit,
1954 2152 2139 2217 quibus
2162 2149 2399 2216 equitans
2425 2145 2734 2196 Dm‘ninica-⁴

577 2231 676 2267 nus
712 2234 865 2270 crnra
903 2222 1286 2287 tegit.'--Ohe!
1313 2226 1426 2291 jam
1460 2229 1588 2280 satis
1625 2238 1737 2280 est:
1775 2232 1864 2298 qui
1901 2233 2075 2296 valido
2112 2230 2375 2282 stomacho
2410 2233 2513 2290 est,
2546 2233 2722 2291 potest

575 2298 762 2351 librum
784 2302 946 2355 adire.
1015 2305 1288 2357 Clauditur
1312 2311 1582 2360 annotatio
1617 2312 1681 2362 ad
1713 2313 1844 2364 hanc
1879 2314 2037 2365 Oden
2064 2314 2172 2365 ita:
2208 2315 2225 2344 ‘
2248 2312 2357 2363 Aut
2377 2311 2508 2361 nihil
2541 2310 2600 2359 in
2617 2309 2719 2359 nllo

579 2380 856 2446 :enigmate
880 2385 1067 2435 video'
1085 2385 1224 2453 (quis
1258 2388 1357 2440 hoc
1394 2391 1693 2455 suspicetur
1714 2392 1780 2444 de
1815 2396 1944 2460 viro,
1968 2397 2054 2462 qui
2092 2402 2171 2446 tot
2206 2406 2528 2446 nummorum
2560 2389 2718 2454 aenig·

574 2469 719 2511 mata
735 2464 910 2528 solvit,
922 2466 1156 2534 viditque
1170 2470 1308 2534 quod
1326 2485 1573 2536 nusquam
1589 2481 1702 2524 erat
1714 2474 1761 2539 ?>
1777 2477 1793 2504 ‘
1814 2482 1902 2526 aut
1918 2477 2216 2527 indubitata
2234 2475 2351 2526 haee
2368 2481 2541 2524 nostra
2560 2474 2720 2524 inter·

530 2556 537 2561 ’
578 2546 808 2605 pretatio
838 2546 1000 2599 debet
1036 2548 1203 2600 videri
1233 2552 1677 2620 ingeniosissime,
1712 2562 1774 2606 ut
1807 2572 1947 2607 nnnc
1981 2560 2190 2624 quidem
2226 2559 2471 2621 arbitror,
2493 2555 2714 2606 omnium

578 2622 811 2677 Odarum
854 2629 1320 2686 Pseudo-Horatii.
1386 2636 1556 2689 Quam
1601 2639 1647 2687 si
1689 2639 1804 2705 quis
1836 2640 2123 2690 contendat
2167 2639 2314 2690 annis
2362 2638 2498 2688 haud
2540 2637 2713 2702 paucis

574 2706 824 2770 scriptam
866 2709 1027 2762 fuisse
1068 2721 1189 2778 post
1225 2716 1353 2766 alias
1392 2717 1656 2781 plurimas,
1684 2715 1853 2786 neque.
1906 2722 2088 2772 hornm
2126 2722 2484 2772 collectionem
2523 2718 2715 2769 Carmi-

572 2800 694 2836 num
719 2788 883 2842 lucem
907 2796 1173 2858 aspexisse
1199 2807 1321 2849 ante
1353 2814 1541 2850 annum
1576 2801 1789 2852 circiter
1819 2807 1967 2854 1250.
2001 2804 2138 2854 haud
2174 2810 2388 2868 gravate
2425 2797 2713 2852 assentiar.’

576 2869 708 2918 Gesn
730 2871 751 2933 )
1835 2935 1864 2977 θ

854 2972 1028 3040 NON
1059 2937 1466 3083 usitatqissnec
1496 2941 1692 3048 tenui!
1701 2980 1873 3050 fera'r

571 3115 677 3165 Nec
693 3119 834 3169 solita
853 3136 940 3173 nec
960 3125 1053 3175 levi
1075 3142 1164 3191 per
1183 3127 1296 3180 «ἕνα
1316 3093 1553 3195 fluentem
1572 3135 1652 3184 ala
1668 3135 1819 3186 vehar
1838 3151 1924 3200 ego
1956 3137 2113 3187 Ροὲια
2131 3137 2310 3202 duplici
2326 3110 2493 3199 fornia
2510 3138 2703 3202 pollen·

1425 3262 1692 3284 ΟΜΝ
1697 3265 1786 3285 ΝΟ

569 3326 687 3377 Ode
709 3328 910 3406 decima
932 3336 1089 3388 tertia
1125 3340 1270 3392 Libri
1296 3346 1440 3394 tertii
1472 3347 1524 3398 iu
1559 3349 1659 3399 Ed.
1690 3350 1885 3400 Sanad.
1958 3352 2064 3402 Nec
2100 3351 2283 3401 usitata
2318 3350 2527 3415 quidam
2552 3350 2701 3402 codd.

498 3404 585 3440 nec
606 3398 736 3444 tenui
752 3411 931 3450 omnes
953 3400 1065 3453 fere
1087 3407 1239 3458 codd.
1259 3409 1338 3459 ita
1360 3420 1508 3463 certe
1530 3415 1681 3466 Harl.
1708 3421 1753 3466 1.
1790 3421 1841 3466 2.
1872 3420 1922 3465 3.
1945 3421 1995 3467 4.
2031 3423 2079 3466 5.
2100 3421 2151 3466 6.
2187 3423 2244 3465 et
2280 3417 2401 3466 edd.
2444 3421 2576 3466 vett.
2610 3416 2698 3466 sed

498 3470 563 3505 ex
587 3458 814 3512 Bentleii
849 3466 1036 3531 Regin.
1074 3477 1129 3520 et
1150 3473 1392 3529 Petrens.
1433 3477 1612 3530 Bentl.
1644 3481 1865 3546 Cuning.
1899 3481 2088 3547 Sanad.
2123 3481 2260 3534 Sivr.
2303 3482 2447 3548 Jaui,
2488 3484 2699 3548 Bipont·

1489 3592 1706 3644 NOTAE

558 3672 789 3726 Metram
813 3677 951 3730 idem
976 3684 1113 3747 quod
1139 3700 1300 3751 snpra
1321 3703 1359 3740 1.
1384 3690 1490 3743 Od.
1507 3696 1557 3743 9.
1637 3708 1738 3745 nec
1762 3694 1969 3744 omnino
2003 3694 2114 3745 sine
2151 3708 2326 3759 causa,
2354 3695 2563 3759 jactare
2586 3696 2699 3746 soli-

514 3822 526 3835 ·
558 3751 585 3796 1
625 3750 741 3801 Non
773 3755 971 3821 usitata,
1002 3760 1108 3824 ξω]
1142 3762 1376 3830 Scaliger
1398 3767 1557 3821 Poet.
1638 3771 1705 3821 tis
1750 3779 2058 3828 succenseat
2101 3785 2313 3822 necesse
2358 3778 2459 3822 est.
2537 3773 2698 3824 Paulo

490 3822 584 3911 ¹¹.¹'·
610 3840 695 3878 vr.
760 3830 916 3883 Oden
940 3835 1076 3888 hanc
1101 3839 1174 3889 ait
1212 3841 1419 3908 ‘magni
1451 3847 1558 3912 spi·
1638 3852 1785 3895 certe
1817 3846 2062 3897 audacius
2097 3848 2322 3897 canebat
2362 3854 2423 3898 et
2456 3850 2697 3900 vaticina·

489 3910 643 3965 ritus,
682 3912 737 3955 et
777 3912 1154 3977 tantodignam
1177 3917 1422 3983 ingenio.’
1485 3924 1556 3974 Se
1638 3924 1792 3973 batur
1824 3923 1981 3975 Ovid.
2016 3925 2151 3974 Met.
2177 3939 2271 3975 xv.
2291 3928 2406 3974 871.
2441 3925 2696 3992 ‘Jamque

488 3991 710 4045 suosque
753 3998 933 4036 versus
977 3990 1293 4047 immortales
1348 3998 1555 4050 futuros
1633 4014 1763 4063 opus
1788 4000 1959 4065 exegi,
1999 4001 2138 4067 quod
2177 4015 2275 4050 nec
2307 4000 2458 4053 Jovis
2486 4004 2581 4066 ira,
2601 4017 2695 4053 nec

487 4058 740 4120 praesagit
762 4060 1033 4130 Horatius,
1052 4076 1208 4134 atque
1232 4087 1322 4123 suo
1347 4077 1554 4128 nomine
1634 4076 1786 4140 ignis,
1811 4079 1925 4128 Nec
1962 4077 2158 4141 poterit
2194 4075 2414 4140 ferrum,
2442 4093 2540 4129 nec
2563 4078 2692 4128 edax

484 4137 542 4218 et
564 4130 705 4182 fama
723 4135 1042 4201 implendum
1060 4146 1233 4197 orbem
1255 4157 1422 4202 totum
1441 4154 1562 4218 glo-
1632 4152 1846 4203 abolere
1868 4151 2139 4204 vetustas?

483 4213 669 4293 riatur.
689 4286 701 4298 .
738 4212 855 4264 Quo
878 4215 921 4265 si
943 4219 1056 4283 quis
1078 4221 1387 4284 offendatur,
1411 4244 1549 4280 sum-
1700 4230 1805 4280 Nec
1838 4229 1971 4281 tenui
1994 4229 2139 4290 ferar
2173 4229 2365 4295 Penne]
2401 4231 2523 4283 Non
2550 4231 2691 4283 tenni

484 4294 580 4330 mis
617 4288 906 4356 quibusque
945 4295 1127 4348 Poetis
1164 4314 1353 4364 magna
1383 4304 1450 4356 de
1474 4320 1549 4365 se,
1632 4313 1723 4358 aut
1744 4306 1919 4372 fragili
1942 4310 2139 4372 volatu,
2174 4307 2263 4375 qui
2287 4308 2618 4375 dissolvatur,
2635 4315 2690 4360 et
