3059 4909
896 534 997 598 Te
1028 553 1256 599 rursus
1285 532 1354 598 in
1381 533 1633 599 bellum
1661 531 2013 596 resorbens

1276 389 1347 449 Q.
1393 385 1710 435 noum:
1764 385 2028 436 resecr

2680 530 2759 593 15

986 636 1193 701 Unda
1220 635 1407 701 fretis
1437 635 1592 701 tulit
1617 635 1953 701 aestuosis,
2047 652 2062 667 ³

812 739 992 824 Ergo
1026 740 1390 823 obligatam
1420 737 1630 803 redde
1659 736 1705 804 J
1710 738 1822 803 ovi
1852 736 2122 821 dapem,

812 844 1182 928 Longaque
1212 842 1468 908 fessum
1494 840 1743 907 militia
1768 842 1952 906 latus

899 948 1181 1032 Depone
1214 946 1339 1010 sub
1368 946 1564 1010 lauru
1596 965 1786 1026 mea3
1829 964 1952 1008 nec

986 1051 1200 1117 Parce
1230 1049 1422 1115 cadis
1452 1050 1577 1115 tibi
1605 1048 1980 1115 destinatiS.

2676 1040 2759 1116 20

548 1210 612 1259 cd
642 1205 863 1258 militiam
897 1206 1114 1256 deduxit.
1182 1204 1409 1255 Debitum
1440 1204 1595 1267 igitur
1628 1203 1812 1267 epulum
1842 1202 1959 1252 Jom'
1987 1205 2228 1267 persolve.-
2261 1206 2306 1252 et
2336 1218 2503 1266 corpus
2536 1202 2760 1254 diuturno

538 1273 811 1337 fatigatum
843 1271 957 1321 bello
982 1272 1164 1321 reclina
1196 1271 1282 1321 sub
1312 1286 1416 1321 mea
1445 1272 1615 1319 lauro?
1658 1284 1804 1333 neque
1824 1269 1965 1319 doliis
1997 1268 2182 1318 abstine
2202 1268 2293 1318 tibi
2311 1269 2530 1319 servans.
2599 1269 2758 1319 Petita

1470 1384 1652 1405 ‘‘‘‘‘

1656 1383 1838 1404 ‘‘‘‘‘

551 1461 733 1507 tastum
753 1454 964 1504 Perdere
992 1468 1084 1503 aon
1106 1453 1268 1503 timuit
1297 1454 1540 1518 pudorem.
1607 1451 1755 1501 Ohe!
1791 1450 1938 1502 obe!'
1971 1450 2244 1502 Jani.—-19
2278 1448 2562 1500 Pulmanni
2596 1451 2754 1501 Gem-

552 1523 686 1575 blac.
712 1525 759 1569 1.
782 1521 926 1583 Lips.
950 1524 997 1569 l.
1032 1535 1064 1568 a
1088 1534 1239 1569 mann
1265 1533 1368 1569 sec.
1405 1519 1600 1568 Venet.
1624 1522 1771 1569 1492.
1791 1518 2016 1567 Locber.
2043 1516 2157 1566 aliae
2180 1516 2300 1566 edd.
2325 1526 2456 1566 vett.
2479 1516 2566 1566 sub
2590 1517 2751 1576 lauro,-

551 1586 705 1636 Harl.
731 1590 776 1635 1:
796 1588 843 1635 2.
866 1588 915 1635 3.
935 1588 985 1635 4.
1008 1590 1057 1634 5.
1080 1590 1130 1634 6.
1166 1585 1357 1650 aliique
1381 1584 1590 1648 plurimi
1612 1583 1765 1634 codd.
1800 1584 1887 1633 sub
1911 1584 2068 1644 lauru,
2102 1589 2157 1632 et
2180 1582 2255 1631 sic
2284 1581 2494 1631 edidere
2518 1583 2755 1633 Torrent.

552 1651 738 1702 Lamb.
775 1651 932 1712 Cruq.
964 1649 1149 1701 Heius.
1184 1651 1248 1700 R.
1281 1657 1337 1699 et
1375 1649 1448 1699 H.
1485 1649 1670 1713 Stepb.
1704 1649 1882 1698 Bentl.
1923 1648 2083 1698 Baxt.
2123 1648 2346 1713 Cuning.
2384 1648 2572 1697 Sanad.
2615 1647 2757 1711 Jani,

550 1718 765 1769 Mitscli.
790 1717 1009 1767 Wetzel.
1033 1716 1246 1781 Bipont.
1272 1713 1480 1766 Wakef.
1505 1715 1687 1766 Comb.
1703 1723 1767 1791 ‘et
1790 1714 1951 1764 Kidd.
1975 1722 2029 1764 et
2051 1716 2121 1764 ita
2137 1715 2252 1779 jam
2284 1715 2497 1767 Servius
2520 1715 2585 1764 ad
2608 1714 2753 1779 Virg-

1546 1833 1594 1882 N
1605 1831 1764 1882 0¹1·AE

618 1916 686 1965 Te
720 1929 888 1966 rursus
922 1915 976 1966 in
1001 1915 1171 1967 hum
1204 1916 1466 1980 resorbens,
1503 1917 1612 1981 ‹ij-a]

545 1994 638 2045 Me
654 1993 866 2060 quidem
886 1993 1157 2045 Horatium
1176 2002 1451 2059 paventem
1466 1997 1612 2046 Mer-

546 2073 722 2124 curius
765 2071 1038 2122 sublimem
1080 2073 1277 2138 rapuit,
1317 2088 1379 2124 ac
1420 2074 1613 2124 nebula

546 2151 813 2213 protexit:
855 2157 910 2201 te
953 2165 1093 2208 vero,
1133 2153 1375 2218 Pompei,
1416 2154 1611 2205 Martis

541 2227 699 2277 ardor
738 2227 790 2276 in
826 2242 962 2278 nova
1003 2230 1238 2293 pericula
1272 2231 1513 2296 conjecit,
1549 2246 1611 2282 ac

541 2303 932 2354 recrudescenti
952 2305 1090 2356 bello
1110 2306 1386 2372 implicuit,
1403 2322 1611 2372 semper

543 2380 884 2445 intrepidum,
898 2397 959 2433 ac
977 2382 1200 2448 publicae
1214 2384 1476 2441 libertatis
1492 2400 1612 2450 per·

546 2457 795 2509 tinaciter
817 2459 1098 2513 vindicem.

612 2534 883 2586 Resorbem
908 2541 1037 2588 unda
1050 2539 1207 2599 fretis
1236 2540 1350 2590 tulit
1370 2539 1611 2604 actuosis]

542 2610 692 2663 sicut
733 2613 788 2663 in
824 2613 976 2665 fretis
1016 2618 1253 2666 astuosis
1290 2618 1433 2671 unda
1465 2632 1611 2668 rece·

542 2687 673 2738 dens
695 2689 990 2757 iterumque
1012 2693 1269 2744 accedens
1290 2709 1353 2745 ea
1370 2695 1612 2747 resorbet

543 2779 660 2830 quae
683 2778 1001 2827 evomuerat,
1024 2786 1087 2822 ac
1109 2772 1161 2822 in
1184 2773 1363 2824 littore
1386 2773 1610 2838 relique·

542 2850 650 2904 rat,
682 2845 757 2895 sic
789 2846 982 2896 bellum
1015 2849 1165 2898 caesis
1200 2848 1380 2900 Cassio
1419 2850 1609 2900 Bruto·

542 2936 643 2985 que
687 2924 832 2986 quasi
880 2922 1212 2989 profligatum
1256 2926 1491 2991 ejecerat
1534 2934 1609 2992 te,

544 2997 706 3062 Vere,
726 3015 830 3051 non
863 3016 1015 3053 secus
1052 3018 1116 3054 ac
1145 3018 1249 3068 me,
1283 3004 1635 3070 liberumque,

544 3076 708 3125 veluti
749 3075 988 3129 fecer-att
1039 3095 1220 3130 verum
1255 3081 1608 3135 exardescens

525 3164 700 3214 ,porro
723 3153 973 3204 tumultus
997 3156 1164 3205 civilis
1182 3157 1235 3206 in
1259 3173 1401 3207 arma
1419 3166 1474 3211 te
1496 3174 1609 3209 rur«-

534 3242 627 3276 sus
650 3228 896 3292 abripuit.
944 3232 1043 3281 His
1069 3233 1277 3285 Horatii
1302 3238 1478 3287 verbis
1502 3252 1607 3288 non

541 3302 633 3353 abs
667 3319 725 3355 re
749 3308 930 3356 volunt
951 3309 1159 3374 quidam
1194 3313 1356 3363 alludi
1381 3314 1444 3362 ad
1472 3330 1606 3378 prae-

539 3381 662 3430 lium
694 3383 844 3435 Sexti
889 3387 1127 3452 Pompeii
1159 3391 1213 3439 in
1253 3391 1429 3442 Siculo
1466 3392 1605 3443 freto

540 3461 897 3513 commissum:
934 3466 1169 3532 adeoque
1207 3467 1272 3518 ad
1310 3470 1453 3519 illum
1486 3484 1603 3521 cum

540 3536 653 3587 aliis
676 3538 872 3601 Varum
895 3542 1219 3607 confugisse,
1255 3556 1373 3609 post
1401 3547 1606 3599 cladem

540 3614 880 3671 Brutianam:
921 3621 1057 3671 uude
1083 3624 1292 3673 tandem
1320 3625 1495 3675 salvus
1518 3627 1606 3676 ille

538 3693 749 3745 Romam
790 3699 1024 3764 redierit,
1061 3710 1118 3751 et
1154 3701 1395 3766 Augusto
1425 3718 1608 3754 recon-

536 3769 740 3823 ciliatus
763 3773 848 3826 sit.
880 3776 1057 3826 AEstus
1073 3779 1188 3828 illos
1209 3780 1439 3833 marinos
1457 3795 1604 3845 egre·

535 3847 621 3910 gie
642 3850 899 3900 describit
920 3853 1106 3918 Virgil.
1127 3855 1243 3906 AEn.
1265 3870 1346 3907 ιι.
1369 3861 1487 3909 624.

601 3930 664 3987 17
708 3929 845 3997 Ergo
882 3929 1145 3993 obligatam
1179 3936 1324 3984 redde
1360 3936 1479 3986 Jevt‘
1518 3937 1606 3987 da·

527 4002 657 4067 pem]
689 4003 798 4053 Pro
831 4004 1188 4060 incolumitate
1222 4012 1324 4063 ista
1358 4021 1451 4063 tua
1480 4020 1605 4077 post

532 4085 615 4129 tot
630 4079 839 4131 labores
857 4090 914 4133 et
935 4085 1187 4150 pericula,
1204 4104 1235 4139 o
1252 4092 1411 4154 vare,
1420 4098 1600 4154 grates

533 4155 646 4205 Diis
671 4159 926 4223 persolve,
946 4159 1030 4213 fac
1044 4179 1248 4216 sacrum
1268 4168 1389 4219 Jovi
1409 4169 1599 4218 Serva.

529 4234 650 4297 tori,
680 4236 899 4301 Dapali;
934 4238 1002 4289 de
1023 4257 1126 4305 quo
1162 4245 1240 4294 Μ.
1268 4244 1400 4293 Cato
1422 4244 1491 4294 de
1518 4246 1598 4296 Re

533 4310 683 4364 Rust-
721 4320 968 4380 cap.l32.
1009 4319 1287 4381 obligatum
1313 4321 1495 4385 dapem,
1518 4337 1600 4373 sa·

1694 1914 1942 1967 orificium
1969 1915 2106 1965 inter
2129 1914 2428 1966 discrimina
2450 1915 2756 1980 promissum

1693 2008 1757 2044 ac
1780 2001 1956 2044 votum
1979 2009 2013 2043 a
2034 1994 2288 2057 Pompeio
2311 1994 2473 2058 Varo,
2497 1994 2755 2058 interpres·

1693 2072 1792 2122 tari
1815 2072 1961 2136 licet,
1982 2087 2046 2122 cx
2069 2072 2340 2122 Prisciano
2364 2072 2454 2127 lib.
2476 2086 2582 2123 vn.
2673 2096 2676 2099 ·

1756 2154 1823 2201 18
1854 2150 2115 2213 Longeque
2135 2149 2325 2211 sessum
2351 2149 2549 2213 militia]
2589 2149 2755 2200 Multo

1690 2227 1913 2292 longiori
1939 2242 2088 2290 quam
2112 2242 2249 2291 mea,
2271 2226 2439 2292 iuquit
2471 2227 2754 2277 Horatiusz

1691 2320 1881 2370 nempe
1912 2304 2005 2354 sub
2040 2304 2217 2355 Cassio
2257 2312 2313 2354 et
2345 2304 2536 2367 Bruto,
2568 2303 2755 2355 deinde

1691 2384 1787 2436 sub
1817 2386 1985 2436 Sexto
2034 2383 2302 2449 Pompeio,
2347 2384 2401 2434 in
2434 2383 2646 2434 Sicilia:
2698 2389 2755 2432 ut

1691 2463 1888 2513 dictum
1911 2469 2012 2512 est.
2079 2463 2220 2527 Ergo
2252 2466 2332 2511 tot
2358 2461 2601 2511 aeruruuis
2624 2461 2757 2513 viret

1689 2539 1968 2589 exhaustas
2015 2552 2219 2600 recrea,
2261 2538 2479 2600 epulare
2532 2551 2754 2599 mecum,

1689 2616 1901 2682 quiesce
1925 2616 2065 2679 apud
2097 2629 2211 2677 me;
2243 2615 2332 2664 sub
2362 2615 2504 2665 lauru
2535 2629 2640 2664 mea
2673 2621 2753 2665 tu-

1689 2699 1798 2744 tus:
1824 2692 2115 2758 patrocinio
2132 2705 2246 2741 meo
2264 2690 2507 2754 confisus,
2520 2691 2755 2756 adeoque

1690 2770 1828 2820 omni
1858 2770 2095 2845 deposita
2121 2768 2469 2818 solicitudine.
2519 2768 2756 2832 Spondet

1691 2860 1879 2911 nempe
1902 2847 2045 2897 Varo
2072 2845 2345 2910 Horatius,
2363 2844 2502 2896 forte
2525 2845 2751 2894 nondum
2829 2882 2834 2887 .

1689 2922 1927 2988 perfecte
1965 2924 2030 2974 ab
2058 2924 2296 2988 Augusto
2330 2924 2536 2985 veniam
2573 2937 2753 2973 conse-

1690 3010 1832 3065 cuto,
1856 3000 2093 3052 favorem
2123 3001 2451 3065 Mecenatis,
2485 3015 2579 3065 per
2600 3016 2751 3067 quem

1689 3080 1804 3145 ipse
1827 3096 1945 3129 cum
1978 3081 2065 3129 illo
2106 3079 2305 3129 victore
2335 3079 2617 3129 metuendo
2640 3079 2751 3144 jam

1690 3158 2056 3209 reconciliatus
2077 3154 2265 3206 fuerat.
2320 3156 2449 3206 Cum
2472 3156 2610 3206 euim
2635 3171 2750 3219 pro·

1689 3238 1977 3301 scriptione
2001 3238 2271 3299 bonorum,
2294 3250 2411 3287 cum
2436 3235 2553 3285 aliis
2575 3242 2748 3300 partes

1689 3308 1937 3367 adversas
1988 3315 2200 3376 secutis,
2256 3314 2536 3363 mulctatus
2592 3319 2751 3374 esset,

1688 3394 1836 3457 inops
1863 3408 2033 3443 rerum
2051 3399 2262 3444 coactus
2282 3400 2364 3442 est
2381 3390 2622 3441 faciendo
2640 3405 2749 3440 ver-

1686 3486 1774 3521 sus
1796 3472 1987 3521 victum
2009 3472 2306 3537 quaeritare.
2361 3469 2516 3523 Quod
2542 3469 2619 3520 ita
2639 3482 2750 3518 nar-

1689 3556 1772 3598 rat
1793 3563 1857 3601 11.
1882 3549 2052 3611 Epist.
2073 3553 2125 3599 2.
2145 3552 2229 3599 49.
2263 3548 2278 3575 ‘
2294 3546 2447 3596 Unde
2471 3546 2623 3597 simul
2646 3546 2747 3610 pri-

1686 3640 1826 3675 mum
1857 3640 1942 3675 me
1973 3624 2220 3675 dimisere
2257 3623 2505 3688 Philippi,
2544 3623 2746 3672 Decisis

1687 3703 1934 3754 humilem
1967 3703 2171 3768 pennis,
2200 3703 2511 3769 inopemque
2545 3702 2749 3766 paterni

1690 3781 1760 3830 Et
1794 3780 1915 3830 laris
1948 3789 2003 3832 et
2035 3780 2204 3843 fundi,
2238 3788 2515 3845 paupertas
2546 3781 2749 3844 impulit

1685 3857 1859 3909 audax
1905 3859 1980 3908 Ut
2019 3873 2200 3908 versus
2235 3856 2499 3907 facerem!
2567 3856 2746 3921 Itaque

1685 3934 1999 3985 Maecenatis
2045 3935 2265 3998 primum
2309 3934 2535 3984 animum
2577 3931 2748 3983 deme·

1683 4012 1808 4069 ruit,
1841 4027 2040 4078 perque
2080 4013 2217 4061 bunc
2262 4011 2487 4076 Augusti
2536 4011 2744 4074 placare

1682 4090 1814 4140 iram
1853 4102 2124 4155 aggressus
2158 4095 2270 4139 est:
2304 4097 2358 4139 et
2392 4087 2535 4154 quod
2564 4087 2745 4138 scribit

1682 4168 1749 4218 ad
1784 4168 2005 4218 Pisones
2037 4183 2112 4218 vs.
2152 4171 2270 4218 404.
2310 4179 2610 4231 quanquam
2647 4165 2744 4214 aiio

1682 4246 1752 4296 ibi
1778 4248 2048 4311 proposito
2064 4263 2080 4296 ε
2118 4253 2133 4276 ‘
2159 4247 2327 4310 gratia
2355 4259 2538 4309 regum
2561 4242 2747 4294 Pieriis

1684 4330 1884 4375 tentata
1908 4325 2099 4375 modis:
2126 4324 2380 4390 ludusque
2399 4330 2658 4389 ropertus,
2677 4322 2743 4375 Et
