3059 4909
548 385 676 453 194

1269 397 1335 457 Q.
1382 390 1702 442 nouA'ru
1751 386 2018 438 amem

719 545 838 614 Me
868 563 1132 632 quoque
1162 540 1403 608 devexi
1426 537 1707 622 rapidus
1733 552 1958 628 comes
1989 530 2257 623 Orionis

807 647 1101 733 Illyricis
1132 644 1356 711 Notus
1388 641 1616 707 obruit
1644 638 1863 702 undis.

724 752 822 817 At
847 757 943 828 tu,
973 753 1205 824 nauta,
1237 763 1432 827 vagae
1462 761 1545 807 ne
1575 758 1778 826 parce
1798 738 2127 819 malignus
2157 735 2374 799 are'noe

807 851 1096 917 Ossibus
1125 855 1194 912 et
1223 845 1433 929 capiti
1462 841 1805 908 inhumato
2299 839 2306 842 ’
2353 837 2360 844 ’

546 1031 691 1095 pina.
756 1031 839 1082 Sic
869 1032 1012 1081 etiam
1045 1044 1118 1079 me
1150 1028 1361 1094 Illyricis
1378 1025 1610 1091 fiuctibus
1627 1022 1895 1074 summersit
1916 1021 2096 1071 Auster
2114 1015 2309 1067 declivis
2336 1012 2534 1064 Orionis
2564 1007 2739 1085 mecla

548 1110 774 1162 preceps.
841 1096 913 1146 Tu
931 1110 1059 1154 vero,
1080 1100 1246 1157 nauta,
1266 1108 1325 1143 ne
1345 1091 1582 1156 improbus
1600 1089 1717 1137 ntihi
1736 1088 1824 1150 sis,
1846 1101 1959 1136 neve
1981 1088 2029 1134 te
2047 1084 2211 1147 pigeat
2232 1078 2440 1130 errantis
2457 1076 2612 1126 subula
2629 1087 2740 1138 por-

1468 1229 1826 1256 “OOOOOOO‘O‘

557 1320 754 1376 Gifanii
775 1321 892 1371 Ind.
930 1322 1138 1370 Lucret.
1166 1333 1295 1369 voce
1334 1319 1350 1352 ⁴
1369 1313 1625 1368 densere.’
1645 1314 1660 1335 ’

1691 1291 1957 1363 June-21
1997 1310 2064 1359 Te
2082 1322 2256 1372 quoque
2277 1305 2407 1368 conj.
2428 1303 2551 1352 Nic.
2573 1297 2739 1350 Hein-

559 1387 664 1435 sius
691 1400 779 1449 ap.
802 1386 981 1435 Bentl.
1024 1393 1081 1434 ut
1119 1383 1294 1435 Nauta
1330 1382 1495 1431 adbuc
1540 1381 1802 1443 loquatur,
1842 1383 1895 1425 'et
1929 1373 2187 1437 Archytas
2220 1373 2422 1421 demum
2442 1370 2621 1416 its-23.
2661 1364 2737 1412 in·

559 1451 744 1513 cipiat,
767 1450 1091 1513 improbante
1109 1448 1245 1500 Jani.
1292 1447 1484 1496 rubidus
1505 1444 1692 1494 Faern.
1714 1440 1949 1491 Lambini
1976 1437 2171 1487 solenni
2196 1435 2514 1483 errore—28
2547 1430 2621 1479 At
2643 1433 2699 1477 tu
2714 1443 2741 1475 o

558 1519 706 1578 nauta
720 1515 943 1579 Franeq·
974 1514 1048 1564 Ac
1071 1518 1127 1564 tu
1146 1512 1283 1576 conj.
1308 1510 1663 1575 Cuning.-24
1701 1505 1896 1555 Ossibus
1917 1509 1965 1553 et
1986 1502 2133 1567 cupiti
2163 1516 2247 1550 nec
2279 1500 2470 1548 humato
2495 1493 2633 1578 conj.
2656 1507 2742 1570 aps

1542 1617 1758 1671 NOTAE

559 1724 802 1785 mittere3
836 1737 932 1774 nec
967 1723 1094 1773 alias
1127 1720 1359 1787 potuisse
1392 1719 1616 1769 animam

560 1814 776 1864 corpore
802 1798 988 1849 exolvi.
1034 1798 1118 1848 Ad
1141 1797 1274 1846 hanc
1295 1791 1617 1859 superstitio·

561 1889 678 1925 nem
704 1875 917 1939 respicit
941 1873 1184 1938 Horatius
1207 1871 1321 1931 bic3
1347 1869 1545 1933 pariter
1562 1873 1619 1916 et

560 1949 746 2014 Virgil.
764 1949 880 1999 AEn.
903 1962 977 1999 ιν.
997 1952 1113 1998 698.
1128 1949 1143 1976 ‘
1165 1946 1410 1996 Nondum
1428 1942 1506 1992 illi
1521 1940 1613 1991 fla·

561 2040 680 2076 vum
705 2024 1022 2089 Proserpina
1046 2022 1244 2073 vertice
1266 2022 1461 2072 crinem
1475 2018 1613 2070 Abs-

563 2103 776 2164 tulerat,
790 2093 1073 2166 Stygi'oque
1095 2106 1253 2163 caput
1278 2099 1614 2148 damnaverat

564 2176 741 2229 Orco.'
805 2175 999 2226 Allusit
1039 2182 1095 2226 et
1138 2175 1368 2226 Martial.
1405 2187 1494 2223 ιιι.
1536 2176 1617 2222 43.

559 2249 576 2283 ‘
598 2253 717 2310 Non
743 2249 917 2303 omnes
951 2250 1105 2301 fallis.
1168 2250 1282 2301 Scit
1318 2257 1372 2301 te
1403 2251 1618 2300 Proser-

564 2330 689 2394 pina
710 2342 910 2378 canum.
962 2329 1245 2378 Personam
1267 2327 1425 2392 capiti
1446 2326 1619 2376 detra·

564 2406 659 2456 het
680 2404 911 2455 illa-tuo.’
976 2404 1112 2454 Vide
1146 2402 1380 2455 Macrob.
1414 2403 1620 2453 Saturn-

565 2497 619 2534 ν.
642 2487 724 2533 19.
762 2482 848 2532 ubi
869 2481 1103 2547 quasdam
1140 2480 1299 2531 habet
1336 2479 1520 2529 eximia
1553 2477 1621 2527 de

565 2559 655 2610 illo
677 2558 831 2610 crinis
853 2557 1187 2607 abscindendi
1211 2557 1331 2606 ritu.

633 2629 695 2685 21
732 2635 817 2685 Me
838 2649 1013 2699 quoque
1031 2634 1214 2696 devexi,
1251 2631 1357 2697 ξω]
1408 2633 1493 2682 Ne
1529 2631 1620 2681 mi·

568 2726 684 2761 rare
702 2711 882 2776 igitur,
900 2718 1077 2773 nauta,
1092 2709 1227 2775 quod
1249 2708 1442 2770 interii,
1455 2708 1625 2773 inquit

568 2786 860 2851 Archytas:
900 2787 1033 2836 sicut
1062 2787 1137 2835 illi
1161 2800 1253 2834 suo
1275 2786 1494 2849 quisque
1516 2798 1622 2834 mo·

570 2862 638 2912 do
661 2862 833 2917 obiere
868 2869 1104 2921 mortem,
1139 2862 1215 2911 ita
1246 2875 1344 2925 ego
1380 2875 1623 2911 summer·

569 2955 654 2989 sus
673 2931 890 3003 'Illyrico
913 2938 1057 3006 mari.

642 3014 850 3078 Devexi]
880 3014 1000 3064 Sive
1022 3012 1157 3079 quod
1177 3010 1427 3064 Australis
1448 3018 1527 3062 est
1549 3010 1623 3062 O-

573 3087 702 3147 rion,
737 3090 970 3153 adeoque
1002 3090 1054 3138 in
1091 3096 1239 3152 parte
1262 3090 1379 3139 coeli
1409 3088 1623 3147 devexa,

573 3166 711 3214 sicut
744 3165 982 3228 opposita
1019 3164 1251 3215 Borealis
1284 3173 1363 3215 est
1395 3164 1627 3215 subvexa

574 3246 631 3289 et
659 3240 922 3303 superior:
956 3255 1048 3292 seu
1071 3241 1207 3306 quod
1232 3239 1441 3289 Orionis
1461 3239 1629 3303 figura

577 3316 822 3365 statuitur
844 3330 1006 3380 prona
1028 3316 1078 3365 in
1099 3316 1465 3382 phaenomenis:
1489 3315 1626 3366 unde

579 3392 667 3442 et‘
688 3394 891 3442 Pronus
915 3393 1119 3460 Orion,'
1157 3407 1244 3442 ur.
1283 3392 1388 3442 od.
1426 3395 1513 3443 2⁷.
1548 3395 1628 3442 18.

576 3469 661 3517 vel
683 3467 904 3535 denique
928 3475 1137 3520 notatur
1157 3481 1366 3519 occasus
1389 3466 1541 3530 hujus
1562 3466 1628 3515 si·

579 3544 715 3593 deris
727 3561 744 3607 3
777 3545 914 3610 quod
951 3547 1016 3595 ad
1055 3559 1162 3594 rem
1200 3550 1343 3593 certe
1365 3542 1529 3607 magis
1555 3542 1629 3592 vi-

575 3621 745 3671 detur.
797 3622 934 3671 Nam
957 3626 1300 3685 tempestates
1323 3614 1444 3668 tunc
1468 3618 1629 3667 maxi-

573 3711 658 3746 me
680 3698 879 3748 excitat
901 3697 1087 3759 Orion,
1120 3710 1239 3746 cum
1259 3696 1424 3744 oritur
1439 3695 1523 3744 vel
1548 3709 1629 3744 oc·

576 3773 721 3823 cidit.
787 3773 926 3823 Hinc
946 3787 1097 3822 comes
1117 3773 1231 3835 ejus
1254 3771 1448 3821 dicitur
1471 3772 1631 3821 Notus

575 3854 764 3898 ventus
780 3847 1132 3898 Meridionalis
1154 3847 1304 3896 valde
1327 3843 1631 3897 nebulosus:

489 3933 494 3939 ·
581 3922 724 3985 νότις,
757 3923 956 3981 humor-,-
991 3921 1128 3971 unde
1163 3933 1366 3971 nomen.
1401 3921 1540 3973 Gen.
1569 3934 1636 3972 11.

579 4003 864 4135 22Orionis]
910 4072 990 4121 De
1013 4070 1207 4123 Orione
1229 4074 1340 4124 viro
1363 4074 1527 4123 multa
1559 4070 1632 4123 fa·

577 4148 841 4213 bulantur,
856 4164 969 4213 quae
990 4150 1055 4200 ad
1075 4164 1181 4200 rem
1202 4158 1510 4215 praesentem
1529 4163 1632 4199 non

581 4222 818 4275 attinent.
892 4226 978 4276 De
1015 4226 1198 4279 Sidere
1243 4226 1414 4289 agitur
1453 4226 1631 4277 stellas

1695 1713 1995 1765 continente
2035 1709 2312 1775 plurimas;
2353 1718 2488 1769 quae‚
2521 1700 2643 1749 dum
2669 1713 2748 1748 re·

1696 1789 1921 1854 fulgent,
1943 1786 2297 1844 serenitatem,
2312 1782 2391 1830 sin
2414 1778 2601 1837 minua,
2621 1782 2747 1826 tem·

1697 1873 1927 1929 pestates
1968 1862 2268 1912 minantur:
2300 1856 2488 1921 jugula
2532 1860 2749 1903 vocatur

1663 1973 1672 1983 ι
1697 1941 1915 1992 Latinis.
1949 1939 2125 1988 Plaut.
2149 1935 2407 1998 Amphitr.
2430 1946 2471 1981 ι.
2495 1935 2542 1979 1.

1758 2021 1823 2067 22
1858 2015 2067 2080 Illyricis
2088 2014 2248 2063 Notus
2265 2009 2428 2060 obruit
2446 2005 2611 2074 uadis]
2633 2004 2750 2054 -Ob-

1696 2101 1842 2144 rutus
1886 2092 2032 2158 aquis
2092 2091 2221 2154 perii
2263 2089 2317 2137 in
2360 2087 2474 2135 sinu
2522 2082 2752 2147 Illyrico,

1697 2170 2036 2235 (Dalmatico,
2058 2165 2307 2226 Adriano,
2347 2160 2501 2212 bodie
2533 2154 2754 2221 Vestem)

1699 2251 2060 2311 tempestatem
2078 2241 2333 2293 cientibus
2345 2238 2540 2288 Austro
2555 2235 2754 2301 pariter

1700 2329 1755 2373 et
1777 2324 1991 2374 Orione.
2053 2321 2142 2369 Sic
2184 2324 2237 2368 et
2262 2315 2442 2381 jungit
2482 2307 2752 2374 utrumque

1698 2398 1947 2462 Virgilius
1964 2395 2164 2447 AEneid.
2190 2408 2229 2444 1.
2251 2397 2366 2442 539.
2398 2393 2413 2418 ‘
2428 2391 2558 2439 Cum
2580 2386 2753 2436 subito

1700 2487 1970 2538 assurgens
2007 2471 2169 2522 fluctu
2206 2468 2464 2517 nimbosus
2503 2464 2666 2515 Orion
2690 2461 2753 2511 In

1702 2551 1835 2601 vada
1873 2563 2016 2601 caeca
2052 2547 2192 2607 tulit,
2234 2545 2538 2609 penitusque
2575 2554 2754 2605 proca·

1701 2629 1846 2679 cibus
1885 2624 2124 2685 Austris‚'
2162 2626 2261 2673 &c.
2328 2619 2531 2670 AEneid.
2565 2630 2650 2690 ⁶iv.
2672 2619 2753 2664 ⁵2.

1701 2705 1718 2733 ‘
1738 2717 1958 2768 aquosus
1998 2698 2200 2751 Orion.’
2266 2697 2463 2746 Noster
2503 2690 2674 2755 Epod.
2697 2702 2752 2739 x.

1700 2784 1751 2829 9.
1783 2781 1798 2808 ‘
1820 2779 1935 2829 Nec
1956 2778 2096 2828 sidus
2119 2787 2230 2827 atra
2254 2779 2407 2824 nocte
2428 2770 2644 2820 amicum
2666 2781 2755 2829 ap·

1702 2856 2026 2920 pareat‚Qua
2038 2852 2199 2903 tristis
2211 2851 2375 2901 Orion
2394 2843 2571 2895 cadit.'
2588 2840 2754 2907 Epod.

1701 2946 1795 2983 xv.
1819 2936 1867 2996 ⁷.-
1900 2932 1915 2959 ‘
1941 2929 2126 2981 Nautis
2149 2926 2371 2978 infestus
2392 2918 2596 2971 Orion.'
2743 2987 2748 2990 -

1767 3007 2001 3073 Illyricis]
2048 3003 2286 3069 Illyricns
2310 2999 2431 3050 olim
2451 2998 2592 3047 sinus
2616 2993 2754 3043 dice-

1705 3086 1855 3136 batur
1878 3084 2168 3132 universnm
2188 3078 2316 3129 illud
2342 3089 2500 3134 mare,
2516 3071 2653 3138 quod
2676 3073 2756 3119 est

1705 3162 1911 3212 Italiam
1950 3161 2087 3210 inter
2121 3163 2177 3207 et
2210 3154 2498 3219 Illyricum.
2567 3149 2759 3198 Postea

1708 3237 2035 3289 Adriaticum
2075 3249 2219 3284 mare
2272 3227 2640 3282 continebatur
2693 3222 2758 3272 ab

1707 3314 1997 3379 Epidamno
2019 3327 2085 3363 ex
2119 3315 2266 3376 parte
2286 3305 2504 3371 Illyrici,
2539 3301 2603 3351 ad
2628 3300 2760 3351 Gar-

1709 3404 1892 3456 ganum
1917 3394 2142 3439 montem
2167 3401 2232 3436 ex
2259 3389 2407 3449 parte
2442 3379 2648 3430 Italiae:
2684 3390 2760 3426 re·

1708 3467 1903 3530 liquum
1943 3471 2115 3514 autem
2150 3475 2291 3512 mare
2331 3459 2397 3509 ad
2424 3458 2563 3507 sinus
2585 3453 2760 3504 fauces

1707 3542 1910 3593 Ionium
1923 3548 2162 3592 vocatum
2174 3546 2254 3590 est
2267 3555 2283 3600 ;
2303 3534 2625 3587 Adriaticum
2642 3545 2761 3581 vero

1709 3619 1986 3669 Dalmatici
2019 3631 2204 3667 nomen
2241 3614 2467 3676 accepit.
2530 3609 2759 3660 Tandem

1707 3695 1844 3745 sinus
1869 3693 2137 3745 universus
2155 3690 2308 3748 hodie
2331 3689 2566 3738 Venetus
2587 3684 2767 3751 appel·

1709 3772 1870 3822 latur.

1776 3852 1840 3898 23
1874 3845 1946 3896 At
1968 3852 2041 3908 ta,
2061 3849 2225 3901 nauta,
2246 3856 2384 3904 uagoe
2403 3855 2461 3890 ue
2477 3856 2637 3905 parce,
2657 3836 2764 3902 dim]

1715 3919 1821 3973 Hic
1864 3935 2075 3986 gravem
2123 3918 2345 3969 Horatio
2399 3915 2566 3968 dicam
2617 3914 2766 3976 dicit,

1713 4010 2053 4063 magnamque
2108 3995 2251 4045 litem
2320 3999 2496 4042 movet
2553 4003 2763 4053 magnus

1711 4065 1943 4137 Scaliger
1965 4079 2209 4135 tanquam
2232 4069 2493 4119 contraria
2515 4063 2764 4129 loquenti,

1712 4150 1855 4202 Quid
1877 4148 2035 4209 enirn,
2061 4146 2244 4210 inquit,
2270 4148 2419 4206 rogat
2441 4148 2648 4191 nautam
2671 4139 2687 4167 ‘
2708 4142 2764 4186 ut

1713 4225 1952 4291 pusillam
1975 4221 2073 4272 sibi
2102 4226 2292 4271 terram
2314 4216 2513 4282 injiciat
2538 4215 2763 4265 inhuma-
