3059 4909
949 368 1419 430 bannitum·
1449 380 1596 431 nui.
1644 380 1692 429 1.
1737 363 1803 428 1.

2395 360 2481 426 61

550 526 927 610 Collegisse
949 526 1182 611 juvat:
1230 531 1533 611 metaque
1561 520 1845 589 fervidis

552 630 827 695 Evitata
856 630 1045 706 rotie,
1078 630 1441 715 palmaque
1470 626 1720 738 nobilia
2441 624 2487 686 5

290 818 378 855 aon
420 808 557 856 tacte
590 806 713 855 rotis
747 805 931 865 calidis,
974 818 1030 853 ac
1061 804 1265 854 illustris
1298 805 1496 854 victoria
1527 789 1717 855 adtollit
1749 805 1811 854 ad
1846 804 1976 855 Deos
2006 802 2132 853 orbis
2163 801 2492 852 moderatores.
2523 797 2530 804 “

1209 931 1571 953 eeeeeoaeeeooe

291 1011 878 1091 polatoris,019mpium

914 1014 982 1066 ad
1035 1029 1184 1065 snum
1218 1014 1463 1080 loquendi
1516 1015 1725 1066 modum
1773 1010 2244 1066 accommodantia!
2281 1010 2536 1072 omines

291 1081 383 1125 -5
421 1077 702 1127 Witbofius
750 1093 801 1128 ιιι
847 1080 883 1129 S
888 1094 1003 1143 pe.c
1042 1079 1302 1131 Giinther.
1346 1094 1437 1143 pp.
1473 1085 1559 1131 54.
1585 1086 1669 1130 65.

1743 1081 1865 1131 ‘Ne
1903 1079 2107 1141 dubita,
2150 1078 2274 1143 quin
2327 1075 2494 1125 Poeta

291 1139 365 1190 ita
394 1142 694 1207 scripserit,
737 1144 796 1193 Si
837 1146 1013 1209 vualo,
1057 1147 1140 1208 &c-
1180 1152 1238 1194 ut
1278 1151 1478 1198 constr.
1520 1146 1621 1196 sit.
1662 1145 1796 1196 Sunt
1834 1157 1963 1210 quos
2001 1144 2268 1209 pulverem
2313 1141 2495 1205 Olym-

1289 1257 1506 1307 NOTAE

291 1351 487 1415 lympia
520 1365 723 1404 nomen.
789 1328 1089 1405 Victoribus
1113 1354 1355 1418 oleagina

293 1428 518 1479 dabatur
536 1445 748 1481 corona.

293 1517 378 1555 ιιι.
419 1509 501 1555 18.
540 1513 598 1556 et
636 1521 783 1573 seqq.
849 1508 1004 1560 Alex.
1033 1510 1100 1560 ab
1125 1510 1277 1560 Alex.
1300 1523 1356 1561 v.

295 1584 342 1629 8.
409 1582 540 1633 Coel.
589 1583 809 1649 Rhodig.
862 1597 989 1635 xm.
1033 1590 1112 1637 17.
1180 1586 1357 1649 Pythii

299 1656 430 1707 Ludi
474 1656 673 1710 fiebant
721 1660 772 1710 in
817 1660 1056 1712 honorem
1107 1661 1360 1727 Apollinis

294 1733 359 1784 ob
378 1734 719 1787 interfectum
737 1738 1028 1802 Pythonem
1047 1745 1360 1802 serpentem.

296 1811 696 1862 Coronabantur
739 1813 885 1864 lauro
927 1815 1164 1866 victores.
1229 1815 1362 1865 Isth·

294 1887 414 1936 mici
449 1903 484 1938 a
524 1889 726 1940 Theseo
761 1891 925 1941 dicati
968 1892 1238 1955 Neptuno,
1279 1893 1362 1941 vel

295 1962 539 2024 Herculi,
563 1965 644 2013 vel
665 1963 977 2028 Melicerte,
997 1981 1089 2016 seu
1107 1967 1359 2016 Palaemo-

296 2038 366 2094 ni,
410 2037 559 2103 (nam
604 2040 760 2090 variae
794 2048 915 2093 sunt
951 2041 1264 2107 opiniones,)
1308 2044 1358 2093 in

295 2111 513 2171 Isthmo,
534 2130 629 2166 seu
663 2113 723 2165 in*
747 2118 974 2181 angustis
997 2117 1237 2170 faucibus
1260 2121 1360 2172 Co-

294 2188 587 2242 rinthiacis.
650 2192 924 2243 Victorum
953 2208 1142 2245 corona
1173 2209 1202 2245 e
1235 2197 1360 2259 pinu

297 2272 428 2316 erat.
474 2266 717 2331 Denique
743 2270 979 2319 Nemeaei
1000 2271 1108 2320 ludi
1127 2271 1359 2322 celebra·

295 2341 592 2410 bantur,vel
610 2345 661 2393 in
680 2345 895 2409 gratiam
919 2347 1160 2399 Herculis
1183 2350 1251 2399 ob
1275 2364 1360 2401 oc·

296 2416 461 2467 cisum
485 2418 540 2468 in
579 2419 825 2471 Nemeaea
860 2423 1001 2488 sylva
1023 2424 1222 2475 leonem
1248 2438 1362 2490 pro-

296 2492 512 2557 digiosae
553 2497 942 2562 magnitudinis,
975 2500 1112 2565 apud
1147 2501 1365 2551 Cleonas

297 2570 517 2621 Achaim
560 2572 825 2624 civitatem
870 2576 920 2624 in
960 2576 1363 2639 Peloponnes03

296 2639 400 2706 rel,
422 2641 486 2695 nt
507 2646 597 2696 alii
626 2648 825 2709 volunt,
849 2657 1064 2715 propter
1087 2651 1364 2700 Archemo-

296 2735 411 2770 rum
436 2723 659 2785 Lycurgi
678 2737 892 2787 puerum
912 2727 965 2776 in
992 2727 1239 2776 Nemeaea
1261 2726 1362 2790 syl·

300 2811 363 2845 va
374 2794 699 2847 defunctum.
733 2799 1032 2850 Victoribus
1053 2815 1121 2851 ex
1141 2802 1261 2866 apio
1279 2816 1363 2851 co-

299 2887 424 2921 rona
480 2872 875 2926 conficiebatur.
940 2876 1007 2927 In
1051 2878 1163 2928 istis
1203 2880 1364 2929 omni·

301 2945 397 2997 bus
420 2947 583 3010 ludis,
605 2957 801 3012 praeter
831 2953 1232 3003 exercitationes
1254 2970 1364 3004 cor·

303 3024 467 3086 poris,
491 3030 643 3074 erant
665 3032 720 3076 et
748 3026 940 3092 ingenii
963 3030 1268 3092 certamina,
1294 3031 1364 3079 vi·

300 3100 498 3151 delicet
531 3101 796 3163 poetarum
833 3103 1059 3153 victores
1097 3104 1278 3154 heroas
1313 3111 1368 3155 et

302 3176 527 3227 athletas
549 3178 791 3228 certatim
825 3178 1161 3230 laudantium.
1230 3179 1367 3230 Vide

302 3251 608 3303 Pindarum.
672 3255 961 3318 olympicis
1001 3254 1183 3318 Agona
1205 3256 1367 3305 Musi-

306 3343 421 3379 cum
455 3329 662 3381 addidit
697 3333 859 3396 Nero,
895 3332 982 3397 qni
1016 3340 1071 3381 et
1108 3334 1246 3383 iniis
1267 3349 1368 3385 non

307 3404 442 3469 bigis
465 3405 556 3455 sed
593 3406 888 3472 decemjngi
918 3423 1072 3458 curru
1097 3411 1368 3474 aurigavit,

308 3481 685 3547 victoriamque
708 3485 845 3533 tulit.
889 3484 1034 3548 Sylla
1056 3484 1368 3550 Olympiade

311 3563 422 3610 175.
444 3560 669 3611 athletas
703 3569 758 3610 et
793 3563 992 3627 reliqna
1021 3577 1085 3612 ex
1109 3564 1369 3628 Olympiis

312 3629 599 3687 certamina
639 3637 853 3688 Romam
900 3639 1150 3689 traduxit.
1218 3639 1370 3690 Alex.

313 3711 376 3761 ab
403 3713 556 3761 Alex.
581 3721 703 3763 ante
725 3716 820 3765 cit.

373 3791 405 3836 4
443 3789 692 3853 Metaque]
764 3790 910 3840 Meta
964 3792 1096 3855 lapis
1141 3800 1244 3854 est,
1287 3793 1370 3843 vel

311 3866 575 3928 congeries
596 3865 829 3930 quaedam
854 3867 905 3916 in
929 3882 1142 3917 acumen
1170 3867 1370 3931 fastigi-

315 3948 419 4003 ata,
440 3956 529 3990 seu
554 3955 585 3990 e
607 3942 717 3990 lato
749 3943 800 3991 in
823 3950 1028 3994 acutum
1051 3950 1249 4005 erecta,
1274 3943 1369 3993 cir·

314 4030 374 4066 ca
394 4031 548 4081 quam
573 4030 770 4079 currus,
794 4033 883 4068 seu
907 4018 1045 4085 bigae
1066 4019 1148 4068 vel
1166 4017 1371 4084 ‘quadri-

319 4108 415 4158 με,
455 4108 547 4143 seu
577 4094 732 4143 etiarn
759 4095 812 4143 in
836 4096 963 4145 mari
987 4103 1143 4145 naves
1168 4109 1371 4145 cursum

315 4167 616 4220 flectebant.
668 4170 824 4221 ovid.
845 4171 978 4222 Met.
1000 4185 1056 4222 x.
1081 4175 1195 4220 106.
1225 4173 1240 4199 ‘
1258 4170 1372 4220 Me-

320 4253 498 4312 tasque
521 4247 728 4298 imitata
760 4247 1068 4312 cupressus?
1134 4246 1196 4297 In
1221 4246 1375 4298 Circo

1437 1357 1670 1407 Romano
1713 1362 1868 1407 metae
1919 1356 2138 1420 primum
2181 1353 2386 1417 lignee,
2428 1348 2496 1401 ab

803 1432 940 1483 Vide
952 1432 1138 1497 virgil.
1154 1433 1355 1496 Georg.
1436 1433 1757 1497 Imperatore
1776 1433 1995 1484 Claudio
2010 1431 2165 1482 facta
2182 1431 2388 1481 demum
2406 1442 2495 1478 au

1440 1522 1543 1559 reae
1564 1518 1702 1560 sunt.
1765 1508 1919 1559 Alex.
1939 1508 2006 1558 ab
2030 1507 2179 1558 Ale-x.
2196 1506 2287 1557 cit.

1504 1585 1727 1635 Fer-vidis
1769 1585 1969 1635 Evitata
1999 1581 2146 1648 rotis]
2187 1580 2496 1645 Pracipuus

1438 1669 1554 1711 erat
1576 1661 1723 1711 labor
1759 1667 1813 1712 et
1846 1676 2041 1711 summa
2064 1658 2236 1711 cautio
2257 1656 2309 1706 in
2333 1655 2498 1706 curuli

1442 1739 1745 1801 certamine,
1765 1752 1830 1788 ne
1864 1738 1915 1787 in
1949 1735 2085 1788 flexu
2114 1749 2293 1786 currus
2314 1733 2499 1797 impin·

1443 1821 1594 1878 geret
1646 1813 1712 1864 ad
1751 1821 1945 1863 metam
1986 1827 2049 1863 ac
2094 1809 2502 1873 diffringeretur.

1441 1888 1600 1953 Apud
1624 1890 1837 1940 Homer.
1868 1888 2024 1939 Iliad.
2045 1894 2106 1938 Ψ.
2174 1886 2370 1936 Nestor
2392 1885 2502 1934 An-

1444 1966 1685 2015 tilochum
1727 1964 1885 2014 fllium
1907 1964 2165 2014 erudiens
2198 1967 2373 2011 monet
2415 1971 2499 2009 ca·

1442 2040 1666 2090 rendum
1706 2048 1763 2089 ut
1807 2046 1935 2090 rotae
1968 2037 2218 2088 modiolus
2253 2044 2501 2085 summam

1442 2117 1652 2182 quidem
1674 2114 1863 2168 metam
1883 2115 2120 2181 attigisse
2139 2112 2395 2173 rideatur,
2411 2109 2501 2160 sed

1441 2194 1627 2258 lapidis
1663 2201 1856 2245 tactum
1891 2195 2038 2256 vitet,
2065 2206 2131 2242 ne
2167 2190 2503 2240 vulnerentur

1441 2272 1583 2337 eqni,
1614 2285 1896 2337 currusque
1927 2270 2298 2333 disrumpatur.
2363 2266 2503 2329 Ergo

1442 2362 1546 2397 non
1570 2347 1660 2396 abs
1695 2361 1751 2397 re
1786 2345 1838 2397 in
1862 2344 2153 2411 olympicis
2190 2341 2506 2393 nobilissima

1445 2424 1731 2486 putabatur
1753 2435 1818 2473 ea
1843 2423 2057 2473 victoria
2092 2421 2282 2470 curulis
2306 2419 2503 2482 agonia.

1446 2498 1608 2548 Patet
1622 2512 1688 2547 ex
1705 2498 1980 2548 Herodoto
1995 2504 2047 2546 et
2062 2495 2306 2545 Pindaro.
2375 2493 2504 2541 Por·

1447 2587 1505 2622 ro
1527 2573 1667 2622 circa
1702 2578 1894 2621 metam
1929 2581 2111 2620 currus
2138 2567 2325 2630 agitari
2350 2566 2505 2615 debe—

1446 2647 1540 2697 bat
1556 2649 1766 2711 septies.
1834 2645 2032 2711 Annon.
2056 2643 2302 2709 Epitaph.
2326 2652 2505 2694 xxxv.

1442 2724 1459 2752 ‘
1479 2722 1801 2788 Phosphore,
1837 2721 2047 2773 'clamosi
2080 2719 2308 2783 spatiosa
2332 2729 2509 2781 perm-

1446 2789 1608 2863 qnora
1643 2798 1784 2848 Circi
1820 2797 2078 2861 septenas
2119 2794 2298 2844 solitus
2342 2793 2508 2841 victor

1447 2874 1594 2924 obire
1620 2874 1770 2925 vias-⁹
1821 2874 2066 2937 Propert.
2084 2885 2147 2923 ιι.
2161 2874 2339 2920 25.25·.
2364 2876 2378 2898 ⁸
2399 2868 2509 2916 Ant

1446 2952 1590 3015 prins
1607 2950 1806 3001 infecto
1834 2950 2072 3014 deposcit
2095 2946 2313 3013 praemia
2333 2949 2508 3004 cursu,

1446 3027 1683 3091 Septima
1714 3040 1864 3092 qnam
1904 3031 2095 3074 metam
2139 3021 2358 3071 triverit
2388 3024 2508 3068 ante

1446 3102 1595 3153 rota-⁹
1662 3101 1841 3153 Graeci
1874 3100 2166 3150 duodenum
2197 3095 2388 3147 flexum
2417 3109 2508 3144 no·

1449 3189 1583 3232 tant.
1650 3182 1863 3232 Pindar.
1893 3180 2106 3245 Olymp.
2131 3177 2237 3228 od.
2264 3190 2348 3226 ιιι.
2372 3177 2510 3225 δωδε-

1449 3257 1758 3320 κάγναμπτον
1802 3254 1967 3321 τέρμα,
2016 3262 2071 3306 et
2108 3254 2265 3318 Pyth.
2309 3252 2414 3302 Od.
2450 3265 2508 3302 v.

1448 3333 1715 3399 ποδαρκέων
1735 3331 2117 3394 δυωδεκαδρόμων
2132 3327 2341 3390 wluerus.
2386 3327 2510 3377 Non

1451 3410 1850 3476 praetermittam
1871 3410 1955 3458 bic
1977 3414 2207 3458 veterem
2230 3405 2511 3454 Britanno-

1451 3502 1564 3536 rum
1588 3487 1640 3535 in
1666 3486 1906 3550 regendis
1944 3483 2180 3534 curribus
2215 3480 2411 3531 bellicis
2435 3483 2513 3528 in-

1448 3563 1698 3613 dustriam
1736 3576 1798 3612 ac
1834 3560 2130 3621 solertiam,'
2153 3557 2218 3608 ad
2243 3571 2391 3621 quam
2416 3565 2512 3602 usu

1447 3638 1747 3705 quotidiano
1769 3642 1825 3688 et
1848 3635 2224 3687 exercitatione
2251 3643 2513 3680 assuesce-

1450 3716 1595 3775 bant,
1617 3716 1633 3743 ‘
1655 3721 1714 3764 nt
1737 3714 1787 3761 in
1813 3712 2002 3762 declivi
2028 3724 2089 3758 ac
2111 3706 2372 3772 praecipiti
2396 3706 2512 3753 loco

1450 3790 1696 3839 incitatos
1737 3801 1896 3851 equos
1942 3784 2217 3840 sustinere,
2264 3795 2324 3830 ac
2366 3779 2512 3829 brevi
2597 3812 2602 3816 -

1451 3862 1708 3912 moderari
1734 3868 1788 3911 et
1808 3859 2039 3922 flectere,
2061 3868 2114 3906 et
2137 3865 2234 3921 per
2258 3862 2512 3907 temonem

1453 3952 1684 4000 currere,
1705 3937 1835 3987 etin
1866 3937 1994 4001 jugo
2026 3934 2283 3997 insistere,
2315 3943 2368 3983 et
2392 3934 2512 3984 inde

1454 4015 1586 4065 sein
1631 4019 1813 4063 currus
1852 4012 2086 4077 recipere
2127 4011 2234 4059 cito
2268 4008 2515 4074 possent!

1454 4092 1631 4143 Caesar
1665 4088 1956 4139 BelleGall.
1987 4102 2062 4138 tv.
2086 4090 2166 4137 33.
2201 4085 2433 4135 meminit
2458 4090 2515 4133 et

1453 4167 1693 4220 Juvenal.
1721 4165 1832 4215 Sat.
1855 4178 1931 4214 tv.
1953 4167 2064 4213 126.
2349 4179 2354 4184 ·

1517 4250 1549 4294 5
1584 4241 1867 4306 Palmaque]
1903 4239 2126 4290 Atltletis
2144 4233 2514 4303 quiOlympia,
