3059 4909
1183 400 1251 460 Q.
1298 393 1616 446 uonA'rn
1668 390 1932 442 emec!

812 546 1040 612 Malus
1069 541 1405 629 procelliS,
1435 539 1523 605 ad
1551 539 1833 603 miseras
1864 554 2098 622 preces
2193 558 2201 567 ’

897 649 1258 714 Decurrere
1288 652 1360 709 et
1383 644 1565 709 votis
1594 641 1881 726 pacisci,
1963 656 1976 669 ·

944 740 950 749 ’
985 749 1094 814 Ne
1126 748 1390 833 Cypriae
1418 746 1781 829 Tyriaeque
1809 760 2062 807 merces

814 850 1087 918 Addant
1115 868 1319 915 avaro
1348 848 1617 913 divitias
1648 846 1851 910 mari:

817 954 1008 1020 Tunc
1036 973 1143 1017 me
1171 953 1442 1017 biremis
1466 949 1784 1034 praesidio
1817 947 2091 1032 scaphae

899 1055 1144 1121 Tutum
1177 1074 1294 1138 per
1324 1054 1603 1136 AEgaeos
1637 1051 1960 1116 tumultus

991 1155 1389 1234 Aura-feret,
1417 1154 1849 1239 geminusque
1867 1152 2149 1217 Pollux.

485 1374 577 1408 non
599 1363 661 1410 ud
682 1375 754 1410 me
775 1359 951 1409 attinet
984 1357 1236 1420 confugere
1263 1358 1327 1406 ud
1363 1361 1472 1409 volu
1509 1357 1815 1420 luctantem-et
1843 1354 2059 1418 precibus
2087 1353 2296 1402 obtinere
2315 1365 2373 1400 ne
2398 1348 2591 1424 cypr-iq:
2612 1347 2686 1399 rel

487 1426 648 1489 Tyria·
670 1439 847 1474 merces
867 1423 989 1473 mari
1010 1425 1149 1474 avido
1171 1436 1281 1485 opes
1312 1421 1595 1482 adiungunt.
1669 1421 1786 1469 Tum
1808 1420 1950 1470 etiam
1975 1434 2047 1468 me
2069 1433 2281 1468 securum
2301 1421 2468 1465 ventus
2488 1415 2611 1463 lem-r
2630 1426 2683 1463 uc

483 1491 702 1550 geminus
724 1489 901 1538 Pollux
929 1503 1016 1552 per
1035 1488 1222 1551 fluctus
1243 1489 1435 1549 AEgaeos
1456 1486 1590 1535 vehet
1611 1499 1696 1548 ope
1718 1487 1947 1535 naviculoe
1970 1486 2084 1534 duos
2102 1498 2258 1533 remos
2277 1479 2508 1531 habentis.

1399 1629 1523 1651 ‘CN

1739 1628 1768 1649 0

493 1730 649 1779 Dess.
671 1734 721 1781 2.
757 1730 1002 1795 Syn-ireque
1024 1729 1243 1781 Mentel.
1266 1731 1409 1795 Lips.
1431 1735 1480 1780 3.
1513 1730 1665 1780 codd.
1691 1739 1742 1779 et
1768 1729 1885 1779 edd.
1921 1745 2005 1794 ap.
2028 1726 2249 1791 Cuning.
2281 1730 2336 1774 et
2372 1724 2447 1774 sic
2470 1720 2689 1784 Cunlng.

489 1794 680 1844 Sanad.
707 1796 937 1853 Francis,
963 1804 1015 1845 et
1035 1797 1261 1846 Towers.
1291 1811 1477 1859 sueque
1501 1797 1643 1860 Lips.
1663 1800 1710 1844 4.
1732 1795 1869 1845 hand
1905 1794 2062 1843 dubie
2089 1808 2119 1842 e
2141 1791 2535 1856 Syriaeque.-—62
2561 1788 2690 1835 Tune

493 1858 612 1908 edd.
630 1859 808 1909 Lamb.
844 1862 1002 1923 Cruq.
1035 1861 1275 1910 Torrent.
1309 1860 1401 1909 sed
1424 1862 1536 1910 sine
1560 1861 1818 1910 mentione
1849 1860 2002 1910 codd.
2026 1858 2336 1922 omninoque
2367 1854 2475 1904 fere
2497 1851 2619 1927 edd..
2636 1858 2692 1900 et

495 1925 572 1972 sic
600 1924 750 1973 Harl.
772 1930 820 1974 2.
852 1929 897 1974 3.
925 1929 976 1975 4.
997 1931 1045 1974 5.
1066 1929 1115 1977 6.
1181 1924 1287 1975 Sed
1314 1925 1432 1975 Tum
1464 1925 1616 1975 Harl.
1643 1930 1692 1975 1.
1732 1925 1971 1974 meliores
2009 1922 2259 1981 Bentleii,
2291 1919 2512 1970 Mentel.
2548 1918 2690 1979 ans.

494 1993 546 2037 2.
564 1992 615 2037 3.
636 1992 686 2038 4.
711 1988 814 2039 duo
836 1990 1162 2050 Bersmanni,
1179 1991 1336 2039 Dess,
1359 1995 1407 2040 2.
1435 1991 1650 2040 Venett.
1673 1994 1820 2040 1477.
1848 1994 1989 2039 1478.
2016 1992 2161 2037 1479.
2185 1989 2330 2036 1492.
2355 1984 2569 2034 Locher.
2593 1980 2691 2030 As-

497 2066 639 2102 cens.
662 2054 839 2105 Bentl.
865 2054 1083 2114 Cuning.
1109 2055 1497 2116 Francis‚Jani‚
1513 2056 1725 2116 Bipont.
1749 2055 1957 2105 Mitscb.
1979 2052 2200 2103 Wetzel.
2222 2048 2429 2101 Wakef.
2452 2054 2509 2098 et
2532 2045 2695 2099 Kidd.

500 2117 652 2177 Dum,
684 2118 745 2183 (i.
764 2133 814 2167 e.
850 2118 1171 2183 dummodo‚)
1194 2120 1398 2169 emend.
1431 2119 1621 2169 Sauad.
1656 2128 1713 2170 et
1748 2122 1821 2169 sic
1847 2119 1983 2169 Sivr.
2018 2125 2073 2168 et
2106 2118 2465 2166 Tovem—63
2490 2113 2697 2163 <Nudam

492 2195 580 2242 per
603 2184 795 2243 AEgoeos
832 2184 1030 2233 emend.
1061 2185 1248 2234 Sanad.
1269 2192 1326 2235 et
1360 2186 1482 2234 hinc
1513 2185 1781 2235 δίνη-64
1815 2183 2041 2234 Bentleii
2067 2183 2283 2232 Galens.
2312 2186 2368 2231 et
2404 2178 2558 2231 Botu.
2571 2182 2625 2231 ,1.
2649 2179 2729 2240 2.-

500 2246 653 2295 Dess.
672 2250 720 2296 2.
738 2247 820 2300 ed.
844 2248 1071 2312 Xyland.
1095 2250 1271 2301 Bentl.
1296 2249 1484 2301 Sanad.
1501 2250 1639 2300 Sivr.
1664 2250 1896 2312 Francis,
1918 2256 1973 2299 et
1996 2245 2319 2307 Kidd.serat.

1488 2379 1541 2431 N
1548 2379 1705 2431 01·AE

499 2492 600 2544 Qui
623 2505 748 2556 opes
772 2490 922 2542 avide
945 2498 1207 2556 quaerunt,
1238 2507 1300 2542 ec
1333 2507 1557 2557 pauper·

496 2574 658 2619 tatem
684 2570 825 2618 velut
844 2584 1093 2619 summum
1123 2568 1327 2633 fugiunt
1350 2572 1559 2632 malum,

497 2647 534 2696 ii
559 2648 731 2698 medio
755 2649 880 2698 mari
906 2654 960 2698 et
981 2647 1240 2713 naufragii
1263 2646 1560 2698 discrimine

499 2740 617 2776 cum
638 2725 752 2775 Diis
770 2715 1115 2795 paciscuntur,
1133 2740 1197 2774 ue
1214 2740 1320 2774 suae
1341 2729 1563 2788 pereant

500 2815 733 2851 merces:
787 2807 843 2850 at
885 2815 983 2864 ego
1023 2801 1229 2851 tametsi
1273 2800 1464 2849 talibus
1505 2799 1560 2851 iu

502 2877 753 2941 angustiis
789 2876 954 2942 fuero,
989 2893 1085 2928 nec
1121 2893 1276 2942 opum
1302 2878 1560 2941 jacturam

502 2953 717 3016 timebo,
740 2968 837 3003 nec
872 2954 1114 3018 precibus
1150 2953 1404 3004 redimere
1426 2962 1560 3007 sata-

505 3044 618 3095 gam
637 3046 651 3078 2
677 3038 835 3093 atque
849 3025 1144 3081 divitiarum
1158 3032 1423 3095 neglectu,
1437 3048 1564 3097 pau-

505 3104 830 3168 pertatisque
870 3106 1104 3157 honestae
1138 3107 1381 3170 amplexu
1418 3114 1563 3157 tutus

505 3194 594 3230 ero
626 3194 688 3229 ec
721 3181 892 3231 laetus.
960 3181 1093 3232 Vide
1128 3183 1277 3246 hujus
1311 3183 1563 3249 libri-Od-

502 3268 593 3305 111.
620 3255 735 3306 init.

574 3331 635 3381 Si
666 3332 853 3394 mugiat
895 3331 1079 3394 Africis
1121 3335 1285 3385 Malus
1320 3336 1563 3403 procellis]

507 3405 564 3455 si
592 3406 737 3455 navis
771 3407 935 3456 malus
963 3410 1041 3457 vel
1075 3416 1346 3472 quassatus
1371 3413 1457 3461 vel
1478 3426 1569 3461 ex·

508 3495 684 3531 cussus
721 3481 882 3532 fuerit
915 3498 1005 3532 seu
1041 3483 1221 3535 Africo
1258 3494 1435 3550 vento,
1475 3502 1569 3539 seu

505 3554 753 3607 fluctibus
775 3559 933 3607 maris
959 3559 1188 3610 Africam
1213 3562 1472 3614 alluentis.

575 3638 640 3682 59
682 3633 821 3683 Votis
842 3635 1037 3699 pacisci,
1059 3637 1140 3687 Ne
1166 3638 1358 3703 Cyprioe
1382 3640 1569 3703 Tyrioe·

509 3723 598 3772 que
618 3724 812 3773 merces,
831 3711 940 3776 ξω]
974 3713 1092 3762 Diis
1124 3722 1246 3763 vota
1267 3729 1569 3780 nuncupare

510 3791 566 3833 et
597 3783 733 3834 dona
770 3787 1024 3849 polliceri,
1047 3787 1089 3836 si
1113 3790 1280 3839 salvas
1311 3800 1572 3854 praestent

509 3874 730 3922 merceS,
778 3862 1168 3929 impediuntque
1226 3867 1569 3933 naufragium.

512 3935 650 3985 Plin.
675 3952 801 3987 vm.
830 3943 908 3990 16.
946 3942 961 3966 ‘
982 3940 1127 3990 Tunc
1155 3945 1450 4008 praecipnns
1484 3961 1571 3994 vo·

513 4019 684 4061 torum
706 4015 847 4064 locus
871 4023 971 4078 est,
994 4032 1108 4065 cum
1133 4020 1242 4082 spei
1268 4021 1437 4070 nullus
1461 4021 1575 4070 est!

517 4089 666 4139 Pers.
688 4091 796 4141 Sat.
816 4105 876 4141 n.
893 4096 943 4143 3.
964 4095 978 4120 ‘
999 4095 1118 4143 Non
1144 4102 1200 4145 tu
1222 4098 1572 4162 preceposcis

517 4166 720 4229 emaci,'
743 4170 840 4217 &c-

581 4246 645 4307 69
671 4244 860 4310 Cyprioe
882 4245 1129 4310 Tyrioeque
1151 4247 1348 4313 merces]
1380 4251 1573 4329 Empo-

1639 2494 1715 2543 ria
1751 2493 1950 2544 scilicet
1984 2497 2135 2544 erant
2167 2492 2289 2543 orbe
2323 2496 2435 2542 toto
2472 2491 2700 2542 celeber·

1640 2570 1786 2633 rima,
1822 2572 2028 2635 Cyprus
2061 2569 2221 2619 lnsnia
2254 2569 2410 2619 maris
2443 2568 2700 2620 Mediter-

1640 2648 1805 2713 ranei,
1830 2647 1897 2697 de
1920 2662 2019 2713 qua
2051 2662 2091 2696 ι.
2122 2645 2225 2697 od.
2247 2650 2297 2696 3.
2321 2653 2374 2694 et
2403 2635 2570 2710 Tyrus
2604 2647 2702 2709 Sy-

1641 2724 1730 2774 riae
1756 2724 1880 2773 urbs
1916 2724 2194 2786 maritima,
2228 2729 2381 2787 portu
2416 2722 2705 2785 commoda,

1642 2802 1761 2851 olim
1789 2801 1997 2866 quidem
2028 2799 2192 2864 probe
2226 2798 2428 2848 munita
2461 2807 2516 2848 et
2540 2798 2703 2861 dives,

1640 2877 1879 2928 claritate
1894 2884 1951 2927 et
1967 2875 2312 2940 magnitudine
2330 2874 2533 2924 urbium
2554 2875 2705 2924 th-

1642 2952 1791 3003 niciae
1818 2952 2273 3017 proestuntissima:
2310 2965 2446 3001 nnnc
2470 2950 2521 2999 in
2543 2951 2705 3001 ruinis

1644 3027 1758 3079 fere
1782 3029 1945 3093 jacet,
1972 3036 2027 3079 et
2063 3042 2256 3092 pancos
2294 3026 2455 3077 habet
2491 3028 2708 3081 incolas,

1647 3105 1822 3155 Insula
1846 3105 2042 3170 pridem
2066 3111 2181 3154 erat
2231 3111 2344 3155 reto
2361 3110 2582 3170 quatuor
2603 3111 2708 3173 ³²3*

1647 3181 1847 3230 diorum
1870 3182 2067 3243 divisa3
2103 3181 2165 3230 ab
2242 3181 2489 3231 lexundro
2510 3182 2711 3243 Magno

1646 3257 1932 3307 continenti
1964 3257 2153 3320 juncta
2196 3264 2290 3306 est.
2338 3256 2520 3309 Quint.
2562 3257 2709 3311 Curt-

1646 3335 1736 3384 lib.
1760 3347 1837 3383 lv.
1873 3333 2042 3398 Hujus
2067 3333 2246 3398 populi
2269 3333 2584 3397 navigarunt
2603 3332 2712 3398 pri·

1648 3411 1739 3474 mi,
1764 3427 1829 3460 ex
1842 3412 2046 3460 Tibullo
2071 3425 2111 3462 1.
2136 3416 2183 3462 7.
2204 3415 2286 3462 20.
2313 3410 2523 3461 ‘Prima
2545 3419 2711 3461 ratem

1649 3487 1820 3537 ventis
1856 3486 2072 3537 credere
2110 3486 2268 3537 docta
2303 3485 2505 3551 Tyrus!
2562 3485 2714 3553 Idem

1652 3563 1836 3614 scribit
1861 3564 2119 3626 Pompon.
2136 3564 2295 3612 Mela.

1714 3645 1779 3691 62
1818 3641 1949 3690 Titne
1980 3655 2053 3690 me
2086 3640 2293 3697 biremis,
2316 3640 2423 3705 εγω]
2461 3641 2592 3690 Tum
2614 3630 2715 3704 ego

1649 3713 1823 3777 fracta
1844 3716 1983 3776 navi,
2006 3716 2332 3780 perditisque
2357 3715 2611 3778 omnibus,
2638 3715 2716 3764 bi·-
2805 3714 2810 3725 '

1651 3793 1783 3843 remi
1807 3792 2165 3843 tantummodo
2193 3793 2384 3856 scapha
2408 3799 2609 3856 vectae,
2639 3792 2715 3840 ni-

1651 3868 1923 3917 hilominus
1941 3875 2125 3932 pacata
2139 3874 2311 3916 mente
2322 3866 2593 3928 constabo,
2605 3881 2718 3930 per·

1652 3945 1774 3996 inde
1817 3960 1878 3995 ac
1920 3946 1963 3995 si
2000 3947 2187 3996 Castor
2232 3952 2289 3996 et
2327 3944 2518 3995 Pollux
2563 3943 2718 3997 duces

1654 4019 1955 4085 effulgeant.
1983 4032 1996 4045 ·

1720 4103 1783 4147 63
1810 4101 2004 4160 AEgaeos
2026 4096 2277 4161 tumultus]
2312 4097 2510 4149 Noster
2532 4111 2593 4149 n.
2610 4097 2718 4151 Od.

1657 4180 1735 4227 16.
1761 4179 1809 4227 2.

1719 4257 1784 4302 64
1814 4252 2130 4319 Geminasque
2152 4249 2352 4316 Pollux]
2380 4220 2620 4316 separati
2644 4248 2726 4299 di.
