3059 4909
1073 326 1335 377 ina-rna
1382 327 1861 377 nomm-mna.
2295 367 2304 374 .
2468 312 2559 377 55

365 490 464 533 sex
493 480 796 553 septemve
824 479 1170 552 temporum.
1256 471 1409 533 Bina
1459 471 1978 553 Hendecasyllaba
2024 472 2272 536 ducunt.
2359 471 2556 534 Enne-

364 568 671 629 emimeres
701 569 963 629 Iambica
990 567 1278 649 sequitur.
1571 624 1588 639 ,

449 666 546 725 15.
589 664 894 725 Alcaicum
955 664 1421 746 Decasyllabum
1471 666 1637 744 cogit
1691 684 1927 745 agmen.
2032 664 2207 726 Hanc
2263 665 2555 728 Carminis

363 748 831 845 complexionem
864 761 1149 823 Horatius
1175 753 1441 843 iuprimis
1467 762 1808 824 celebravit.

447 861 543 919 16.
587 857 952 919 Phaloecium
1009 859 1478 939 Autispasticum
1534 859 1982 920 Tetrametrum.
2065 858 2241 919 Ratio
2287 878 2392 920 cur
2440 859 2555 921 hco

369 956 603 1017 nomine
629 955 984 1035 insigniatur
1021 965 1116 1017 est
1159 974 1233 1017 ex
1277 957 1550 1018 Canone.
1594 956 1884 1036 Epitritus
1908 958 1968 1017 4.
2015 955 2344 1036 Autispast.
2381 957 2556 1017 Anti-

364 1061 552 1134 spast.
585 1052 914 1114 Diiambus.
973 1050 1102 1115 Nos
1132 1064 1328 1115 autem
1356 1055 1418 1115 id
1446 1053 1674 1135 agimus
1702 1064 1789 1130 ut,
1816 1053 1982 1135 quod
2007 1054 2129 1114 fleri
2155 1062 2374 1133 potest,
2401 1053 2555 1115 intra

361 1149 699 1230 trisyllabos
726 1148 908 1229 pedes
940 1151 1331 1212 subsistamus
1357 1172 1374 1220 3
1406 1172 1590 1232 quare
1617 1171 1852 1213 versum
1893 1151 2558 1232 Heccaedecasyllabum

361 1267 465 1327 per
493 1246 646 1306 duas
678 1247 955 1307 Caesuras
987 1248 1457 1311 Penthemimere
1497 1260 1559 1310 et
1597 1248 1970 1310 Triemimere
2008 1251 2322 1328 carpimus,
2364 1248 2557 1310 donec

360 1344 421 1403 in
448 1342 632 1403 Basia
664 1341 1037 1422 Dactylicam
1066 1342 1418 1425 deponatur.
1454 1365 1499 1405 1.
1530 1344 1651 1407 Od.
1687 1348 1779 1406 11.
1811 1365 1906 1407 ιν.
1939 1344 2058 1408 Od.
2091 1347 2185 1405 10.

448 1442 544 1500 17.
617 1439 922 1500 Alcaicum
982 1440 1075 1502 vel
1130 1441 1590 1504 Anacreontium
1661 1442 1987 1503 Dimetrum
2046 1439 2556 1521 Heptasyllabum.

361 1538 797 1617 Quodcumque
836 1545 1086 1597 metrum
1113 1547 1354 1599 constat
1377 1558 1454 1599 ex
1483 1539 1753 1619 Dactylis
1793 1548 1856 1599 et
1884 1536 2206 1609 Trochoeis,
2250 1536 2561 1617 Logaoedi-

359 1653 495 1708 con,
526 1634 590 1694 id
618 1643 730 1707 est,
763 1632 1204 1695 Prosometrum
1248 1635 1614 1720 appellatum
1672 1653 1744 1695 eo
1793 1635 2063 1696 fortassis
2108 1632 2269 1713 quod
2312 1634 2559 1724 Asiatici

362 1731 644 1790 Oratores
673 1730 871 1790 orbem
903 1731 1204 1791 verborum
1235 1731 1581 1793 Ditrochaeo
1609 1731 1860 1794 libenter
1882 1730 2277 1799 claudebant3
2308 1731 2457 1796 alias
2485 1752 2559 1796 ex

362 1826 720 1892 choriambo
747 1836 808 1885 et
835 1824 1117 1892 Bacchi0.
1151 1846 1199 1888 1.
1232 1828 1352 1889 od.
1385 1830 1444 1890 8.
2259 1891 2270 1901 ,

444 1925 538 1982 18.
583 1919 939 2001 S‘apphicum
985 1921 1536 2001 Hephthemimeres
1591 1941 1736 1982 cum.
1769 1923 2139 2001 supraposito
2168 1923 2411 1983 Alcaico
2454 1922 2560 1982 Di-

359 2029 569 2082 metro.
655 2017 933 2097 Superior
961 2037 1166 2079 versus
1195 2036 1330 2079 cum
1360 2018 1474 2078 hoc
1503 2019 1591 2080 sic
1619 2017 2000 2099 conjungitur
2028 2018 2185 2097 apud
2225 2018 2558 2079 Horatium.

361 2115 571 2176 Verior
596 2111 878 2173 metiendi
906 2114 1056 2174 ratio
1083 2126 1174 2175 est
1208 2134 1313 2194 per
1355 2113 1693 2203 Epitritum,
1735 2114 1831 2174 vel
1878 2113 2161 2196 Hippium
2211 2107 2562 2185 secuudum,

363 2211 517 2272 duos
544 2209 958 2283 choriameS,
987 2221 1047 2272 et
1075 2211 1417 2273 Bacchium.
1502 2211 1812 2272 Alcaicum
1839 2209 2562 2293 Pentecaedecasyllahum

363 2307 599 2370 dicitur.
633 2327 685 2367 1.
713 2305 832 2368 Od.
866 2308 924 2365 8.

443 2406 544 2464 19.
589 2403 855 2464 Ionicum
903 2421 941 2461 a
981 2401 1190 2461 minori
1233 2401 1702 2484 Trirrhythmum
1748 2404 2155 2465 Acatalectum
2200 2403 2354 2464 binis
2400 2402 2560 2463 Trir-

364 2500 652 2582 rhythmis
682 2497 1055 2579 subjungitur
1077 2496 1645 2578 Tetrarrhythmum.
1673 2517 1783 2559 111.
1814 2497 1928 2558 Od.
1964 2500 2057 2558 12.

443 2600 547 2657 20.
587 2594 1028 2656 Archilochium
1068 2594 1462 2674 compositum
1490 2613 1565 2656 ex
1589 2593 1770 2654 Tome
1795 2593 2099 2666 Bucolica,
2127 2592 2289 2673 quod
2318 2602 2412 2653 est
2451 2591 2563 2653 Te-

364 2703 705 2754 trametrum
758 2690 1157 2772 Dactylicum,
1217 2700 1279 2750 et
1316 2688 1647 2751 Trochaico
1698 2688 1966 2750 Dimetro
2015 2687 2564 2770 Brachycatalecto‚

366 2788 526 2869 quod
555 2786 1012 2870 Ithyphallicum
1034 2786 1265 2850 dicitur.
1349 2787 1693 2867 Subjectum
1716 2787 1826 2849 sibi
1847 2787 2028 2850 habet
2050 2787 2315 2848 Iambum
2340 2786 2564 2850 Trime-

367 2897 517 2946 trum
548 2884 997 2946 catalecticum.
1032 2904 1078 2947 1.
1112 2884 1233 2946 Od.
1261 2889 1323 2947 4.

451 2984 553 3040 21.
595 2979 1036 3041 Archilochium
1065 2982 1458 3061 compositum
1485 3003 1561 3045 ex
1589 2981 2045 3044 Penthemimeri
2075 2981 2281 3061 Epico,
2327 2990 2390 3042 et
2412 2981 2566 3039 Iam-

365 3077 499 3137 bico
556 3075 843 3138 Dimetro.
928 3076 1260 3139 Observatu
1311 3078 1559 3160 dignum
1606 3080 1804 3140 Meti-a
1844 3099 1979 3159 quae
2029 3077 2353 3159 Dactylicis
2416 3076 2565 3136 Iam·

234 3225 238 3229 .
365 3173 472 3233 bos
499 3183 828 3253 apponunt,
856 3173 1336 3253 Encomiologica
1373 3175 1508 3237 dici.
1594 3168 1981 3255 Postponitur
2011 3175 2214 3237 lambo
2254 3173 2563 3234 Trimetro.

369 3257 753 3349 Elegiambus*
778 3268 1133 3351 appellatus.
1164 3272 1359 3351 Epcd.
1384 3293 1502 3351 xx„

445 3368 544 3427 22.
586 3365 1026 3427 Archilochium
1057 3369 1451 3449 compositum
1479 3390 1552 3433 ex
1583 3370 1843 3431 Iambico
1889 3369 2156 3430 Dimetro
2196 3377 2259 3427 et
2305 3364 2564 3427 Penthe-

368 3462 586 3523 mimeri
617 3462 825 3542 Epico.
895 3464 1175 3542 Sequitur
1201 3467 1647 3555 Hexametrum.
1719 3468 2110 3546 lambelegos.
2139 3463 2331 3543 Epod.
2361 3481 2523 3522 x111.
