<?xml version="1.0" encoding="UTF-8"?>
<!DOCTYPE html PUBLIC "-//W3C//DTD XHTML 1.0 Transitional//EN"
    "http://www.w3.org/TR/xhtml1/DTD/xhtml1-transitional.dtd">
<html xmlns="http://www.w3.org/1999/xhtml" xml:lang="en" lang="en">
 <head>
  <title>
</title>
<meta http-equiv="Content-Type" content="text/html;charset=utf-8" />
  <meta name='ocr-system' content='tesseract 3.04.00' />
  <meta name='ocr-capabilities' content='ocr_page ocr_carea ocr_par ocr_line ocrx_word'/>
</head>
<body>
  <div class='ocr_page' id='page_1' title='image "./quintihoratiifl00unkngoog_0082.png"; bbox 0 0 3059 4909; ppageno 0'>
   <div class='ocr_carea' id='block_1_1' title="bbox 469 325 559 393">
    <p class='ocr_par' dir='ltr' id='par_1_1' title="bbox 469 325 559 393">
     <span class='ocr_line' id='line_1_1' title="bbox 469 325 559 393; baseline -0.011 0"><span class='ocrx_word' id='word_1_1' title='bbox 469 325 559 393; x_wconf 74' lang='lat'><strong>72</strong></span> 
     </span>
    </p>
   </div>
   <div class='ocr_carea' id='block_1_2' title="bbox 1190 343 1964 407">
    <p class='ocr_par' dir='ltr' id='par_1_2' title="bbox 1190 343 1964 407">
     <span class='ocr_line' id='line_1_2' title="bbox 1190 343 1964 407; baseline 0.004 -14"><span class='ocrx_word' id='word_1_2' title='bbox 1190 345 1259 407; x_wconf 77' lang='lat' dir='ltr'><strong>Q.</strong></span> <span class='ocrx_word' id='word_1_3' title='bbox 1321 343 1642 396; x_wconf 69' lang='lat' dir='ltr'><strong>nortun</strong></span> <span class='ocrx_word' id='word_1_4' title='bbox 1694 345 1964 398; x_wconf 59' lang='lat' dir='ltr'><strong>resecr</strong></span> 
     </span>
    </p>
   </div>
   <div class='ocr_carea' id='block_1_3' title="bbox 737 490 1948 581">
    <p class='ocr_par' dir='ltr' id='par_1_3' title="bbox 737 490 1948 581">
     <span class='ocr_line' id='line_1_3' title="bbox 737 490 1948 581; baseline 0.002 -26"><span class='ocrx_word' id='word_1_5' title='bbox 737 490 864 556; x_wconf 88' lang='lat' dir='ltr'><strong>Cui</strong></span> <span class='ocrx_word' id='word_1_6' title='bbox 895 490 1339 577; x_wconf 64' lang='lat' dir='ltr'><strong>dabit-portes</strong></span> <span class='ocrx_word' id='word_1_7' title='bbox 1368 492 1596 560; x_wconf 80' lang='lat' dir='ltr'><strong>scelus</strong></span> <span class='ocrx_word' id='word_1_8' title='bbox 1623 493 1948 581; x_wconf 76' lang='lat' dir='ltr'><strong>expiandi</strong></span> 
     </span>
    </p>
   </div>
   <div class='ocr_carea' id='block_1_4' title="bbox 734 594 2071 682">
    <p class='ocr_par' dir='ltr' id='par_1_4' title="bbox 734 594 2071 682">
     <span class='ocr_line' id='line_1_4' title="bbox 734 594 2071 682; baseline 0.003 -23"><span class='ocrx_word' id='word_1_9' title='bbox 734 594 781 659; x_wconf 85' lang='lat' dir='ltr'><strong>J</strong></span> <span class='ocrx_word' id='word_1_10' title='bbox 786 595 1054 679; x_wconf 75' lang='lat' dir='ltr'><strong>upiter‘i</strong></span> <span class='ocrx_word' id='word_1_11' title='bbox 1102 595 1375 661; x_wconf 87' lang='lat' dir='ltr'><strong>taudem</strong></span> <span class='ocrx_word' id='word_1_12' title='bbox 1404 597 1665 677; x_wconf 77' lang='lat' dir='ltr'><strong>veniae,</strong></span> <span class='ocrx_word' id='word_1_13' title='bbox 1694 615 2071 682; x_wconf 76' lang='lat' dir='ltr'><strong>precamur,</strong></span> 
     </span>
    </p>
   </div>
   <div class='ocr_carea' id='block_1_5' title="bbox 2595 598 2739 663">
    <p class='ocr_par' dir='ltr' id='par_1_5' title="bbox 2595 598 2739 663">
     <span class='ocr_line' id='line_1_5' title="bbox 2595 598 2739 663; baseline -0.007 0"><span class='ocrx_word' id='word_1_14' title='bbox 2595 598 2739 663; x_wconf 71' lang='lat'><strong>30,</strong></span> 
     </span>
    </p>
   </div>
   <div class='ocr_carea' id='block_1_6' title="bbox 738 696 2057 991">
    <p class='ocr_par' dir='ltr' id='par_1_6' title="bbox 738 696 2057 991">
     <span class='ocr_line' id='line_1_6' title="bbox 738 696 2057 786; baseline 0.005 -24"><span class='ocrx_word' id='word_1_15' title='bbox 738 696 943 786; x_wconf 76' lang='lat' dir='ltr'><strong>Nube</strong></span> <span class='ocrx_word' id='word_1_16' title='bbox 970 699 1341 765; x_wconf 83' lang='lat' dir='ltr'><strong>candentes</strong></span> <span class='ocrx_word' id='word_1_17' title='bbox 1370 698 1682 766; x_wconf 76' lang='lat' dir='ltr'>humeros</span> <span class='ocrx_word' id='word_1_18' title='bbox 1709 701 2018 779; x_wconf 69' lang='lat' dir='ltr'><strong>amietuS,</strong></span> <span class='ocrx_word' id='word_1_19' title='bbox 2051 711 2057 716; x_wconf 83' lang='grc'><strong>“</strong></span> 
     </span>
     <span class='ocr_line' id='line_1_7' title="bbox 1204 803 2002 888; baseline 0.003 -20"><span class='ocrx_word' id='word_1_20' title='bbox 1204 814 1211 818; x_wconf 80' lang='grc'><strong>’</strong></span> <span class='ocrx_word' id='word_1_21' title='bbox 1268 803 1504 887; x_wconf 79' lang='lat' dir='ltr'><strong>Augur</strong></span> <span class='ocrx_word' id='word_1_22' title='bbox 1533 803 1807 888; x_wconf 86' lang='lat' dir='ltr'><strong>Apollo.</strong></span> <span class='ocrx_word' id='word_1_23' title='bbox 1997 816 2002 821; x_wconf 83' lang='grc'><strong><em>’</em></strong></span> 
     </span>
     <span class='ocr_line' id='line_1_8' title="bbox 738 906 1883 991; baseline 0.003 -22"><span class='ocrx_word' id='word_1_24' title='bbox 738 906 1001 972; x_wconf 68' lang='grc' dir='ltr'><strong>δίνθω</strong></span> <span class='ocrx_word' id='word_1_25' title='bbox 1030 909 1272 987; x_wconf 77' lang='lat' dir='ltr'><strong>maviS,</strong></span> <span class='ocrx_word' id='word_1_26' title='bbox 1304 906 1599 991; x_wconf 84' lang='lat' dir='ltr'><strong>Erycina</strong></span> <span class='ocrx_word' id='word_1_27' title='bbox 1626 907 1883 987; x_wconf 71' lang='lat' dir='ltr'><strong>ridenS,</strong></span> 
     </span>
    </p>
   </div>
   <div class='ocr_carea' id='block_1_7' title="bbox 481 1093 1803 1162">
    <p class='ocr_par' dir='ltr' id='par_1_7' title="bbox 481 1093 1803 1162">
     <span class='ocr_line' id='line_1_9' title="bbox 481 1093 1803 1162; baseline -0.003 -14"><span class='ocrx_word' id='word_1_28' title='bbox 481 1093 821 1148; x_wconf 55' lang='lat' dir='ltr'><strong>wer-aiones</strong></span> <span class='ocrx_word' id='word_1_29' title='bbox 842 1099 1032 1149; x_wconf 74' lang='lat' dir='ltr'><strong>minime</strong></span> <span class='ocrx_word' id='word_1_30' title='bbox 1053 1098 1418 1162; x_wconf 66' lang='lat' dir='ltr'><strong>suscipientem?</strong></span> <span class='ocrx_word' id='word_1_31' title='bbox 1487 1096 1582 1147; x_wconf 74' lang='lat' dir='ltr'><strong>Cui</strong></span> <span class='ocrx_word' id='word_1_32' title='bbox 1606 1097 1803 1160; x_wconf 63' lang='lat' dir='ltr'><strong>Jupiter</strong></span> 
     </span>
    </p>
   </div>
   <div class='ocr_carea' id='block_1_8' title="bbox 1831 1093 2692 1147">
    <p class='ocr_par' dir='ltr' id='par_1_8' title="bbox 1831 1093 2692 1147">
     <span class='ocr_line' id='line_1_10' title="bbox 1831 1093 2692 1147; baseline -0.006 0"><span class='ocrx_word' id='word_1_33' title='bbox 1831 1096 1966 1147; x_wconf 71' lang='lat' dir='ltr'><strong>dabit</strong></span> <span class='ocrx_word' id='word_1_34' title='bbox 1996 1093 2624 1146; x_wconf 58' lang='lat' dir='ltr'><strong>masma-rima?</strong></span> <span class='ocrx_word' id='word_1_35' title='bbox 2661 1110 2692 1142; x_wconf 84' lang='lat' dir='ltr'><strong>o</strong></span> 
     </span>
    </p>
   </div>
   <div class='ocr_carea' id='block_1_9' title="bbox 486 1156 2691 1225">
    <p class='ocr_par' dir='ltr' id='par_1_9' title="bbox 486 1156 2691 1225">
     <span class='ocr_line' id='line_1_11' title="bbox 486 1156 2691 1225; baseline -0.002 -14"><span class='ocrx_word' id='word_1_36' title='bbox 486 1158 893 1224; x_wconf 71' lang='lat' dir='ltr'><strong>Phoebesucidice‚</strong></span> <span class='ocrx_word' id='word_1_37' title='bbox 909 1165 1202 1215; x_wconf 75' lang='lat' dir='ltr'><strong><em>obsecramus</em></strong></span> <span class='ocrx_word' id='word_1_38' title='bbox 1217 1169 1272 1213; x_wconf 78' lang='lat' dir='ltr'><strong>ut</strong></span> <span class='ocrx_word' id='word_1_39' title='bbox 1290 1177 1555 1225; x_wconf 77' lang='lat' dir='ltr'><strong><em>succurras,</em></strong></span> <span class='ocrx_word' id='word_1_40' title='bbox 1571 1163 1697 1212; x_wconf 77' lang='lat' dir='ltr'><strong>albos</strong></span> <span class='ocrx_word' id='word_1_41' title='bbox 1717 1156 1932 1212; x_wconf 77' lang='lat' dir='ltr'><strong>humeros</strong></span> <span class='ocrx_word' id='word_1_42' title='bbox 1946 1162 2065 1212; x_wconf 77' lang='lat' dir='ltr'><strong>nube</strong></span> <span class='ocrx_word' id='word_1_43' title='bbox 2081 1162 2258 1212; x_wconf 76' lang='lat' dir='ltr'><strong>celatos</strong></span> <span class='ocrx_word' id='word_1_44' title='bbox 2281 1161 2454 1210; x_wconf 71' lang='lat' dir='ltr'><strong>habens</strong></span> <span class='ocrx_word' id='word_1_45' title='bbox 2467 1176 2484 1208; x_wconf 93' lang='grc'><strong>.·</strong></span> <span class='ocrx_word' id='word_1_46' title='bbox 2516 1174 2599 1210; x_wconf 80' lang='lat' dir='ltr'><strong>seu</strong></span> <span class='ocrx_word' id='word_1_47' title='bbox 2617 1158 2691 1207; x_wconf 76' lang='lat' dir='ltr'><strong>vis</strong></span> 
     </span>
    </p>
   </div>
   <div class='ocr_carea' id='block_1_10' title="bbox 1403 1291 1770 1315">
    <p class='ocr_par' dir='ltr' id='par_1_10' title="bbox 1403 1291 1770 1315">
     <span class='ocr_line' id='line_1_12' title="bbox 1403 1291 1770 1315; baseline -0.008 0"><span class='ocrx_word' id='word_1_48' title='bbox 1403 1291 1770 1315; x_wconf 56' lang='lat' dir='ltr'><strong>“OO‘OOOOOOO</strong></span> 
     </span>
    </p>
   </div>
   <div class='ocr_carea' id='block_1_11' title="bbox 482 1370 2695 1705">
    <p class='ocr_par' dir='ltr' id='par_1_11' title="bbox 482 1370 2695 1705">
     <span class='ocr_line' id='line_1_13' title="bbox 487 1370 2690 1441; baseline -0 -21"><span class='ocrx_word' id='word_1_49' title='bbox 487 1376 551 1421; x_wconf 85' lang='grc'><strong>26</strong></span> <span class='ocrx_word' id='word_1_50' title='bbox 589 1372 740 1425; x_wconf 81' lang='lat' dir='ltr'><strong>Harl.</strong></span> <span class='ocrx_word' id='word_1_51' title='bbox 775 1380 822 1426; x_wconf 75' lang='grc'><strong>3.</strong></span> <span class='ocrx_word' id='word_1_52' title='bbox 848 1391 990 1440; x_wconf 81' lang='lat' dir='ltr'><em>prece</em></span> <span class='ocrx_word' id='word_1_53' title='bbox 1025 1394 1119 1441; x_wconf 73' lang='lat' dir='ltr'><strong>qun</strong></span> <span class='ocrx_word' id='word_1_54' title='bbox 1144 1379 1518 1441; x_wconf 78' lang='lat' dir='ltr'><strong>fatigant.—29</strong></span> <span class='ocrx_word' id='word_1_55' title='bbox 1558 1379 1652 1427; x_wconf 79' lang='lat' dir='ltr'><strong>Cui</strong></span> <span class='ocrx_word' id='word_1_56' title='bbox 1685 1378 1815 1427; x_wconf 77' lang='lat' dir='ltr'><strong>dabit</strong></span> <span class='ocrx_word' id='word_1_57' title='bbox 1852 1374 1982 1441; x_wconf 74' lang='lat' dir='ltr'><strong>parti</strong></span> <span class='ocrx_word' id='word_1_58' title='bbox 2018 1377 2167 1427; x_wconf 76' lang='lat' dir='ltr'><strong>scelus</strong></span> <span class='ocrx_word' id='word_1_59' title='bbox 2202 1374 2488 1438; x_wconf 72' lang='lat' dir='ltr'><strong>expiandum</strong></span> <span class='ocrx_word' id='word_1_60' title='bbox 2520 1370 2690 1421; x_wconf 81' lang='lat' dir='ltr'><strong>codex</strong></span> 
     </span>
     <span class='ocr_line' id='line_1_14' title="bbox 487 1437 2694 1499; baseline -0 -13"><span class='ocrx_word' id='word_1_61' title='bbox 487 1438 959 1492; x_wconf 76' lang='lat' dir='ltr'><strong>Bersmanni.—81.</strong></span> <span class='ocrx_word' id='word_1_62' title='bbox 979 1443 1122 1493; x_wconf 80' lang='lat' dir='ltr'><strong>Nube</strong></span> <span class='ocrx_word' id='word_1_63' title='bbox 1156 1446 1387 1493; x_wconf 70' lang='lat' dir='ltr'><strong>candenti</strong></span> <span class='ocrx_word' id='word_1_64' title='bbox 1410 1444 1536 1494; x_wconf 82' lang='lat' dir='ltr'><strong>Sax.</strong></span> <span class='ocrx_word' id='word_1_65' title='bbox 1574 1445 1699 1493; x_wconf 83' lang='lat' dir='ltr'><strong>Vat.</strong></span> <span class='ocrx_word' id='word_1_66' title='bbox 1725 1449 1772 1493; x_wconf 87' lang='lat' dir='ltr'><strong>l-.</strong></span> <span class='ocrx_word' id='word_1_67' title='bbox 1795 1447 1845 1492; x_wconf 79' lang='grc'><strong>2.</strong></span> <span class='ocrx_word' id='word_1_68' title='bbox 1873 1443 2042 1491; x_wconf 60' lang='lat' dir='ltr'><strong>ffl&#39;orn.</strong></span> <span class='ocrx_word' id='word_1_69' title='bbox 2077 1441 2181 1490; x_wconf 86' lang='lat' dir='ltr'><strong>duo</strong></span> <span class='ocrx_word' id='word_1_70' title='bbox 2215 1440 2369 1490; x_wconf 82' lang='lat' dir='ltr'><strong>codd.</strong></span> <span class='ocrx_word' id='word_1_71' title='bbox 2400 1437 2694 1499; x_wconf 84' lang='lat' dir='ltr'><strong>Torrentii,</strong></span> 
     </span>
     <span class='ocr_line' id='line_1_15' title="bbox 487 1500 2694 1573; baseline -0 -22"><span class='ocrx_word' id='word_1_72' title='bbox 487 1500 590 1552; x_wconf 86' lang='lat' dir='ltr'><strong>duo</strong></span> <span class='ocrx_word' id='word_1_73' title='bbox 612 1504 938 1567; x_wconf 82' lang='lat' dir='ltr'><strong>Bersmanni,</strong></span> <span class='ocrx_word' id='word_1_74' title='bbox 960 1510 1194 1573; x_wconf 83' lang='lat' dir='ltr'>plerique</span> <span class='ocrx_word' id='word_1_75' title='bbox 1220 1509 1426 1558; x_wconf 84' lang='lat' dir='ltr'><strong>Bentin.</strong></span> <span class='ocrx_word' id='word_1_76' title='bbox 1452 1510 1626 1558; x_wconf 86' lang='lat' dir='ltr'><strong>Pulm.</strong></span> <span class='ocrx_word' id='word_1_77' title='bbox 1653 1513 1700 1558; x_wconf 92' lang='grc'><strong>1.</strong></span> <span class='ocrx_word' id='word_1_78' title='bbox 1723 1513 1771 1558; x_wconf 91' lang='grc'><strong>2.</strong></span> <span class='ocrx_word' id='word_1_79' title='bbox 1794 1512 1842 1560; x_wconf 81' lang='grc'><strong>3.</strong></span> <span class='ocrx_word' id='word_1_80' title='bbox 1891 1506 2203 1556; x_wconf 81' lang='lat' dir='ltr'><strong>Anhaltinns</strong></span> <span class='ocrx_word' id='word_1_81' title='bbox 2243 1503 2492 1559; x_wconf 80' lang='lat' dir='ltr'><strong>Fabricii,</strong></span> <span class='ocrx_word' id='word_1_82' title='bbox 2532 1503 2694 1551; x_wconf 82' lang='lat' dir='ltr'><strong>Fran.</strong></span> 
     </span>
     <span class='ocr_line' id='line_1_16' title="bbox 486 1567 2695 1641; baseline 0.001 -27"><span class='ocrx_word' id='word_1_83' title='bbox 486 1567 644 1619; x_wconf 77' lang='lat' dir='ltr'><strong>Dese.</strong></span> <span class='ocrx_word' id='word_1_84' title='bbox 666 1574 714 1618; x_wconf 91' lang='grc'><strong>1.</strong></span> <span class='ocrx_word' id='word_1_85' title='bbox 751 1571 894 1635; x_wconf 85' lang='lat' dir='ltr'><strong>Lips.</strong></span> <span class='ocrx_word' id='word_1_86' title='bbox 917 1578 966 1624; x_wconf 87' lang='grc'><strong>1.</strong></span> <span class='ocrx_word' id='word_1_87' title='bbox 1006 1574 1157 1625; x_wconf 76' lang='lat' dir='ltr'><strong>Harl.</strong></span> <span class='ocrx_word' id='word_1_88' title='bbox 1187 1579 1237 1624; x_wconf 80' lang='lat'><strong>6.</strong></span> <span class='ocrx_word' id='word_1_89' title='bbox 1269 1575 1392 1624; x_wconf 83' lang='lat' dir='ltr'><strong>Vet.</strong></span> <span class='ocrx_word' id='word_1_90' title='bbox 1416 1575 1598 1625; x_wconf 81' lang='lat' dir='ltr'><strong>Comb.</strong></span> <span class='ocrx_word' id='word_1_91' title='bbox 1625 1574 1841 1625; x_wconf 81' lang='lat' dir='ltr'><strong>Locher.</strong></span> <span class='ocrx_word' id='word_1_92' title='bbox 1872 1572 2094 1622; x_wconf 80' lang='lat' dir='ltr'><strong>Venett.</strong></span> <span class='ocrx_word' id='word_1_93' title='bbox 2114 1574 2260 1622; x_wconf 83' lang='grc'><strong>1477.</strong></span> <span class='ocrx_word' id='word_1_94' title='bbox 2284 1573 2433 1620; x_wconf 83' lang='grc'><strong>1478.</strong></span> <span class='ocrx_word' id='word_1_95' title='bbox 2465 1572 2614 1618; x_wconf 80' lang='grc'><strong>1479.</strong></span> <span class='ocrx_word' id='word_1_96' title='bbox 2635 1575 2695 1641; x_wconf 69' lang='lat' dir='ltr'><strong>ct</strong></span> 
     </span>
     <span class='ocr_line' id='line_1_17' title="bbox 482 1632 2693 1705; baseline -0.001 -21"><span class='ocrx_word' id='word_1_97' title='bbox 482 1634 637 1688; x_wconf 71' lang='lat'><strong>2⁴83.</strong></span> <span class='ocrx_word' id='word_1_98' title='bbox 668 1635 876 1686; x_wconf 76' lang='lat' dir='ltr'><strong>Marcii.</strong></span> <span class='ocrx_word' id='word_1_99' title='bbox 905 1645 962 1688; x_wconf 87' lang='lat' dir='ltr'><strong>et</strong></span> <span class='ocrx_word' id='word_1_100' title='bbox 984 1639 1206 1705; x_wconf 81' lang='lat' dir='ltr'><strong>Cuning.</strong></span> <span class='ocrx_word' id='word_1_101' title='bbox 1226 1640 1378 1690; x_wconf 83' lang='lat' dir='ltr'><strong>etita</strong></span> <span class='ocrx_word' id='word_1_102' title='bbox 1396 1641 1522 1692; x_wconf 88' lang='lat' dir='ltr'><strong>Vet.</strong></span> <span class='ocrx_word' id='word_1_103' title='bbox 1563 1640 1732 1691; x_wconf 82' lang='lat' dir='ltr'><strong>Schol.</strong></span> <span class='ocrx_word' id='word_1_104' title='bbox 1766 1638 2036 1689; x_wconf 75' lang='lat' dir='ltr'><strong>candenteis</strong></span> <span class='ocrx_word' id='word_1_105' title='bbox 2067 1651 2248 1688; x_wconf 86' lang='lat' dir='ltr'><strong>omues</strong></span> <span class='ocrx_word' id='word_1_106' title='bbox 2269 1635 2425 1690; x_wconf 78' lang='lat' dir='ltr'><strong>codd.</strong></span> <span class='ocrx_word' id='word_1_107' title='bbox 2458 1632 2693 1699; x_wconf 81' lang='lat' dir='ltr'><strong>Cruqmi,</strong></span> 
     </span>
    </p>
   </div>
   <div class='ocr_carea' id='block_1_12' title="bbox 1489 1753 1705 1824">
    <p class='ocr_par' dir='ltr' id='par_1_12' title="bbox 1489 1753 1705 1824">
     <span class='ocr_line' id='line_1_18' title="bbox 1489 1753 1705 1824; baseline 0 0"><span class='ocrx_word' id='word_1_108' title='bbox 1489 1753 1705 1824; x_wconf 76' lang='lat' dir='ltr'><strong>&#39;NorAE</strong></span> 
     </span>
    </p>
   </div>
   <div class='ocr_carea' id='block_1_13' title="bbox 488 1866 1566 4308">
    <p class='ocr_par' dir='ltr' id='par_1_13' title="bbox 488 1866 1561 3158">
     <span class='ocr_line' id='line_1_19' title="bbox 492 1866 1552 1937; baseline 0.01 -24"><span class='ocrx_word' id='word_1_109' title='bbox 492 1866 827 1928; x_wconf 81' lang='lat' dir='ltr'><strong>potentiores.</strong></span> <span class='ocrx_word' id='word_1_110' title='bbox 884 1870 994 1922; x_wconf 84' lang='lat' dir='ltr'><strong>Cic.</strong></span> <span class='ocrx_word' id='word_1_111' title='bbox 1033 1870 1100 1922; x_wconf 85' lang='lat' dir='ltr'><strong>de</strong></span> <span class='ocrx_word' id='word_1_112' title='bbox 1138 1873 1264 1937; x_wconf 81' lang='lat' dir='ltr'><strong>Leg.</strong></span> <span class='ocrx_word' id='word_1_113' title='bbox 1292 1887 1354 1922; x_wconf 86' lang='grc' dir='ltr'><strong>ιι.</strong></span> <span class='ocrx_word' id='word_1_114' title='bbox 1387 1887 1439 1922; x_wconf 88' lang='lat' dir='ltr'><strong>u.</strong></span> <span class='ocrx_word' id='word_1_115' title='bbox 1466 1877 1552 1925; x_wconf 87' lang='grc'><strong>20.</strong></span> 
     </span>
     <span class='ocr_line' id='line_1_20' title="bbox 492 1941 1554 2005; baseline 0.012 -17"><span class='ocrx_word' id='word_1_116' title='bbox 492 1942 508 1971; x_wconf 86' lang='lat'>‘</span> <span class='ocrx_word' id='word_1_117' title='bbox 533 1941 771 2005; x_wconf 81' lang='lat' dir='ltr'><strong>Virgines</strong></span> <span class='ocrx_word' id='word_1_118' title='bbox 791 1945 1034 1998; x_wconf 76' lang='lat' dir='ltr'><strong>Vestales</strong></span> <span class='ocrx_word' id='word_1_119' title='bbox 1073 1949 1122 2000; x_wconf 89' lang='lat' dir='ltr'><strong>in</strong></span> <span class='ocrx_word' id='word_1_120' title='bbox 1157 1951 1286 2001; x_wconf 86' lang='lat' dir='ltr'><strong>urbe</strong></span> <span class='ocrx_word' id='word_1_121' title='bbox 1325 1950 1554 2001; x_wconf 80' lang='lat' dir='ltr'><strong>custodi-</strong></span> 
     </span>
     <span class='ocr_line' id='line_1_21' title="bbox 490 2020 1555 2093; baseline 0.009 -27"><span class='ocrx_word' id='word_1_122' title='bbox 490 2022 617 2067; x_wconf 84' lang='lat' dir='ltr'><strong>unto</strong></span> <span class='ocrx_word' id='word_1_123' title='bbox 661 2020 832 2084; x_wconf 82' lang='lat' dir='ltr'><strong>ignem</strong></span> <span class='ocrx_word' id='word_1_124' title='bbox 893 2021 996 2074; x_wconf 89' lang='lat' dir='ltr'><strong>foci</strong></span> <span class='ocrx_word' id='word_1_125' title='bbox 1044 2026 1238 2090; x_wconf 80' lang='lat' dir='ltr'><strong>publici</strong></span> <span class='ocrx_word' id='word_1_126' title='bbox 1281 2028 1555 2093; x_wconf 88' lang='lat' dir='ltr'><strong>sempiter-</strong></span> 
     </span>
     <span class='ocr_line' id='line_1_22' title="bbox 490 2094 1556 2166; baseline 0.01 -25"><span class='ocrx_word' id='word_1_127' title='bbox 490 2094 651 2145; x_wconf 87' lang='lat' dir='ltr'><strong>num.&#39;</strong></span> <span class='ocrx_word' id='word_1_128' title='bbox 702 2097 771 2145; x_wconf 91' lang='lat' dir='ltr'><strong>Et</strong></span> <span class='ocrx_word' id='word_1_129' title='bbox 803 2112 853 2148; x_wconf 87' lang='lat' dir='ltr'><strong>n.</strong></span> <span class='ocrx_word' id='word_1_130' title='bbox 875 2103 955 2150; x_wconf 82' lang='grc'><strong>29.</strong></span> <span class='ocrx_word' id='word_1_131' title='bbox 989 2101 1005 2129; x_wconf 79' lang='lat'><strong>⁴</strong></span> <span class='ocrx_word' id='word_1_132' title='bbox 1030 2102 1194 2151; x_wconf 82' lang='lat' dir='ltr'><strong>Vesta</strong></span> <span class='ocrx_word' id='word_1_133' title='bbox 1228 2103 1377 2166; x_wconf 83' lang='lat' dir='ltr'><strong>quasi</strong></span> <span class='ocrx_word' id='word_1_134' title='bbox 1409 2102 1556 2154; x_wconf 81' lang='lat' dir='ltr'><strong>focus</strong></span> 
     </span>
     <span class='ocr_line' id='line_1_23' title="bbox 493 2170 1555 2243; baseline 0.009 -25"><span class='ocrx_word' id='word_1_135' title='bbox 493 2170 819 2222; x_wconf 79' lang='lat' dir='ltr'><strong>urbis-...ei</strong></span> <span class='ocrx_word' id='word_1_136' title='bbox 865 2175 1098 2224; x_wconf 84' lang='lat' dir='ltr'><strong>colendae</strong></span> <span class='ocrx_word' id='word_1_137' title='bbox 1137 2178 1376 2237; x_wconf 77' lang='lat' dir='ltr'><strong>Virgines</strong></span> <span class='ocrx_word' id='word_1_138' title='bbox 1419 2191 1555 2243; x_wconf 70' lang='lat' dir='ltr'><strong>prm—</strong></span> 
     </span>
     <span class='ocr_line' id='line_1_24' title="bbox 493 2246 1558 2309; baseline 0.008 -15"><span class='ocrx_word' id='word_1_139' title='bbox 493 2246 652 2309; x_wconf 86' lang='lat' dir='ltr'><strong>snnt‚’</strong></span> <span class='ocrx_word' id='word_1_140' title='bbox 692 2250 790 2297; x_wconf 83' lang='lat' dir='ltr'><strong>&amp;c.</strong></span> <span class='ocrx_word' id='word_1_141' title='bbox 855 2250 992 2299; x_wconf 85' lang='lat' dir='ltr'><strong>Vide</strong></span> <span class='ocrx_word' id='word_1_142' title='bbox 1031 2249 1099 2301; x_wconf 85' lang='lat' dir='ltr'><strong>A.</strong></span> <span class='ocrx_word' id='word_1_143' title='bbox 1136 2251 1368 2301; x_wconf 84' lang='lat' dir='ltr'><strong>Gellium</strong></span> <span class='ocrx_word' id='word_1_144' title='bbox 1407 2268 1447 2302; x_wconf 85' lang='grc' dir='ltr'><strong>ι.</strong></span> <span class='ocrx_word' id='word_1_145' title='bbox 1478 2258 1558 2305; x_wconf 86' lang='grc'><strong>12.</strong></span> 
     </span>
     <span class='ocr_line' id='line_1_25' title="bbox 494 2320 1559 2392; baseline 0.007 -22"><span class='ocrx_word' id='word_1_146' title='bbox 494 2320 605 2386; x_wconf 87' lang='lat' dir='ltr'><strong>ubi,</strong></span> <span class='ocrx_word' id='word_1_147' title='bbox 627 2323 763 2373; x_wconf 82' lang='lat' dir='ltr'><strong>inter</strong></span> <span class='ocrx_word' id='word_1_148' title='bbox 795 2324 896 2374; x_wconf 82' lang='lat' dir='ltr'><strong>alia</strong></span> <span class='ocrx_word' id='word_1_149' title='bbox 919 2325 1054 2376; x_wconf 89' lang='lat' dir='ltr'><strong>bene</strong></span> <span class='ocrx_word' id='word_1_150' title='bbox 1088 2327 1272 2392; x_wconf 88' lang='lat' dir='ltr'><strong>multa,</strong></span> <span class='ocrx_word' id='word_1_151' title='bbox 1301 2329 1412 2379; x_wconf 79' lang='lat' dir='ltr'><strong>haec</strong></span> <span class='ocrx_word' id='word_1_152' title='bbox 1433 2330 1559 2392; x_wconf 82' lang='lat' dir='ltr'><strong>scri-</strong></span> 
     </span>
     <span class='ocr_line' id='line_1_26' title="bbox 495 2398 1555 2469; baseline 0.009 -23"><span class='ocrx_word' id='word_1_153' title='bbox 495 2398 603 2450; x_wconf 86' lang='lat' dir='ltr'><strong>bit:</strong></span> <span class='ocrx_word' id='word_1_154' title='bbox 646 2400 663 2427; x_wconf 87' lang='lat'>‘</span> <span class='ocrx_word' id='word_1_155' title='bbox 686 2402 954 2451; x_wconf 85' lang='lat' dir='ltr'><strong>Vestalem</strong></span> <span class='ocrx_word' id='word_1_156' title='bbox 991 2403 1254 2469; x_wconf 80' lang='lat' dir='ltr'><strong>Virginem</strong></span> <span class='ocrx_word' id='word_1_157' title='bbox 1298 2405 1555 2457; x_wconf 79' lang='lat' dir='ltr'><strong>minorem</strong></span> 
     </span>
     <span class='ocr_line' id='line_1_27' title="bbox 491 2475 1555 2545; baseline 0.008 -22"><span class='ocrx_word' id='word_1_158' title='bbox 491 2475 643 2525; x_wconf 75' lang='lat' dir='ltr'><strong>annis·</strong></span> <span class='ocrx_word' id='word_1_159' title='bbox 671 2489 783 2539; x_wconf 76' lang='lat' dir='ltr'><strong>sex,</strong></span> <span class='ocrx_word' id='word_1_160' title='bbox 815 2480 1064 2543; x_wconf 85' lang='lat' dir='ltr'><strong>majorem</strong></span> <span class='ocrx_word' id='word_1_161' title='bbox 1099 2494 1251 2545; x_wconf 85' lang='lat' dir='ltr'><strong>quam</strong></span> <span class='ocrx_word' id='word_1_162' title='bbox 1283 2497 1441 2533; x_wconf 79' lang='lat' dir='ltr'><strong>annos</strong></span> <span class='ocrx_word' id='word_1_163' title='bbox 1463 2482 1555 2532; x_wconf 82' lang='lat' dir='ltr'><strong>de-</strong></span> 
     </span>
     <span class='ocr_line' id='line_1_28' title="bbox 494 2554 1557 2623; baseline 0.008 -22"><span class='ocrx_word' id='word_1_164' title='bbox 494 2565 609 2602; x_wconf 84' lang='lat' dir='ltr'><strong>cem</strong></span> <span class='ocrx_word' id='word_1_165' title='bbox 645 2561 815 2603; x_wconf 85' lang='lat' dir='ltr'><strong>natam</strong></span> <span class='ocrx_word' id='word_1_166' title='bbox 839 2555 958 2619; x_wconf 80' lang='lat' dir='ltr'><strong>capi</strong></span> <span class='ocrx_word' id='word_1_167' title='bbox 976 2554 1056 2606; x_wconf 79' lang='lat' dir='ltr'><strong>fas</strong></span> <span class='ocrx_word' id='word_1_168' title='bbox 1080 2572 1180 2606; x_wconf 88' lang='lat' dir='ltr'><strong>non</strong></span> <span class='ocrx_word' id='word_1_169' title='bbox 1206 2572 1356 2608; x_wconf 82' lang='lat' dir='ltr'><strong>esse:</strong></span> <span class='ocrx_word' id='word_1_170' title='bbox 1394 2558 1557 2623; x_wconf 76' lang='lat' dir='ltr'><strong>patri·</strong></span> 
     </span>
     <span class='ocr_line' id='line_1_29' title="bbox 492 2632 1556 2700; baseline 0.007 -22"><span class='ocrx_word' id='word_1_171' title='bbox 492 2643 626 2679; x_wconf 79' lang='lat' dir='ltr'><strong>mam</strong></span> <span class='ocrx_word' id='word_1_172' title='bbox 646 2639 701 2679; x_wconf 90' lang='lat' dir='ltr'><strong>et</strong></span> <span class='ocrx_word' id='word_1_173' title='bbox 723 2632 1012 2683; x_wconf 69' lang='lat' dir='ltr'><strong>matriniam</strong></span> <span class='ocrx_word' id='word_1_174' title='bbox 1036 2648 1149 2684; x_wconf 84' lang='lat' dir='ltr'><strong>esse</strong></span> <span class='ocrx_word' id='word_1_175' title='bbox 1170 2643 1443 2700; x_wconf 85' lang='lat' dir='ltr'><strong>oportere:</strong></span> <span class='ocrx_word' id='word_1_176' title='bbox 1467 2650 1556 2685; x_wconf 87' lang='lat' dir='ltr'><strong>ue·</strong></span> 
     </span>
     <span class='ocr_line' id='line_1_30' title="bbox 496 2708 1558 2774; baseline 0.008 -19"><span class='ocrx_word' id='word_1_177' title='bbox 496 2722 599 2771; x_wconf 87' lang='lat' dir='ltr'><strong>que</strong></span> <span class='ocrx_word' id='word_1_178' title='bbox 620 2708 799 2774; x_wconf 85' lang='lat' dir='ltr'><strong>lingna</strong></span> <span class='ocrx_word' id='word_1_179' title='bbox 815 2709 991 2773; x_wconf 84' lang='lat' dir='ltr'><strong>debili,</strong></span> <span class='ocrx_word' id='word_1_180' title='bbox 1002 2725 1221 2761; x_wconf 80' lang='lat' dir='ltr'><strong>sensuve</strong></span> <span class='ocrx_word' id='word_1_181' title='bbox 1246 2713 1444 2762; x_wconf 85' lang='lat' dir='ltr'><strong>aurium</strong></span> <span class='ocrx_word' id='word_1_182' title='bbox 1465 2713 1558 2763; x_wconf 79' lang='lat' dir='ltr'><strong>de·</strong></span> 
     </span>
     <span class='ocr_line' id='line_1_31' title="bbox 488 2787 1559 2854; baseline 0.004 -19"><span class='ocrx_word' id='word_1_183' title='bbox 488 2787 762 2850; x_wconf 80' lang='lat' dir='ltr'><strong>minutam,</strong></span> <span class='ocrx_word' id='word_1_184' title='bbox 784 2787 952 2837; x_wconf 83' lang='lat' dir='ltr'><strong>aliave</strong></span> <span class='ocrx_word' id='word_1_185' title='bbox 974 2790 1154 2854; x_wconf 86' lang='lat' dir='ltr'><strong>quavis</strong></span> <span class='ocrx_word' id='word_1_186' title='bbox 1188 2790 1420 2854; x_wconf 81' lang='lat' dir='ltr'><strong>corporis</strong></span> <span class='ocrx_word' id='word_1_187' title='bbox 1438 2789 1559 2839; x_wconf 86' lang='lat' dir='ltr'><strong>labe</strong></span> 
     </span>
     <span class='ocr_line' id='line_1_32' title="bbox 495 2863 1559 2928; baseline 0.001 -17"><span class='ocrx_word' id='word_1_188' title='bbox 495 2863 826 2926; x_wconf 81' lang='lat' dir='ltr'><strong>insignitam:</strong></span> <span class='ocrx_word' id='word_1_189' title='bbox 874 2877 972 2913; x_wconf 86' lang='lat' dir='ltr'><strong>uec</strong></span> <span class='ocrx_word' id='word_1_190' title='bbox 1011 2879 1127 2928; x_wconf 77' lang='lat' dir='ltr'><strong>quae</strong></span> <span class='ocrx_word' id='word_1_191' title='bbox 1157 2864 1291 2928; x_wconf 85' lang='lat' dir='ltr'><strong>ipsa,</strong></span> <span class='ocrx_word' id='word_1_192' title='bbox 1326 2871 1418 2915; x_wconf 80' lang='lat' dir='ltr'><strong>aut</strong></span> <span class='ocrx_word' id='word_1_193' title='bbox 1446 2865 1559 2928; x_wconf 82' lang='lat' dir='ltr'><strong>ejus</strong></span> 
     </span>
     <span class='ocr_line' id='line_1_33' title="bbox 494 2940 1561 3006; baseline 0.001 -17"><span class='ocrx_word' id='word_1_194' title='bbox 494 2947 649 3005; x_wconf 85' lang='lat' dir='ltr'><strong>pater</strong></span> <span class='ocrx_word' id='word_1_195' title='bbox 667 2940 1027 3004; x_wconf 80' lang='lat' dir='ltr'><strong>emancipatus</strong></span> <span class='ocrx_word' id='word_1_196' title='bbox 1046 2943 1148 2991; x_wconf 84' lang='lat' dir='ltr'><strong>sit:</strong></span> <span class='ocrx_word' id='word_1_197' title='bbox 1181 2947 1271 2990; x_wconf 80' lang='lat' dir='ltr'><strong>aut</strong></span> <span class='ocrx_word' id='word_1_198' title='bbox 1295 2941 1443 3006; x_wconf 82' lang='lat' dir='ltr'><strong>cujus</strong></span> <span class='ocrx_word' id='word_1_199' title='bbox 1467 2956 1561 3006; x_wconf 85' lang='lat' dir='ltr'><strong>pa·</strong></span> 
     </span>
     <span class='ocr_line' id='line_1_34' title="bbox 495 3018 1561 3080; baseline 0.001 -14"><span class='ocrx_word' id='word_1_200' title='bbox 495 3024 672 3067; x_wconf 85' lang='lat' dir='ltr'><strong>rentes</strong></span> <span class='ocrx_word' id='word_1_201' title='bbox 709 3018 1019 3068; x_wconf 85' lang='lat' dir='ltr'><strong>servitutem</strong></span> <span class='ocrx_word' id='word_1_202' title='bbox 1058 3018 1356 3080; x_wconf 79' lang='lat' dir='ltr'><strong>servierint,</strong></span> <span class='ocrx_word' id='word_1_203' title='bbox 1395 3018 1477 3067; x_wconf 76' lang='lat' dir='ltr'><strong>vel</strong></span> <span class='ocrx_word' id='word_1_204' title='bbox 1510 3018 1561 3067; x_wconf 88' lang='lat' dir='ltr'><strong>in</strong></span> 
     </span>
     <span class='ocr_line' id='line_1_35' title="bbox 493 3093 1464 3158; baseline 0 -12"><span class='ocrx_word' id='word_1_205' title='bbox 493 3093 717 3146; x_wconf 73' lang='lat' dir='ltr'><strong>‘sordidis</strong></span> <span class='ocrx_word' id='word_1_206' title='bbox 741 3094 965 3157; x_wconf 82' lang='lat' dir='ltr'><strong>negotiis</strong></span> <span class='ocrx_word' id='word_1_207' title='bbox 986 3093 1350 3158; x_wconf 82' lang='lat' dir='ltr'><strong>diversentnr,’</strong></span> <span class='ocrx_word' id='word_1_208' title='bbox 1366 3098 1464 3146; x_wconf 86' lang='lat' dir='ltr'><strong>&amp;c.</strong></span> 
     </span>
    </p>

    <p class='ocr_par' dir='ltr' id='par_1_14' title="bbox 492 3168 1565 3924">
     <span class='ocr_line' id='line_1_36' title="bbox 566 3168 1562 3235; baseline 0.002 -16"><span class='ocrx_word' id='word_1_209' title='bbox 566 3171 735 3219; x_wconf 79' lang='lat' dir='ltr'><strong>Minus</strong></span> <span class='ocrx_word' id='word_1_210' title='bbox 755 3170 1043 3234; x_wconf 75' lang='lat' dir='ltr'><strong>audientem]</strong></span> <span class='ocrx_word' id='word_1_211' title='bbox 1089 3173 1204 3221; x_wconf 76' lang='lat' dir='ltr'><strong>Prae</strong></span> <span class='ocrx_word' id='word_1_212' title='bbox 1233 3172 1310 3220; x_wconf 89' lang='lat' dir='ltr'><strong>ira</strong></span> <span class='ocrx_word' id='word_1_213' title='bbox 1333 3168 1562 3235; x_wconf 77' lang='lat' dir='ltr'><strong>graviori</strong></span> 
     </span>
     <span class='ocr_line' id='line_1_37' title="bbox 501 3244 1560 3310; baseline 0.002 -15"><span class='ocrx_word' id='word_1_214' title='bbox 501 3252 556 3295; x_wconf 88' lang='lat' dir='ltr'><strong>et</strong></span> <span class='ocrx_word' id='word_1_215' title='bbox 577 3244 691 3296; x_wconf 82' lang='lat' dir='ltr'><strong>fere</strong></span> <span class='ocrx_word' id='word_1_216' title='bbox 727 3247 1062 3310; x_wconf 74' lang='lat' dir='ltr'><strong>implacabili,</strong></span> <span class='ocrx_word' id='word_1_217' title='bbox 1097 3255 1205 3297; x_wconf 88' lang='lat' dir='ltr'><strong>tum</strong></span> <span class='ocrx_word' id='word_1_218' title='bbox 1245 3248 1312 3296; x_wconf 90' lang='lat' dir='ltr'><strong>ob</strong></span> <span class='ocrx_word' id='word_1_219' title='bbox 1345 3246 1560 3297; x_wconf 81' lang='lat' dir='ltr'><strong>effusum</strong></span> 
     </span>
     <span class='ocr_line' id='line_1_38' title="bbox 499 3321 1563 3389; baseline 0.005 -19"><span class='ocrx_word' id='word_1_220' title='bbox 499 3321 658 3387; x_wconf 84' lang='lat' dir='ltr'><strong>impie</strong></span> <span class='ocrx_word' id='word_1_221' title='bbox 692 3324 991 3387; x_wconf 81' lang='lat' dir='ltr'><strong>sanguinem</strong></span> <span class='ocrx_word' id='word_1_222' title='bbox 1031 3324 1125 3374; x_wconf 84' lang='lat' dir='ltr'><strong>sibi</strong></span> <span class='ocrx_word' id='word_1_223' title='bbox 1165 3330 1459 3389; x_wconf 82' lang='lat' dir='ltr'><strong>cognatum,</strong></span> <span class='ocrx_word' id='word_1_224' title='bbox 1503 3332 1563 3376; x_wconf 86' lang='lat' dir='ltr'><strong>nt</strong></span> 
     </span>
     <span class='ocr_line' id='line_1_39' title="bbox 492 3399 1565 3468; baseline 0.005 -20"><span class='ocrx_word' id='word_1_225' title='bbox 492 3399 604 3462; x_wconf 84' lang='lat' dir='ltr'><strong>jam</strong></span> <span class='ocrx_word' id='word_1_226' title='bbox 630 3407 751 3451; x_wconf 84' lang='lat' dir='ltr'><strong>ante</strong></span> <span class='ocrx_word' id='word_1_227' title='bbox 773 3400 898 3464; x_wconf 82' lang='lat' dir='ltr'><strong>dixi,</strong></span> <span class='ocrx_word' id='word_1_228' title='bbox 915 3408 1022 3451; x_wconf 85' lang='lat' dir='ltr'><strong>tum</strong></span> <span class='ocrx_word' id='word_1_229' title='bbox 1039 3402 1105 3451; x_wconf 91' lang='lat' dir='ltr'><strong>ob</strong></span> <span class='ocrx_word' id='word_1_230' title='bbox 1126 3403 1430 3466; x_wconf 82' lang='lat' dir='ltr'><strong>sacrilegam</strong></span> <span class='ocrx_word' id='word_1_231' title='bbox 1449 3418 1565 3468; x_wconf 85' lang='lat' dir='ltr'><strong>per·</strong></span> 
     </span>
     <span class='ocr_line' id='line_1_40' title="bbox 501 3476 1564 3543; baseline 0.005 -19"><span class='ocrx_word' id='word_1_232' title='bbox 501 3490 767 3525; x_wconf 81' lang='lat' dir='ltr'><strong>cussorum</strong></span> <span class='ocrx_word' id='word_1_233' title='bbox 821 3476 1107 3540; x_wconf 83' lang='lat' dir='ltr'><strong>audaciam,</strong></span> <span class='ocrx_word' id='word_1_234' title='bbox 1151 3493 1267 3543; x_wconf 83' lang='lat' dir='ltr'><strong>quae</strong></span> <span class='ocrx_word' id='word_1_235' title='bbox 1311 3494 1564 3529; x_wconf 86' lang='lat' dir='ltr'><strong>summum</strong></span> 
     </span>
     <span class='ocr_line' id='line_1_41' title="bbox 492 3552 1565 3622; baseline 0.003 -18"><span class='ocrx_word' id='word_1_236' title='bbox 492 3552 834 3604; x_wconf 83' lang='lat' dir='ltr'><strong>&#39;Sacerdotem</strong></span> <span class='ocrx_word' id='word_1_237' title='bbox 889 3555 1158 3618; x_wconf 73' lang='lat' dir='ltr'><strong>violarunt,</strong></span> <span class='ocrx_word' id='word_1_238' title='bbox 1209 3556 1404 3622; x_wconf 81' lang='lat' dir='ltr'><strong>absque</strong></span> <span class='ocrx_word' id='word_1_239' title='bbox 1459 3558 1565 3607; x_wconf 79' lang='lat' dir='ltr'><strong>ulla</strong></span> 
     </span>
     <span class='ocr_line' id='line_1_42' title="bbox 499 3628 1562 3683; baseline 0.001 -5"><span class='ocrx_word' id='word_1_240' title='bbox 499 3628 784 3680; x_wconf 84' lang='lat' dir='ltr'><strong>Numiuum</strong></span> <span class='ocrx_word' id='word_1_241' title='bbox 831 3633 1142 3681; x_wconf 84' lang='lat' dir='ltr'><strong>reverentia.</strong></span> <span class='ocrx_word' id='word_1_242' title='bbox 1213 3632 1373 3683; x_wconf 80' lang='lat' dir='ltr'><strong>ovid.</strong></span> <span class='ocrx_word' id='word_1_243' title='bbox 1420 3634 1562 3683; x_wconf 79' lang='lat' dir='ltr'><strong>Fast.</strong></span> 
     </span>
     <span class='ocr_line' id='line_1_43' title="bbox 496 3706 1563 3772; baseline -0.001 -15"><span class='ocrx_word' id='word_1_244' title='bbox 496 3718 591 3757; x_wconf 83' lang='grc' dir='ltr'><strong>ιιι.</strong></span> <span class='ocrx_word' id='word_1_245' title='bbox 614 3709 726 3754; x_wconf 88' lang='grc'><strong>700.</strong></span> <span class='ocrx_word' id='word_1_246' title='bbox 767 3706 842 3755; x_wconf 89' lang='lat' dir='ltr'><strong>ita</strong></span> <span class='ocrx_word' id='word_1_247' title='bbox 877 3706 1042 3757; x_wconf 81' lang='lat' dir='ltr'><strong>Vesta</strong></span> <span class='ocrx_word' id='word_1_248' title='bbox 1076 3707 1334 3772; x_wconf 82' lang='lat' dir='ltr'><strong>loquitur:</strong></span> <span class='ocrx_word' id='word_1_249' title='bbox 1371 3714 1387 3737; x_wconf 86' lang='lat'>‘</span> <span class='ocrx_word' id='word_1_250' title='bbox 1411 3708 1563 3757; x_wconf 84' lang='lat' dir='ltr'><strong>Meus</strong></span> 
     </span>
     <span class='ocr_line' id='line_1_44' title="bbox 502 3781 1561 3848; baseline 0.004 -17"><span class='ocrx_word' id='word_1_251' title='bbox 502 3781 604 3832; x_wconf 77' lang='lat' dir='ltr'><strong>fuit</strong></span> <span class='ocrx_word' id='word_1_252' title='bbox 622 3782 709 3831; x_wconf 83' lang='lat' dir='ltr'><strong>illc</strong></span> <span class='ocrx_word' id='word_1_253' title='bbox 727 3783 1009 3833; x_wconf 81' lang='lat' dir='ltr'><strong>Sacerdos:</strong></span> <span class='ocrx_word' id='word_1_254' title='bbox 1044 3784 1329 3848; x_wconf 78' lang='lat' dir='ltr'><strong>Sacrilegae</strong></span> <span class='ocrx_word' id='word_1_255' title='bbox 1342 3784 1460 3834; x_wconf 84' lang='lat' dir='ltr'><strong>telis</strong></span> <span class='ocrx_word' id='word_1_256' title='bbox 1479 3800 1561 3835; x_wconf 87' lang='lat' dir='ltr'><strong>me</strong></span> 
     </span>
     <span class='ocr_line' id='line_1_45' title="bbox 502 3859 947 3924; baseline 0.004 -16"><span class='ocrx_word' id='word_1_257' title='bbox 502 3859 704 3924; x_wconf 85' lang='lat' dir='ltr'><strong>petiere</strong></span> <span class='ocrx_word' id='word_1_258' title='bbox 729 3860 947 3910; x_wconf 58' lang='lat' dir='ltr'><strong>manns?</strong></span> 
     </span>
    </p>

    <p class='ocr_par' dir='ltr' id='par_1_15' title="bbox 501 3935 1564 4217">
     <span class='ocr_line' id='line_1_46' title="bbox 565 3935 1561 4003; baseline 0.005 -19"><span class='ocrx_word' id='word_1_259' title='bbox 565 3940 629 3985; x_wconf 79' lang='lat'><strong>30</strong></span> <span class='ocrx_word' id='word_1_260' title='bbox 672 3936 844 3986; x_wconf 82' lang='lat' dir='ltr'><strong>Venias</strong></span> <span class='ocrx_word' id='word_1_261' title='bbox 871 3935 1142 4000; x_wconf 74' lang='lat' dir='ltr'><strong>precamur]</strong></span> <span class='ocrx_word' id='word_1_262' title='bbox 1176 3935 1396 3987; x_wconf 80' lang='lat' dir='ltr'><strong>Invocat</strong></span> <span class='ocrx_word' id='word_1_263' title='bbox 1430 3953 1561 4003; x_wconf 80' lang='lat' dir='ltr'><strong>prae·</strong></span> 
     </span>
     <span class='ocr_line' id='line_1_47' title="bbox 501 4012 1563 4079; baseline 0.002 -17"><span class='ocrx_word' id='word_1_264' title='bbox 501 4013 654 4076; x_wconf 80' lang='lat' dir='ltr'><strong>cipue</strong></span> <span class='ocrx_word' id='word_1_265' title='bbox 680 4012 1100 4076; x_wconf 81' lang='lat' dir='ltr'><strong>Apollinem,qui</strong></span> <span class='ocrx_word' id='word_1_266' title='bbox 1127 4019 1181 4061; x_wconf 90' lang='lat' dir='ltr'><strong>et</strong></span> <span class='ocrx_word' id='word_1_267' title='bbox 1203 4013 1440 4075; x_wconf 81' lang='lat' dir='ltr'><strong>Trojanis</strong></span> <span class='ocrx_word' id='word_1_268' title='bbox 1458 4017 1563 4079; x_wconf 88' lang='lat' dir='ltr'><strong>pri-</strong></span> 
     </span>
     <span class='ocr_line' id='line_1_48' title="bbox 501 4089 1564 4154; baseline 0.001 -15"><span class='ocrx_word' id='word_1_269' title='bbox 501 4091 706 4154; x_wconf 82' lang='lat' dir='ltr'><strong>dem,et</strong></span> <span class='ocrx_word' id='word_1_270' title='bbox 721 4096 840 4154; x_wconf 84' lang='lat' dir='ltr'><strong>post</strong></span> <span class='ocrx_word' id='word_1_271' title='bbox 857 4089 1100 4136; x_wconf 83' lang='lat' dir='ltr'><strong>Romanis</strong></span> <span class='ocrx_word' id='word_1_272' title='bbox 1109 4102 1314 4151; x_wconf 83' lang='lat' dir='ltr'><strong>semper</strong></span> <span class='ocrx_word' id='word_1_273' title='bbox 1327 4089 1564 4153; x_wconf 83' lang='lat' dir='ltr'><strong>impense</strong></span> 
     </span>
     <span class='ocr_line' id='line_1_49' title="bbox 502 4166 650 4217; baseline -0.007 -1"><span class='ocrx_word' id='word_1_274' title='bbox 502 4166 650 4217; x_wconf 80' lang='lat' dir='ltr'><strong>favit.</strong></span> 
     </span>
    </p>

    <p class='ocr_par' dir='ltr' id='par_1_16' title="bbox 569 4240 1566 4308">
     <span class='ocr_line' id='line_1_50' title="bbox 569 4240 1566 4308; baseline 0.001 -16"><span class='ocrx_word' id='word_1_275' title='bbox 569 4248 633 4292; x_wconf 80' lang='grc'><strong>31</strong></span> <span class='ocrx_word' id='word_1_276' title='bbox 671 4240 811 4290; x_wconf 83' lang='lat' dir='ltr'><strong>Nube</strong></span> <span class='ocrx_word' id='word_1_277' title='bbox 829 4242 1078 4290; x_wconf 77' lang='lat' dir='ltr'><strong>candentes</strong></span> <span class='ocrx_word' id='word_1_278' title='bbox 1099 4240 1316 4292; x_wconf 71' lang='lat' dir='ltr'><strong>humeros</strong></span> <span class='ocrx_word' id='word_1_279' title='bbox 1341 4241 1566 4308; x_wconf 55' lang='lat' dir='ltr'><strong>cunctus]</strong></span> 
     </span>
    </p>
   </div>
   <div class='ocr_carea' id='block_1_14' title="bbox 1633 1862 2711 3848">
    <p class='ocr_par' dir='ltr' id='par_1_17' title="bbox 1633 1862 2711 3848">
     <span class='ocr_line' id='line_1_51' title="bbox 1634 1862 2701 1930; baseline -0.01 -8"><span class='ocrx_word' id='word_1_280' title='bbox 1634 1870 1813 1923; x_wconf 79' lang='lat' dir='ltr'><strong>Missis</strong></span> <span class='ocrx_word' id='word_1_281' title='bbox 1882 1869 2098 1919; x_wconf 83' lang='lat' dir='ltr'><strong>aliorum</strong></span> <span class='ocrx_word' id='word_1_282' title='bbox 2157 1862 2701 1930; x_wconf 80' lang='lat' dir='ltr'><strong>interpretationibus.</strong></span> 
     </span>
     <span class='ocr_line' id='line_1_52' title="bbox 1633 1941 2698 2012; baseline -0.008 -14"><span class='ocrx_word' id='word_1_283' title='bbox 1633 1950 1770 1998; x_wconf 79' lang='lat' dir='ltr'><strong>bunc</strong></span> <span class='ocrx_word' id='word_1_284' title='bbox 1798 1948 1964 1996; x_wconf 86' lang='lat' dir='ltr'><strong>locum</strong></span> <span class='ocrx_word' id='word_1_285' title='bbox 1987 1946 2179 2012; x_wconf 81' lang='lat' dir='ltr'><strong>optime</strong></span> <span class='ocrx_word' id='word_1_286' title='bbox 2203 1943 2468 2007; x_wconf 77' lang='lat' dir='ltr'><strong>intelligas</strong></span> <span class='ocrx_word' id='word_1_287' title='bbox 2490 1956 2609 1991; x_wconf 87' lang='lat' dir='ltr'><strong>eum</strong></span> <span class='ocrx_word' id='word_1_288' title='bbox 2637 1941 2698 1989; x_wconf 79' lang='lat' dir='ltr'><strong>iis</strong></span> 
     </span>
     <span class='ocr_line' id='line_1_53' title="bbox 1636 2017 2694 2090; baseline -0.009 -15"><span class='ocrx_word' id='word_1_289' title='bbox 1636 2026 1722 2090; x_wconf 89' lang='lat' dir='ltr'><strong>qui</strong></span> <span class='ocrx_word' id='word_1_290' title='bbox 1763 2031 1951 2088; x_wconf 80' lang='lat' dir='ltr'><strong>putant</strong></span> <span class='ocrx_word' id='word_1_291' title='bbox 1977 2022 2211 2072; x_wconf 76' lang='lat' dir='ltr'><strong>allusisse</strong></span> <span class='ocrx_word' id='word_1_292' title='bbox 2235 2019 2515 2071; x_wconf 83' lang='lat' dir='ltr'><strong>Horatium</strong></span> <span class='ocrx_word' id='word_1_293' title='bbox 2541 2018 2606 2067; x_wconf 82' lang='lat' dir='ltr'><strong>ad</strong></span> <span class='ocrx_word' id='word_1_294' title='bbox 2640 2017 2694 2067; x_wconf 87' lang='lat' dir='ltr'><strong>id</strong></span> 
     </span>
     <span class='ocr_line' id='line_1_54' title="bbox 1637 2091 2701 2163; baseline -0.006 -14"><span class='ocrx_word' id='word_1_295' title='bbox 1637 2102 1771 2163; x_wconf 87' lang='lat' dir='ltr'><strong>quod</strong></span> <span class='ocrx_word' id='word_1_296' title='bbox 1794 2103 2203 2149; x_wconf 81' lang='lat' dir='ltr'><strong>commemorant</strong></span> <span class='ocrx_word' id='word_1_297' title='bbox 2227 2100 2362 2146; x_wconf 82' lang='lat' dir='ltr'><strong>anno</strong></span> <span class='ocrx_word' id='word_1_298' title='bbox 2385 2095 2582 2146; x_wconf 82' lang='lat' dir='ltr'><strong>caedem</strong></span> <span class='ocrx_word' id='word_1_299' title='bbox 2603 2091 2701 2146; x_wconf 79' lang='lat' dir='ltr'><strong>Ju-</strong></span> 
     </span>
     <span class='ocr_line' id='line_1_55' title="bbox 1635 2170 2697 2236; baseline -0.006 -11"><span class='ocrx_word' id='word_1_300' title='bbox 1635 2177 1692 2226; x_wconf 90' lang='lat' dir='ltr'><strong>lii</strong></span> <span class='ocrx_word' id='word_1_301' title='bbox 1717 2176 1935 2225; x_wconf 82' lang='lat' dir='ltr'><strong>Caesaris</strong></span> <span class='ocrx_word' id='word_1_302' title='bbox 1957 2180 2241 2225; x_wconf 86' lang='lat' dir='ltr'><strong>consecuto</strong></span> <span class='ocrx_word' id='word_1_303' title='bbox 2274 2173 2443 2223; x_wconf 88' lang='lat' dir='ltr'><strong>Solem</strong></span> <span class='ocrx_word' id='word_1_304' title='bbox 2478 2170 2697 2236; x_wconf 79' lang='lat' dir='ltr'><strong>caligine</strong></span> 
     </span>
     <span class='ocr_line' id='line_1_56' title="bbox 1637 2247 2700 2315; baseline -0.005 -14"><span class='ocrx_word' id='word_1_305' title='bbox 1637 2252 1933 2301; x_wconf 84' lang='lat' dir='ltr'><strong>obvelatum</strong></span> <span class='ocrx_word' id='word_1_306' title='bbox 1979 2265 2186 2315; x_wconf 78' lang='lat' dir='ltr'><strong>semper</strong></span> <span class='ocrx_word' id='word_1_307' title='bbox 2226 2248 2409 2311; x_wconf 82' lang='lat' dir='ltr'><strong>fuisse,</strong></span> <span class='ocrx_word' id='word_1_308' title='bbox 2451 2247 2602 2314; x_wconf 83' lang='lat' dir='ltr'><strong>quasi</strong></span> <span class='ocrx_word' id='word_1_309' title='bbox 2644 2247 2700 2297; x_wconf 89' lang='lat' dir='ltr'><strong>in</strong></span> 
     </span>
     <span class='ocr_line' id='line_1_57' title="bbox 1639 2323 2703 2388; baseline -0.004 -12"><span class='ocrx_word' id='word_1_310' title='bbox 1639 2326 1851 2388; x_wconf 72' lang='lat' dir='ltr'><strong>sceleris</strong></span> <span class='ocrx_word' id='word_1_311' title='bbox 1882 2323 2095 2377; x_wconf 77' lang='lat' dir='ltr'><strong>admissi</strong></span> <span class='ocrx_word' id='word_1_312' title='bbox 2120 2327 2524 2377; x_wconf 78' lang='lat' dir='ltr'><strong>execrationem.</strong></span> <span class='ocrx_word' id='word_1_313' title='bbox 2572 2324 2703 2374; x_wconf 77' lang='lat' dir='ltr'><strong>Plu·</strong></span> 
     </span>
     <span class='ocr_line' id='line_1_58' title="bbox 1641 2400 2699 2464; baseline -0.005 -9"><span class='ocrx_word' id='word_1_314' title='bbox 1641 2404 1809 2455; x_wconf 86' lang='lat' dir='ltr'><strong>tarcb.</strong></span> <span class='ocrx_word' id='word_1_315' title='bbox 1833 2404 1885 2453; x_wconf 91' lang='lat' dir='ltr'><strong>in</strong></span> <span class='ocrx_word' id='word_1_316' title='bbox 1905 2404 2132 2464; x_wconf 68' lang='lat' dir='ltr'><strong>cesare,</strong></span> <span class='ocrx_word' id='word_1_317' title='bbox 2154 2402 2266 2453; x_wconf 82' lang='lat' dir='ltr'><strong>Dio</strong></span> <span class='ocrx_word' id='word_1_318' title='bbox 2284 2400 2375 2451; x_wconf 86' lang='lat' dir='ltr'><strong>lib.</strong></span> <span class='ocrx_word' id='word_1_319' title='bbox 2398 2414 2528 2452; x_wconf 69' lang='lat' dir='ltr'><strong>xm.</strong></span> <span class='ocrx_word' id='word_1_320' title='bbox 2560 2400 2699 2450; x_wconf 84' lang='lat' dir='ltr'><strong>Pliu.</strong></span> 
     </span>
     <span class='ocr_line' id='line_1_59' title="bbox 1641 2478 2702 2545; baseline -0.004 -14"><span class='ocrx_word' id='word_1_321' title='bbox 1641 2494 1706 2531; x_wconf 91' lang='grc' dir='ltr'><strong>ιι.</strong></span> <span class='ocrx_word' id='word_1_322' title='bbox 1729 2483 1813 2532; x_wconf 77' lang='grc'><strong>30.</strong></span> <span class='ocrx_word' id='word_1_323' title='bbox 1852 2478 2264 2545; x_wconf 64' lang='grc' dir='ltr'><strong>“Ῥιοτὶίςίοειιε,’</strong></span> <span class='ocrx_word' id='word_1_324' title='bbox 2299 2478 2490 2545; x_wconf 89' lang='lat' dir='ltr'><strong>iuquit,</strong></span> <span class='ocrx_word' id='word_1_325' title='bbox 2525 2478 2702 2528; x_wconf 80' lang='lat' dir='ltr'><strong>‘Solis</strong></span> 
     </span>
     <span class='ocr_line' id='line_1_60' title="bbox 1642 2554 2704 2621; baseline -0.003 -15"><span class='ocrx_word' id='word_1_326' title='bbox 1642 2556 1901 2621; x_wconf 82' lang='lat' dir='ltr'><strong>defectus,</strong></span> <span class='ocrx_word' id='word_1_327' title='bbox 1945 2557 2118 2609; x_wconf 85' lang='lat' dir='ltr'><strong>occiso</strong></span> <span class='ocrx_word' id='word_1_328' title='bbox 2156 2557 2440 2607; x_wconf 85' lang='lat' dir='ltr'><strong>Dictatore</strong></span> <span class='ocrx_word' id='word_1_329' title='bbox 2478 2554 2704 2618; x_wconf 76' lang='lat' dir='ltr'><strong>Caesare,</strong></span> 
     </span>
     <span class='ocr_line' id='line_1_61' title="bbox 1643 2630 2702 2700; baseline -0.003 -14"><span class='ocrx_word' id='word_1_330' title='bbox 1643 2638 1807 2686; x_wconf 87' lang='lat' dir='ltr'><strong>totius</strong></span> <span class='ocrx_word' id='word_1_331' title='bbox 1848 2649 1999 2700; x_wconf 78' lang='lat' dir='ltr'><strong>paene</strong></span> <span class='ocrx_word' id='word_1_332' title='bbox 2031 2635 2154 2684; x_wconf 87' lang='lat' dir='ltr'><strong>anni</strong></span> <span class='ocrx_word' id='word_1_333' title='bbox 2187 2634 2383 2698; x_wconf 85' lang='lat' dir='ltr'><strong>pallore</strong></span> <span class='ocrx_word' id='word_1_334' title='bbox 2419 2630 2702 2683; x_wconf 88' lang='lat' dir='ltr'><strong>continuo.&#39;</strong></span> 
     </span>
     <span class='ocr_line' id='line_1_62' title="bbox 1637 2708 2700 2775; baseline -0.003 -16"><span class='ocrx_word' id='word_1_335' title='bbox 1637 2711 1832 2775; x_wconf 73' lang='lat' dir='ltr'><strong>virgil.</strong></span> <span class='ocrx_word' id='word_1_336' title='bbox 1874 2709 2068 2773; x_wconf 80' lang='lat' dir='ltr'><strong>Georg.</strong></span> <span class='ocrx_word' id='word_1_337' title='bbox 2114 2723 2156 2758; x_wconf 86' lang='grc' dir='ltr'><strong>ι.</strong></span> <span class='ocrx_word' id='word_1_338' title='bbox 2198 2713 2315 2759; x_wconf 80' lang='grc'><strong>466.</strong></span> <span class='ocrx_word' id='word_1_339' title='bbox 2369 2709 2499 2759; x_wconf 84' lang='lat' dir='ltr'><strong>‘Sol</strong></span> <span class='ocrx_word' id='word_1_340' title='bbox 2542 2708 2700 2757; x_wconf 83' lang='lat' dir='ltr'><strong>etiam</strong></span> 
     </span>
     <span class='ocr_line' id='line_1_63' title="bbox 1641 2785 2705 2848; baseline -0.003 -11"><span class='ocrx_word' id='word_1_341' title='bbox 1641 2787 1877 2837; x_wconf 80' lang='lat' dir='ltr'><strong>extincto</strong></span> <span class='ocrx_word' id='word_1_342' title='bbox 1907 2785 2185 2836; x_wconf 84' lang='lat' dir='ltr'><strong>miseratus</strong></span> <span class='ocrx_word' id='word_1_343' title='bbox 2222 2787 2433 2837; x_wconf 76' lang='lat' dir='ltr'><strong>Caesare</strong></span> <span class='ocrx_word' id='word_1_344' title='bbox 2466 2785 2705 2848; x_wconf 87' lang='lat' dir='ltr'><strong>Romam,</strong></span> 
     </span>
     <span class='ocr_line' id='line_1_64' title="bbox 1639 2861 2703 2929; baseline -0.001 -15"><span class='ocrx_word' id='word_1_345' title='bbox 1639 2864 1772 2914; x_wconf 86' lang='lat' dir='ltr'><strong>Cum</strong></span> <span class='ocrx_word' id='word_1_346' title='bbox 1792 2870 1953 2929; x_wconf 83' lang='lat' dir='ltr'><strong>capnt</strong></span> <span class='ocrx_word' id='word_1_347' title='bbox 1965 2862 2188 2913; x_wconf 75' lang='lat' dir='ltr'><strong>obscura</strong></span> <span class='ocrx_word' id='word_1_348' title='bbox 2201 2863 2424 2914; x_wconf 83' lang='lat' dir='ltr'><strong>nitidum</strong></span> <span class='ocrx_word' id='word_1_349' title='bbox 2434 2861 2703 2927; x_wconf 77' lang='lat' dir='ltr'><strong>ferrugine</strong></span> 
     </span>
     <span class='ocr_line' id='line_1_65' title="bbox 1642 2940 2706 3006; baseline 0 -15"><span class='ocrx_word' id='word_1_350' title='bbox 1642 2941 1775 2991; x_wconf 83' lang='lat' dir='ltr'><strong>texit</strong></span> <span class='ocrx_word' id='word_1_351' title='bbox 1796 2957 1812 3002; x_wconf 69' lang='grc' dir='ltr'><strong>ς</strong></span> <span class='ocrx_word' id='word_1_352' title='bbox 1845 2940 2119 3006; x_wconf 75' lang='lat' dir='ltr'><strong>Impiaque</strong></span> <span class='ocrx_word' id='word_1_353' title='bbox 2142 2949 2395 2992; x_wconf 85' lang='lat' dir='ltr'><strong>aeternam</strong></span> <span class='ocrx_word' id='word_1_354' title='bbox 2418 2941 2706 2993; x_wconf 87' lang='lat' dir='ltr'><strong>timuerunt</strong></span> 
     </span>
     <span class='ocr_line' id='line_1_66' title="bbox 1643 3018 2101 3067; baseline 0.002 -1"><span class='ocrx_word' id='word_1_355' title='bbox 1643 3018 1835 3067; x_wconf 79' lang='lat' dir='ltr'><strong>saecnla</strong></span> <span class='ocrx_word' id='word_1_356' title='bbox 1857 3022 2101 3067; x_wconf 64' lang='lat' dir='ltr'><strong>noctem!</strong></span> 
     </span>
     <span class='ocr_line' id='line_1_67' title="bbox 1642 3091 2706 3159; baseline 0.001 -16"><span class='ocrx_word' id='word_1_357' title='bbox 1642 3114 1648 3119; x_wconf 92' lang='lat'><strong>·</strong></span> <span class='ocrx_word' id='word_1_358' title='bbox 1706 3098 1772 3144; x_wconf 73' lang='grc'><strong>82</strong></span> <span class='ocrx_word' id='word_1_359' title='bbox 1803 3093 1978 3155; x_wconf 60' lang='lat' dir='ltr'><strong>Augur</strong></span> <span class='ocrx_word' id='word_1_360' title='bbox 1996 3091 2194 3158; x_wconf 79' lang='lat' dir='ltr'><strong>Apollo]</strong></span> <span class='ocrx_word' id='word_1_361' title='bbox 2233 3094 2443 3159; x_wconf 82' lang='lat' dir='ltr'><strong>Quippe</strong></span> <span class='ocrx_word' id='word_1_362' title='bbox 2464 3094 2706 3159; x_wconf 28' lang='lat' dir='ltr'><strong>qui-divi-</strong></span> 
     </span>
     <span class='ocr_line' id='line_1_68' title="bbox 1643 3169 2696 3233; baseline 0.002 -14"><span class='ocrx_word' id='word_1_363' title='bbox 1643 3169 1942 3219; x_wconf 80' lang='lat' dir='ltr'><strong>nationibus</strong></span> <span class='ocrx_word' id='word_1_364' title='bbox 1964 3182 2190 3233; x_wconf 84' lang='lat' dir='ltr'><strong>praeesse</strong></span> <span class='ocrx_word' id='word_1_365' title='bbox 2212 3169 2542 3221; x_wconf 84' lang='lat' dir='ltr'><strong>credebatur.</strong></span> <span class='ocrx_word' id='word_1_366' title='bbox 2692 3183 2696 3190; x_wconf 86' lang='lat'><em>·</em></span> 
     </span>
     <span class='ocr_line' id='line_1_69' title="bbox 1708 3245 2705 3314; baseline 0.002 -18"><span class='ocrx_word' id='word_1_367' title='bbox 1708 3251 1771 3297; x_wconf 75' lang='lat'><strong>33</strong></span> <span class='ocrx_word' id='word_1_368' title='bbox 1808 3245 2047 3312; x_wconf 75' lang='lat' dir='ltr'><strong>Erycina]</strong></span> <span class='ocrx_word' id='word_1_369' title='bbox 2081 3247 2215 3297; x_wconf 86' lang='lat' dir='ltr'><strong>Post</strong></span> <span class='ocrx_word' id='word_1_370' title='bbox 2249 3247 2565 3314; x_wconf 86' lang='lat' dir='ltr'><strong>Apollinem,</strong></span> <span class='ocrx_word' id='word_1_371' title='bbox 2598 3249 2705 3298; x_wconf 86' lang='lat' dir='ltr'><strong>Ve-</strong></span> 
     </span>
     <span class='ocr_line' id='line_1_70' title="bbox 1644 3323 2706 3389; baseline 0.002 -16"><span class='ocrx_word' id='word_1_372' title='bbox 1644 3324 1784 3373; x_wconf 82' lang='lat' dir='ltr'><strong>neris</strong></span> <span class='ocrx_word' id='word_1_373' title='bbox 1830 3337 1983 3388; x_wconf 88' lang='lat' dir='ltr'><strong>opem</strong></span> <span class='ocrx_word' id='word_1_374' title='bbox 2025 3323 2271 3388; x_wconf 83' lang='lat' dir='ltr'><strong>implorat</strong></span> <span class='ocrx_word' id='word_1_375' title='bbox 2290 3338 2306 3371; x_wconf 73' lang='grc' dir='ltr'><strong><em>ε</em></strong></span> <span class='ocrx_word' id='word_1_376' title='bbox 2366 3339 2484 3389; x_wconf 83' lang='lat' dir='ltr'><strong>quae</strong></span> <span class='ocrx_word' id='word_1_377' title='bbox 2535 3334 2706 3375; x_wconf 87' lang='lat' dir='ltr'><strong>mater</strong></span> 
     </span>
     <span class='ocr_line' id='line_1_71' title="bbox 1643 3398 2705 3466; baseline -0.001 -16"><span class='ocrx_word' id='word_1_378' title='bbox 1643 3400 1842 3466; x_wconf 76' lang='lat' dir='ltr'><strong>AEueae,</strong></span> <span class='ocrx_word' id='word_1_379' title='bbox 1875 3414 1906 3449; x_wconf 86' lang='lat' dir='ltr'><strong>a</strong></span> <span class='ocrx_word' id='word_1_380' title='bbox 1936 3401 2084 3466; x_wconf 81' lang='lat' dir='ltr'><strong>cujus</strong></span> <span class='ocrx_word' id='word_1_381' title='bbox 2118 3398 2229 3449; x_wconf 85' lang='lat' dir='ltr'><strong>filio</strong></span> <span class='ocrx_word' id='word_1_382' title='bbox 2262 3400 2381 3449; x_wconf 88' lang='lat' dir='ltr'><strong>Iulo</strong></span> <span class='ocrx_word' id='word_1_383' title='bbox 2414 3401 2593 3452; x_wconf 71' lang='lat' dir='ltr'><strong>Caesar</strong></span> <span class='ocrx_word' id='word_1_384' title='bbox 2613 3401 2705 3452; x_wconf 84' lang='lat' dir='ltr'><strong>Ju-</strong></span> 
     </span>
     <span class='ocr_line' id='line_1_72' title="bbox 1644 3476 2707 3542; baseline -0.001 -16"><span class='ocrx_word' id='word_1_385' title='bbox 1644 3477 1760 3527; x_wconf 77' lang='lat' dir='ltr'><strong>lius.</strong></span> <span class='ocrx_word' id='word_1_386' title='bbox 1827 3477 2005 3526; x_wconf 79' lang='lat' dir='ltr'><strong>Venus</strong></span> <span class='ocrx_word' id='word_1_387' title='bbox 2041 3490 2199 3541; x_wconf 87' lang='lat' dir='ltr'><strong>porro</strong></span> <span class='ocrx_word' id='word_1_388' title='bbox 2231 3476 2285 3526; x_wconf 87' lang='lat' dir='ltr'><strong>in</strong></span> <span class='ocrx_word' id='word_1_389' title='bbox 2324 3478 2495 3542; x_wconf 81' lang='lat' dir='ltr'><strong>Eryce</strong></span> <span class='ocrx_word' id='word_1_390' title='bbox 2515 3476 2707 3527; x_wconf 66' lang='lat' dir='ltr'><strong>Siciliae</strong></span> 
     </span>
     <span class='ocr_line' id='line_1_73' title="bbox 1644 3551 2710 3618; baseline 0.001 -16"><span class='ocrx_word' id='word_1_391' title='bbox 1644 3560 1822 3603; x_wconf 88' lang='lat' dir='ltr'><strong>monte</strong></span> <span class='ocrx_word' id='word_1_392' title='bbox 1846 3551 2025 3603; x_wconf 80' lang='lat' dir='ltr'><strong>fanum</strong></span> <span class='ocrx_word' id='word_1_393' title='bbox 2051 3552 2304 3618; x_wconf 78' lang='lat' dir='ltr'><strong>habebat,</strong></span> <span class='ocrx_word' id='word_1_394' title='bbox 2323 3553 2461 3603; x_wconf 83' lang='lat' dir='ltr'><strong>unde</strong></span> <span class='ocrx_word' id='word_1_395' title='bbox 2483 3553 2710 3618; x_wconf 78' lang='lat' dir='ltr'><strong>Erycina</strong></span> 
     </span>
     <span class='ocr_line' id='line_1_74' title="bbox 1644 3630 2704 3694; baseline 0 -15"><span class='ocrx_word' id='word_1_396' title='bbox 1644 3631 1803 3681; x_wconf 85' lang='lat' dir='ltr'><strong>dicta.</strong></span> <span class='ocrx_word' id='word_1_397' title='bbox 1871 3630 2088 3679; x_wconf 85' lang='lat' dir='ltr'><strong>Romam</strong></span> <span class='ocrx_word' id='word_1_398' title='bbox 2137 3636 2324 3694; x_wconf 81' lang='lat' dir='ltr'><strong>postea</strong></span> <span class='ocrx_word' id='word_1_399' title='bbox 2369 3630 2619 3680; x_wconf 77' lang='lat' dir='ltr'><strong>translata</strong></span> <span class='ocrx_word' id='word_1_400' title='bbox 2653 3630 2704 3679; x_wconf 90' lang='lat' dir='ltr'><strong>in</strong></span> 
     </span>
     <span class='ocr_line' id='line_1_75' title="bbox 1643 3706 2707 3772; baseline 0.001 -15"><span class='ocrx_word' id='word_1_401' title='bbox 1643 3708 1813 3757; x_wconf 75' lang='lat' dir='ltr'><strong>aedem</strong></span> <span class='ocrx_word' id='word_1_402' title='bbox 1846 3707 1946 3771; x_wconf 78' lang='lat' dir='ltr'><strong>ipsi</strong></span> <span class='ocrx_word' id='word_1_403' title='bbox 1973 3706 2070 3756; x_wconf 85' lang='lat' dir='ltr'><strong>sub</strong></span> <span class='ocrx_word' id='word_1_404' title='bbox 2091 3706 2188 3757; x_wconf 84' lang='lat' dir='ltr'><strong>bac</strong></span> <span class='ocrx_word' id='word_1_405' title='bbox 2212 3706 2567 3772; x_wconf 80' lang='lat' dir='ltr'><strong>appellatione</strong></span> <span class='ocrx_word' id='word_1_406' title='bbox 2588 3721 2707 3758; x_wconf 82' lang='lat' dir='ltr'><strong>cou-</strong></span> 
     </span>
     <span class='ocr_line' id='line_1_76' title="bbox 1642 3783 2711 3848; baseline 0.001 -14"><span class='ocrx_word' id='word_1_407' title='bbox 1642 3794 1898 3836; x_wconf 78' lang='lat' dir='ltr'><strong>secratam</strong></span> <span class='ocrx_word' id='word_1_408' title='bbox 1914 3790 2065 3834; x_wconf 84' lang='lat' dir='ltr'><strong>extra</strong></span> <span class='ocrx_word' id='word_1_409' title='bbox 2081 3790 2286 3848; x_wconf 86' lang='lat' dir='ltr'><strong>portam</strong></span> <span class='ocrx_word' id='word_1_410' title='bbox 2301 3783 2572 3835; x_wconf 79' lang='lat' dir='ltr'><strong>Collinam.</strong></span> <span class='ocrx_word' id='word_1_411' title='bbox 2595 3786 2711 3836; x_wconf 82' lang='lat' dir='ltr'><strong>Nec</strong></span> 
     </span>
    </p>
   </div>
   <div class='ocr_carea' id='block_1_15' title="bbox 1543 3860 2708 3927">
    <p class='ocr_par' dir='ltr' id='par_1_18' title="bbox 1543 3860 2708 3927">
     <span class='ocr_line' id='line_1_77' title="bbox 1543 3860 2708 3927; baseline 0 -15"><span class='ocrx_word' id='word_1_412' title='bbox 1543 3881 1548 3886; x_wconf 71' lang='grc'><strong><em>’</em></strong></span> <span class='ocrx_word' id='word_1_413' title='bbox 1644 3863 1986 3913; x_wconf 82' lang='lat' dir='ltr'><strong>omittendum</strong></span> <span class='ocrx_word' id='word_1_414' title='bbox 2009 3860 2148 3927; x_wconf 82' lang='lat' dir='ltr'><strong>quod</strong></span> <span class='ocrx_word' id='word_1_415' title='bbox 2164 3861 2344 3912; x_wconf 82' lang='lat' dir='ltr'><strong>Venus</strong></span> <span class='ocrx_word' id='word_1_416' title='bbox 2361 3863 2585 3913; x_wconf 81' lang='lat' dir='ltr'><strong>Caesaris</strong></span> <span class='ocrx_word' id='word_1_417' title='bbox 2599 3862 2708 3912; x_wconf 61' lang='lat' dir='ltr'><strong>die·</strong></span> 
     </span>
    </p>
   </div>
   <div class='ocr_carea' id='block_1_16' title="bbox 1644 3936 2708 4310">
    <p class='ocr_par' dir='ltr' id='par_1_19' title="bbox 1644 3936 2708 4310">
     <span class='ocr_line' id='line_1_78' title="bbox 1644 3936 2706 4004; baseline -0.003 -14"><span class='ocrx_word' id='word_1_418' title='bbox 1644 3945 1699 3990; x_wconf 83' lang='lat' dir='ltr'><strong>ta</strong></span> <span class='ocrx_word' id='word_1_419' title='bbox 1722 3940 1794 3989; x_wconf 81' lang='lat' dir='ltr'><strong>sit</strong></span> <span class='ocrx_word' id='word_1_420' title='bbox 1814 3939 2063 4004; x_wconf 78' lang='lat' dir='ltr'><strong>genitrix,</strong></span> <span class='ocrx_word' id='word_1_421' title='bbox 2086 3945 2146 3988; x_wconf 83' lang='lat' dir='ltr'><strong>et</strong></span> <span class='ocrx_word' id='word_1_422' title='bbox 2165 3939 2234 3988; x_wconf 86' lang='lat' dir='ltr'><strong>ab</strong></span> <span class='ocrx_word' id='word_1_423' title='bbox 2256 3952 2319 3988; x_wconf 88' lang='lat' dir='ltr'><strong>eo</strong></span> <span class='ocrx_word' id='word_1_424' title='bbox 2338 3936 2519 3988; x_wconf 76' lang='lat' dir='ltr'><strong>dicata</strong></span> <span class='ocrx_word' id='word_1_425' title='bbox 2549 3939 2706 3989; x_wconf 76' lang='lat' dir='ltr'><strong>etism</strong></span> 
     </span>
     <span class='ocr_line' id='line_1_79' title="bbox 1644 4014 2703 4078; baseline -0.003 -12"><span class='ocrx_word' id='word_1_426' title='bbox 1644 4015 1759 4066; x_wconf 73' lang='lat' dir='ltr'><strong>oede</strong></span> <span class='ocrx_word' id='word_1_427' title='bbox 1782 4015 2028 4078; x_wconf 75' lang='lat' dir='ltr'><strong>singulari</strong></span> <span class='ocrx_word' id='word_1_428' title='bbox 2048 4015 2191 4064; x_wconf 85' lang='lat' dir='ltr'><strong>cultu</strong></span> <span class='ocrx_word' id='word_1_429' title='bbox 2214 4014 2495 4076; x_wconf 80' lang='lat' dir='ltr'><strong>bonorata;</strong></span> <span class='ocrx_word' id='word_1_430' title='bbox 2520 4014 2570 4063; x_wconf 90' lang='lat' dir='ltr'><strong>in</strong></span> <span class='ocrx_word' id='word_1_431' title='bbox 2594 4028 2703 4063; x_wconf 80' lang='lat' dir='ltr'><strong>cas·</strong></span> 
     </span>
     <span class='ocr_line' id='line_1_80' title="bbox 1648 4088 2708 4156; baseline -0.003 -15"><span class='ocrx_word' id='word_1_432' title='bbox 1648 4092 1745 4142; x_wconf 84' lang='lat' dir='ltr'><strong>tris</strong></span> <span class='ocrx_word' id='word_1_433' title='bbox 1765 4091 1992 4156; x_wconf 85' lang='lat' dir='ltr'><strong>denique</strong></span> <span class='ocrx_word' id='word_1_434' title='bbox 2009 4091 2118 4155; x_wconf 79' lang='lat' dir='ltr'><strong>ejus</strong></span> <span class='ocrx_word' id='word_1_435' title='bbox 2139 4095 2342 4140; x_wconf 73' lang='lat' dir='ltr'><strong>tessera</strong></span> <span class='ocrx_word' id='word_1_436' title='bbox 2359 4088 2462 4139; x_wconf 82' lang='lat' dir='ltr'><strong>fuit</strong></span> <span class='ocrx_word' id='word_1_437' title='bbox 2485 4090 2708 4154; x_wconf 76' lang='lat' dir='ltr'><strong>genitrix</strong></span> 
     </span>
     <span class='ocr_line' id='line_1_81' title="bbox 1646 4165 2705 4231; baseline 0 -16"><span class='ocrx_word' id='word_1_438' title='bbox 1646 4168 1857 4229; x_wconf 57' lang='lat' dir='ltr'><strong>venun</strong></span> <span class='ocrx_word' id='word_1_439' title='bbox 1881 4167 2018 4217; x_wconf 77' lang='lat' dir='ltr'><strong>sicut</strong></span> <span class='ocrx_word' id='word_1_440' title='bbox 2040 4167 2098 4215; x_wconf 70' lang='lat' dir='ltr'><strong>iu</strong></span> <span class='ocrx_word' id='word_1_441' title='bbox 2113 4166 2282 4231; x_wconf 70' lang='lat' dir='ltr'><strong>Syllae&#39;</strong></span> <span class='ocrx_word' id='word_1_442' title='bbox 2297 4165 2505 4230; x_wconf 79' lang='lat' dir='ltr'><strong>Apollo,</strong></span> <span class='ocrx_word' id='word_1_443' title='bbox 2525 4166 2576 4216; x_wconf 92' lang='lat' dir='ltr'><strong>in</strong></span> <span class='ocrx_word' id='word_1_444' title='bbox 2600 4165 2705 4215; x_wconf 87' lang='lat' dir='ltr'><strong>An-</strong></span> 
     </span>
     <span class='ocr_line' id='line_1_82' title="bbox 1648 4243 2707 4310; baseline -0.002 -15"><span class='ocrx_word' id='word_1_445' title='bbox 1648 4244 1777 4295; x_wconf 88' lang='lat' dir='ltr'><strong>tonii</strong></span> <span class='ocrx_word' id='word_1_446' title='bbox 1811 4245 1915 4295; x_wconf 80' lang='lat' dir='ltr'><strong>Lar</strong></span> <span class='ocrx_word' id='word_1_447' title='bbox 1947 4244 2115 4308; x_wconf 83' lang='lat' dir='ltr'><strong>Deus,</strong></span> <span class='ocrx_word' id='word_1_448' title='bbox 2148 4243 2202 4294; x_wconf 86' lang='lat' dir='ltr'><strong>iu</strong></span> <span class='ocrx_word' id='word_1_449' title='bbox 2244 4243 2487 4310; x_wconf 79' lang='lat' dir='ltr'><strong>Pompeii</strong></span> <span class='ocrx_word' id='word_1_450' title='bbox 2523 4244 2707 4296; x_wconf 81' lang='lat' dir='ltr'><strong>Junio-</strong></span> 
     </span>
    </p>
   </div>
   <div class='ocr_carea' id='block_1_17' title="bbox 3010 1052 3038 4658">
    <p class='ocr_par' dir='ltr' id='par_1_20' title="bbox 3010 1052 3038 4658">
     <span class='ocr_line' id='line_1_83' title="bbox 3010 1052 3038 4658; baseline 0 0"><span class='ocrx_word' id='word_1_451' title='bbox 3010 1052 3038 4658; x_wconf 95' lang='lat' dir='ltr'><strong> </strong></span> 
     </span>
    </p>
   </div>
  </div>
 </body>
</html>
