3059 4909
2379 384 2507 451 183

2422 544 2509 607 10

996 399 1404 452 oARMmUM
1456 402 1600 449 mn.
1646 401 1695 450 1.
1736 385 1846 452 26.

579 542 868 608 Prosunt
895 543 1222 611 honores:
1266 546 1439 610 hunc
1467 545 1714 611 fidibus
1745 547 1962 623 noviS,

665 644 871 709 Hunc
902 644 1150 711 Lesbio
1184 665 1453 711 sacrare
1478 638 1737 729 plectro

747 745 982 830 Teque
1014 754 1302 831 tuasque
1333 746 1526 812 decet
1552 766 1831 840 sorores.
1931 799 1936 805 .

323 942 389 991 kil
410 943 586 1020 juvant
618 960 732 994 mea
755 946 933 995 laudes.
1017 948 1170 995 Novis
1199 946 1331 995 illum
1360 947 1629 1010 cantilenis,
1658 946 1789 996 illum
1815 946 2001 995 cithara
2027 926 2198 993 Lesbia
2223 955 2402 1006 oeqmm
2424 943 2496 988 est

321 1022 578 1058 consecrnrt
600 1025 705 1058 cam
724 1025 753 1059 a
775 1015 842 1074 te,
865 1025 970 1060 cum
989 1027 1021 1060 a
1041 1012 1139 1060 tuis
1160 1010 1410 1061 sororibus.

1240 1169 1601 1190 OOOOON‘OOOO

321 1283 530 1347 legitur,
548 1294 608 1335 et
630 1286 816 1335 babent
835 1288 1139 1337 alterutrum
1159 1304 1352 1349 cumea,
1375 1289 1462 1353 qui
1481 1294 1666 1336 extant
1682 1287 1834 1336 codd.
1856 1293 1908 1333 et
1933 1282 2050 1333 edd.
2075 1281 2166 1331 sed
2190 1279 2321 1330 baud
2346 1278 2506 1327 dubie

320 1350 654 1427 corruptum(
682 1352 818 1427 Juni.
883 1352 1032 1403 Gott.
1053 1354 1209 1404 babet
1235 1354 1418 1419 Piplea,
1443 1353 1537 1402 sed
1561 1353 1755 1402 ultimae
1778 1352 1945 1400 literae
1969 1346 2350 1412 superpositum
2373 1345 2507 1391 anti-

321 1428 423 1477 qua
446 1429 601 1464 manu
624 1431 660 1464 ι.
726 1416 897 1479 Piplea
922 1416 1070 1466 Harl.
1097 1422 1143 1467 1.
1164 1423 1212 1467 2.
1232 1425 1280 1467 5.
1303 1423 1351 1468 6.
1370 1428 1425 1467 et
1450 1418 1578 1466 Vet.
1598 1415 1779 1467 Comb.
1846 1415 2017 1465 Piblea
2050 1411 2200 1461 Harl.
2224 1413 2274 1459 3.
2339 1407 2510 1457 Biblea

322 1477 475 1555 Harl.
518 1483 566 1528 4.
640 1480 841 1544 Pimplea·
883 1481 1162 1531 ediderunt
1205 1484 1382 1531 Bentl.
1429 1483 1653 1544 Cuning.
1693 1479 1877 1529 Sanad.
1911 1478 2091 1529 Jones.
2123 1475 2267 1534 Jani,
2297 1473 2519 1536 Bipont.

322 1542 542 1619 Μηρώ.
567 1544 784 1594 Wetzei.
808 1545 1011 1595 Wakef.
1035 1555 1090 1598 et
1108 1546 1268 1596 Kidd.
1334 1548 1452 1599 Jam
1490 1547 1614 1597 Nic.
1654 1545 1837 1595 Heius,
1872 1544 1936 1592 ad
1979 1541 2137 1593 ovid.
2174 1540 2308 1589 Met.
2334 1552 2371 1586 1.
2394 1541 2515 1586 504.

322 1609 529 1684 φημὶ).
553 1610 589 1658 l.
614 1611 961 1685 reponendum
987 1611 1220 1675 Pimploei.
1285 1612 1506 1674 Cuning.
1530 1608 1662 1673 conj.
1696 1615 1745 1658 te
1780 1609 1882 1657 sine
1914 1609 2013 1666 vul,-
2061 1606 2241 1657 Jones.
2274 1602 2408 1665 conj.
2444 1601 2518 1648 nil

327 1687 432 1721 stne
469 1678 519 1722 te
556 1688 673 1723 mets
719 1676 1070 1725 Prosunt.-10
1107 1677 1303 1726 Possint
1349 1691 1441 1739 pro
1483 1690 1589 1725 var.
1635 1675 1757 1723 leet.
1802 1674 1981 1724 Jones.
2047 1672 2258 1720 Prosunt
2301 1663 2518 1715 Mediol.

324 1737 538 1787 Venett.
556 1738 680 1789 Aid.
704 1740 892 1802 Delpb.
915 1741 985 1791 al.
1049 1742 1258 1791 Possunt
1285 1740 1467 1790 Heius.
1483 1739 1665 1803 Steph.
1682 1737 1889 1802 quidam
1914 1735 2063 1787 codd.
2089 1732 2269 1784 Lamb.
2294 1731 2376 1779 eui
2402 1743 2518 1792 per-

324 1802 523 1879 piaqet,
546 1818 675 1878 unus
692 1804 892 1854 Bersm.
912 1812 1018 1855 tres
1042 1806 1287 1864 Bentleii,
1313 1805 1524 1854 Venett.
1544 1820 1624 1866 ap.
1643 1803 1801 1853 Gesn.
1822 1803 2065 1864 Rutgers.
2086 1798 2305 1859 Cuning.
2328 1793 2519 1845 Sanad.

325 1866 467 1928 Jant,
498 1868 709 1917 Mntseb.
740 1870 950 1933 Bipont.
986 1871 1205 1920 wetzel.
1227 1869 1430 1921 Wakef.
1469 1878 1524 1919 et
1562 1868 1722 1918 Kidd.
1758 1866 1837 1917 Cf.
1871 1867 2024 1929 Virg.
2047 1864 2159 1913 Ecl.
2184 1874 2269 1911 ιιι.
2290 1864 2372 1909 28.
2398 1859 2510 1908 AEu.

328 1942 407 1983 lx.
429 1934 545 1983 446.
583 1934 807 1983 Crescunt
830 1935 996 1984 codex
1022 1933 1344 1985 Graevianus.

1323 2095 1539 2144 NOTAE
1564 2146 1570 2152 ,

1473 2213 1678 2261 solitum
1724 2206 1997 2271 magnifico
2042 2216 2231 2266 genere
2288 2197 2526 2248 carminis

395 2214 426 2257 8
457 2208 667 2274 Lamioe]
734 2211 790 2259 Is
836 2225 970 2261 anno
1016 2219 1136 2275 post
1179 2213 1390 2262 Horatii
1961 2270 1973 2281 ς

1472 2289 1550 2336 vir
1583 2295 1757 2335 tantus
1793 2281 2186 2334 *immortalitate
2225 2268 2525 2328 consecrari-

333 2292 551 2335 mortem
571 2296 754 2336 octavo
777 2282 965 2337 Consul
990 2286 1152 2338 fuisse
1175 2303 1292 2337 cum
1314 2288 1391 2337 M.

335 2360 549 2410 Servilio
590 2361 798 2425 dicitur,
839 2379 954 2412 ann.
993 2364 1060 2412 ab
1102 2364 1172 2413 U.
1195 2367 1257 2416 C.
1279 2368 1391 2413 755.

337 2436 490 2485 Corn.
512 2438 686 2489 Tacit.
710 2439 898 2489 Annai.
925 2454 1003 2489 vn.
1026 2444 1107 2490 27.
1147 2442 1239 2498 ita,
1263 2442 1389 2490 scri·

334 2514 446 2565 bit:
482 2516 769 2568 ‘Extremo
804 2517 923 2567 anni
963 2534 1098 2570 mors
1135 2518 1252 2567 AElii
1291 2519 1389 2566 La-

333 2592 448 2640 miae
471 2589 649 2642 funere
684 2594 930 2644 Censorio
965 2594 1267 2654 celebrata3
1303 2593 1389 2656 qui

336 2667 753 2719 administrandae
799 2670 965 2734 Syriae
1010 2671 1232 2735 imagine
1277 2680 1389 2720 tan-

336 2743 451 2793 dem
474 2746 760 2809 exsolutus,
784 2746 899 2796 urbi
925 2748 1220 2812 praefuerat.
1286 2748 1390 2797 Ge—

337 2833 431 2869 nus
466 2820 542 2871 illi
576 2821 841 2881 decorum,
864 2823 1039 2873 vivida
1058 2831 1316 2887 senectus,
1335 2833 1391 2874 et

337 2911 436 2946 non
461 2900 715 2961 permissa
739 2901 1007 2964 provincia
1040 2901 1390 2965 dignationem

340 2972 649 3048 addiderat!
711 2975 849 3026 Vide
871 2991 959 3027 nx.
993 2976 1097 3027 Od.
1122 2982 1202 3028 17.

402 3055 434 3101 9
467 3052 710 3117 Pimplea]
742 3052 790 3104 A
813 3055 1036 3120 Pimpla,
1064 3054 1394 3105 <Macedoni-‘e

340 3121 514 3178 mon'te
539 3130 735 3193 pariter
767 3137 823 3180 et
856 3130 1016 3194 fonte,
1038 3131 1205 3181 Musis
1229 3143 1395 3191 sacro,

342 3201 510 3254 Mnsae
539 3205 693 3256 dicta
724 3216 846 3257 sunt
880 3207 1132 3273 Pimpleae
1166 3212 1222 3256 et
1254 3203 1396 3255 Pim-

343 3279 557 3343 pieides.

302 3388 311 3400 ,
405 3357 496 3408 Nil
514 3358 618 3408 sine
636 3358 705 3421 te]
739 3359 860 3409 Huc
883 3359 1111 3423 pertinet
1136 3358 1396 3423 adagium,

341 3429 460 3491 μετὰ
470 3435 690 3497 Μουσῶν,
707 3449 806 3499 quo
821 3435 1141 3499 significatur
1158 3449 1258 3499 ope
1278 3434 1396 3483 Mn·

345 3511 512 3633 :iactum
537 3524 694 3573 grave
718 3512 972 3577 quodquis
992 3512 1257 3577 inceptum
1281 3525 1397 3576 per-

414 3599 450 3634 1.
1330 3613 1333 3618 ·

1472 2364 1568 2412 dus
1593 2371 1689 2411 est.

1541 2445 1595 2487 11
1622 2437 1790 2487 Lesbio
1808 2434 2009 2499 plectro]
2048 2430 2288 2481 Carmine
2310 2426 2527 2491 Sapphi-

1471 2531 1533 2565 co
1557 2523 1611 2563 et
1643 2501 1904 2572 Aleaie03‘
1925 2510 2007 2558 vel
2046 2507 2247 2556 eximiis
2281 2504 2530 2564 versibus,

1472 2592 1651 2657 quales
1684 2588 1833 2637 fuere
1867 2586 2033 2636 Alcaei
2070 2591 2125 2632 et
2161 2580 2416 2644 Sapphus,
2439 2578 2528 2643 qui

1471 2670 1524 2719 iu
1571 2666 1739 2717 Lesbo
1784 2662 1943 2729 AEgaei
1983 2659 2134 2710 maris
2186 2656 2350 2704 insuia
2406 2653 2529 2702 nati.

1475 2746 1610 2795 Haee
1649 2742 1802 2793 hodie
1840 2736 2090 2792 Metelina,
2125 2734 2245 2783 olim
2275 2731 2531 2795 Mitylene,

1471 2823 1734 2873 celebrata
1756 2826 1839 2868 est
1863 2815 1967 2864 vini
1990 2810 2359 2878 generositate,
2381 2808 2536 2856 uber·

1473 2907 1585 2950 tate
1609 2897 1719 2960 soli,
1751 2902 2021 2945 cantorum
2057 2887 2267 2952 peritia,
2290 2892 2343 2933 et
2366 2881 2528 2932 aedifi-

1474 2975 1625 3025 candi
1666 2972 1864 3021 ratione
1902 2964 2137 3030 speciali,
2170 2976 2199 3011 e
2233 2976 2334 3025 qua
2356 2964 2532 3007 natum

1475 3048 1830 3116 proverbium,
1861 3050 1875 3073 ‘
1895 3041 2079 3092 Lesbia
2101 3035 2311 3101 regula,’
2345 3034 2409 3083 de
2434 3048 2535 3096 quo

1476 3128 1701 3179 Aristot.
1721 3121 1913 3173 Morai.
1937 3135 1989 3169 v.
2012 3132 2127 3168 eum
2151 3127 2336 3176 nempe
2359 3111 2443 3160 lex
2465 3111 2534 3158 ad

1475 3217 1646 3254 mores
1684 3197 2122 3255 accommodatur,
2155 3205 2278 3252 non,
2314 3187 2448 3252 quod
2481 3200 2536 3235 o·

1479 3285 1677 3346 portet,
1708 3290 1878 3327 mores
1914 3273 1978 3322 ad
2012 3274 2201 3335 legem.
2270 3266 2319 3315 A
2343 3262 2539 3314 Lesbiis

1476 3356 1728 3422 siquidem
1759 3354 1823 3402 ad
1859 3348 2089 3414 lapidum
2122 3345 2341 3409 figuram
2372 3341 2537 3404 plum-

1476 3435 1577 3484 bea
1598 3429 1957 3483 aedificationis
1998 3425 2173 3488 regula
2196 3418 2535 3482 dirigebatur,

1478 3526 1579 3561 non
1601 3497 1814 3560 'conti-a.
1878 3503 2015 3552 Vide
2047 3499 2176 3550 Coel.
2200 3495 2414 3557 Rhodig.
2439 3505 2539 3541 vu.

1478 3593 1561 3639 22.
1594 3595 1650 3638 et
1683 3587 1808 3637 Not.
1834 3581 1899 3638 ad
1935 3577 2039 3629 Od.
2061 3589 2207 3626 xvn.
2232 3586 2311 3622 vs.
2331 3574 2411 3618 21.
2452 3583 2535 3617 su-

411 3667 474 3712 lo
508 3661 656 3738 Hanc
672 3665 859 3730 fidibus
883 3668 1032 3725 novis,
1054 3666 1161 3732 6⁶⁶]
1191 3667 1401 3718 Praeter
1480 3677 1595 3730 pra.
