3059 4909
501 404 634 470 640
1402 416 1806 470 exounsus

958 563 1122 615 Catus
1142 561 1299 625 idem,
1319 576 1417 628 per
1439 568 1679 628 apertum
1701 561 1964 627 fumes

959 643 1180 708 Agitato
1203 656 1367 708 grege
1388 657 1570 694 cervos
1582 643 1829 708 malari,
1849 650 1909 693 et

959 722 1113 774 Celer
1135 723 1243 774 alto
1265 723 1564 774 latitantem
1592 723 1810 774 frutice·

960 813 1013 855 to
1034 805 1288 870 excipere
1312 819 1513 871 aprum.

506 918 769 985 Apparet,
805 917 1085 986 Cruquium
1118 920 1172 969 in
1207 919 1311 971 fine
1346 935 1407 971 ac
1437 918 1701 985 principio
1729 932 1967 992 versuum
1992 917 2244 970 vocabula
2265 917 2525 985 divisisse,
2548 924 2725 971 tracta

508 1000 576 1051 ad
599 1015 805 1051 versum
822 1000 905 1051 vel
928 1002 1330 1053 antecedentem
1365 1003 1446 1053 vel
1467 1007 1774 1068 sequentem
1798 998 2015 1067 syllaba,
2036 998 2126 1051 ubi
2146 999 2239 1051 illa
2260 1000 2313 1050 in
2336 1001 2489 1052 codd.
2513 1001 2726 1066 integra

508 1080 573 1131 ad
598 1082 901 1132 alterutrum
926 1083 1088 1133 relata
1109 1089 1308 1144 esseut3
1332 1083 1471 1151 quod
1496 1082 1663 1146 ipsum
1688 1086 1792 1145 est,
1815 1092 1931 1131 cum
1952 1081 2101 1138 dicit,
2122 1080 2330 1131 codices
2360 1096 2454 1130 sua
2473 1096 2576 1146 ope
2599 1095 2729 1130 non-

505 1163 636 1212 nihil
658 1175 775 1213 esse
796 1162 1021 1228 adjutos.
1085 1162 1189 1214 Sed
1216 1179 1367 1231 quam
1402 1164 1584 1230 inepta
1616 1178 1678 1214 ac
1711 1161 1957 1214 deformis
1988 1161 2058 1215 sit
2091 1163 2335 1213 universa
2355 1163 2457 1213 ista
2480 1176 2725 1212 versuum

508 1242 906 1296 ordinandorum
932 1245 1086 1309 ratio,
1106 1261 1210 1297 non
1234 1260 1364 1312 opus
1398 1252 1485 1298 est
1517 1244 1695 1296 multis
1721 1244 2018 1296 ostendere.
2086 1244 2208 1296 Non
2233 1244 2460 1307 dubium,
2483 1245 2610 1311 quin
2637 1259 2727 1294 an·

509 1325 724 1391 gnstiori
749 1326 951 1391 paginae
975 1328 1148 1392 spatio
1173 1326 1502 1379 tribuendum
1535 1327 1623 1386 sit,
1660 1328 1816 1394 quod,
1844 1342 1956 1393 quae
1989 1325 2104 1377 fere
2142 1325 2198 1376 in
2232 1325 2379 1376 libris
2408 1326 2540 1376 Mss.
2567 1326 2724 1375 unu‘m

507 1419 712 1457 versum
738 1409 953 1459 tertium
977 1407 1233 1472 efficiunt,
1256 1409 1309 1459 in
1333 1409 1484 1461 dictis
1507 1407 1665 1461 codd.
1687 1409 1739 1459 in
1764 1406 1890 1458 duas
1913 1412 2091 1472 partes
2110 1422 2152 1458 s.
2176 1406 2342 1457 lineas
2363 1405 2535 1456 divisa
2561 1421 2723 1471 appa·

507 1492 689 1548 reant;
731 1487 785 1536 id
822 1488 959 1554 quod
993 1490 1047 1540 in
1079 1505 1197 1542 meo
1223 1489 1431 1556 quidem
1456 1488 1808 1547 Dessaviensi.
1819 1491 2007 1555 altero,
2029 1488 2194 1554 quiin
2217 1485 2384 1537 forma
2407 1492 2598 1538 octava
2622 1493 2727 1549 est,

404 1568 408 1573 ’
509 1565 858 1619 manifestum.

573 1645 639 1694 In
662 1648 856 1699 ceteris
891 1649 1045 1701 codd.
1084 1651 1176 1718 (ne
1213 1651 1282 1703 de
1324 1651 1439 1702 aliis
1470 1650 1887 1703 aberrationibns
1921 1648 2117 1716 dicam)
2152 1649 2231 1701 ita
2251 1648 2364 1699 fere
2388 1646 2582 1712 digesti
2602 1650 2724 1696 sunt

507 1740 706 1790 versus,
742 1735 803 1778 ut
840 1730 943 1781 duo
983 1733 1269 1784 Trimetros
1304 1738 1616 1800 sequeretur
1648 1733 1840 1786 tertius
1870 1733 2215 1797 Tetrameter‚
2248 1739 2308 1781 et
2340 1730 2415 1780 sic
2438 1728 2560 1779 Ode
2583 1732 2751 1807 esset.

506 1805 721 1860 Dicolos
742 1810 1104 1878 Tristrophos:

1022 1927 1331 1979 Miserarum
1353 1935 1455 1991 est,
1475 1943 1648 1994 neque
1667 1925 1828 1978 amori
1851 1925 1981 1977 dare
2003 1925 2205 1990 ludum,

1028 2009 1216 2075 Neque
1242 2009 1382 2059 dulci
1405 2011 1542 2060 mala
1564 2011 1686 2061 vino
1708 2008 1906 2071 lavere,
1929 2012 2022 2058 aut
2045 2021 2135 2057 ex·

1028 2089 1245 2140 animari
1266 2096 1561 2141 metuentes
1584 2095 1786 2154 patrum
1809 2086 2034 2139 verbera
2055 2086 2275 2150 lingua:

506 2199 607 2249 nisi
631 2200 767 2266 quod
790 2200 844 2251 in
866 2202 1060 2266 multis,
1084 2211 1143 2254 ut
1164 2203 1299 2254 solet
1320 2201 1454 2267 fieri,
1475 2203 1636 2254 verba
1658 2203 1710 2253 in
1736 2201 1839 2252 flue
1861 2216 1922 2251 ac
1945 2198 2204 2266 principio
2227 2212 2466 2248 versuum
2490 2212 2596 2248 non
2621 2196 2720 2248 dis-

507 2290 651 2331 secta
674 2287 812 2345 sunt,
847 2283 938 2333 sed
975 2284 1176 2349 integra
1213 2285 1549 2335 adhaeserunt
1572 2283 1813 2333 alterutri
1838 2281 2034 2344 versui,
2056 2285 2177 2346 post
2198 2278 2314 2331 fere
2338 2279 2403 2329 ab
2427 2279 2720 2330 editoribus

505 2366 677 2424 metro
719 2364 1107 2416 accommodate
1142 2364 1328 2417 divisa.
1394 2365 1567 2429 Igitur
1602 2364 1740 2413 illam
1781 2362 2035 2414 rationem
2076 2366 2364 2427 sequuntur
2392 2375 2572 2410 omues
2595 2368 2718 2410 ante

508 2442 806 2496 Bentleinm
840 2453 945 2496 tam
986 2454 1192 2498 veteres
1216 2461 1368 2513 quam
1400 2445 1739 2509 recentiores,
1770 2452 1965 2511 praeter
1989 2443 2335 2508 Cruquianam
2358 2441 2584 2506 quidem,
2607 2441 2718 2490 edi-

505 2522 693 2575 tiones.
759 2524 985 2577 Accedit
1022 2528 1307 2577 auctoritas
1343 2526 1569 2577 Acronis
1605 2531 1663 2576 et
1695 2525 2133 2578 commentatoris
2157 2522 2460 2588 Cruquiani,
2482 2523 2581 2571 nisi
2606 2536 2721 2571 cor·

503 2604 708 2668 ruptela
728 2606 925 2671 subest,
945 2615 1005 2658 ut
1027 2608 1333 2666 videbimus,
1356 2609 1499 2668 item,
1521 2623 1651 2673 quos
1676 2607 1853 2658 Bentl.
1878 2605 2077 2662 laudat,
2099 2603 2553 2669 grammaticorum
2578 2609 2719 2651 vete·

504 2698 642 2747 rum,
661 2686 810 2737 Atilii
832 2689 1211 2754 Fortunatiani,
1234 2706 1284 2755 p.
1307 2694 1456 2741 2⁷04.
1479 2696 1537 2740 et
1556 2690 1734 2753 Plotii,
1752 2686 1806 2754 ι’).
1823 2692 1971 2739 2660.
1994 2686 2208 2738 Putsch.
2242 2685 2378 2734 Nam
2403 2683 2717 2733 Diomedem

502 2764 716 2829 quidem
749 2774 807 2817 et
836 2769 1281 2841 Victorinumuvix
1306 2770 1433 2822 satis
1453 2776 1601 2820 recte
1621 2771 1742 2833 huc,
1776 2777 1832 2820 ut
1869 2768 2237 2833 intelligemus,
2266 2765 2405 2816 idem
2445 2764 2720 2815 Bentleius

505 2848 785 2914 pertraxit.

568 2929 758 2996 Fuere,
780 2931 868 2997 qui
890 2932 1184 2998 rhythmum
1209 2934 1380 2998 potius
1403 2933 1511 2984 sive
1531 2946 1820 2998 numerum,
1843 2945 1997 2998 quam
2020 2934 2266 2991 metrum,
2281 2928 2332 2976 in
2352 2926 2450 2976 hoc
2474 2924 2719 2975 Carmine

501 3023 617 3059 esse
638 3009 892 3062 dicerent.
956 3013 1084 3063 Eam
1109 3013 1161 3063 iu
1185 3014 1496 3065 sententiam
1508 3014 1622 3080 jam
1647 3013 1909 3064 Acronem
1930 3018 1985 3061 et
2000 3011 2475 3062 commentatorem
2499 3007 2716 3073 Cruquii

501 3086 647 3140 abire
678 3087 928 3142 videmus.
995 3093 1154 3157 Item,
1174 3095 1340 3160 quiet
1367 3110 1399 3144 a
1427 3095 1605 3145 Bentl.
1641 3092 1909 3154 laudatur,
1948 3090 2289 3157 Hephaestion
2313 3090 2717 3151 Grammaticus,

498 3168 606 3235 “pl
624 3169 897 3234 μέτρωνκαὶ
919 3172 1210 3238 ποιημάτων,
1233 3190 1285 3239 p.
1305 3180 1387 3227 66.
1409 3175 1583 3227 Paris.
1604 3174 1707 3225 duo
1729 3175 1805 3226 ait
1824 3173 1984 3224 fuisse
2005 3171 2302 3223 lonicorum
2319 3171 2500 3220 talium
2518 3168 2719 3220 Carmi-

499 3265 623 3300 num
647 3266 875 3317 genera:
912 3270 1089 3321 unum,
1107 3255 1246 3321 quod
1269 3257 1317 3317 ἐξ
1336 3254 1505 3318 ὁμοίαν
1526 3263 1700 3319 vocat,
1738 3255 1880 3306 nullo
1900 3252 2120 3303 definito
2146 3250 2336 3316 pedum
2362 3263 2600 3312 numero,
2622 3264 2717 3313 per

498 3329 774 3396 συνάφειαν,
796 3340 854 3385 ut
875 3337 1165 3401 appellant,
1181 3351 1451 3402 quousque
1464 3337 1670 3389 auctori
1695 3337 1860 3387 visum
1882 3335 1969 3399 sit,
2002 3332 2340 3398 procurrisse,
2363 3337 2714 3396 praeterquam

497 3414 640 3478 quod
663 3428 840 3467 omnes
875 3417 1034 3485 pedes
1066 3416 1228 3467 Ionici
1262 3416 1342 3466 ἀπ’
1375 3415 1632 3469 ἐλάττονος
1661 3415 1879 3479 fuerint,
1910 3414 2146 3465 omnibus
2181 3413 2381 3478 legibus
2414 3412 2717 3472 solutum32

498 3495 738 3556 alterum,
772 3498 909 3564 qnod
932 3497 1055 3548 κατὰ
1086 3497 1261 3562 σχέσιν
1281 3498 1370 3550 ille
1393 3500 1645 3563 nominat,
1668 3499 1989 3562 descriptum
2011 3495 2173 3546 fuisse
2195 3494 2463 3555 clausulis,
2494 3507 2711 3558 quarum

498 3590 735 3642 quaeque,
760 3579 875 3643 pari
907 3580 1099 3645 pedum
1123 3594 1355 3643 numero,
1393 3596 1512 3633 cum
1550 3580 1827 3631 sententiae
1861 3579 2005 3629 exitu
2034 3577 2267 3627 desierit.
2331 3577 2459 3626 Tale
2484 3575 2712 3625 Carmen

497 3657 667 3710 Alcaei
688 3661 890 3725 laudat,
920 3659 1045 3712 κατὰ
1080 3659 1197 3711 δέκα
1227 3659 1453 3726 συζυγίας
1480 3659 1830 3726 vambos,
1864 3659 1920 3711 h.
1951 3658 2032 3709 ita
2056 3657 2421 3723 compositum,
2453 3663 2511 3706 ut
2533 3664 2713 3705 omnes

497 3738 738 3791 clausulae
762 3753 939 3794 essent
961 3742 1141 3794 decem
1167 3743 1377 3807 pedum.
1443 3743 1618 3808 Igitur
1637 3743 1910 3793 Bentleius
1932 3740 2092 3793 etiam
2109 3745 2343 3789 nostrum
2365 3738 2463 3786 hoc
2487 3737 2711 3787 Carmen

496 3828 721 3884 quatuor
745 3822 932 3874 talibus
958 3824 1253 3890 decapodiis
1275 3840 1316 3876 s.
1339 3825 1523 3877 decem
1548 3824 1738 3890 ndum
1760 3822 2001 3875 clausulis
2023 3820 2222 3873 absolvi
2242 3816 2515 3870 contendit
2529 3816 2578 3878 3¹³
2615 3815 2708 3865 sed

496 3916 615 3952 cum
636 3916 741 3952 non
765 3905 947 3968 possit,
965 3920 1061 3971 per
1086 3908 1290 3972 paginae
1315 3908 1627 3973 angustiam,
1650 3921 1755 3956 una
1774 3905 1914 3955 linea
1933 3901 2162 3953 describi
2183 3898 2571 3963 decempedalis
2594 3912 2708 3947 ver·

493 3995 601 4045 sus,
640 3995 756 4033 eum
791 3986 842 4036 in
876 3993 1052 4050 partes
1085 3988 1248 4038 dividi
1281 4002 1497 4039 necesse
1530 4001 1664 4038 esse.
1748 3988 1945 4047 Quare,
1979 3984 2105 4050 quia
2136 3989 2192 4032 et
2227 3979 2578 4045 Hephaestion
2610 3978 2648 4028 l.
2679 3980 2718 4030 Ι.

494 4075 697 4128 versum
723 4064 885 4117 Alcoei
914 4068 1147 4119 Ionicum
1169 4085 1201 4120 a
1222 4070 1420 4122 minore
1440 4070 1824 4121 Tetrametrnm
1845 4067 2044 4129 laudat,
2076 4069 2136 4115 et
2152 4061 2455 4113 Victorinus
2482 4059 2708 4124 primum

557 4238 583 4265 ⁸
615 4234 818 4286 Similia
845 4239 1005 4289 tradit
1033 4236 1368 4294 Terentianus
1396 4243 1548 4296 Mau-
1677 4242 1721 4279 -b
1753 4240 1818 4293 In
1854 4252 1974 4308 quo·
1991 4235 2042 4290 ei
2074 4231 2294 4288 assentit
2315 4229 2475 4283 etiam
2501 4227 2701 4277 Baxte·

492 4310 599 4364 rus,
622 4313 675 4363 p.
695 4304 841 4354 2416.
862 4306 1009 4357 2428.
1034 4319 1084 4354 v.
1107 4307 1284 4358 Bentl.
1631 4323 1739 4360 rus.
