3059 4909
1029 382 1442 433 canusinum
1493 384 1642 433 ms.
1689 384 1768 433 ιι.
1815 369 1917 434 13.

801 525 1062 593 Poenus
1088 529 1551 611 perhorrescit,
1579 533 1794 612 neque
1822 529 2012 595 ultra'

2436 365 2570 430 315

2482 527 2568 588 15

887 629 1093 696 Caeca
1118 633 1308 696 timet
1336 631 1603 696 aliunde
1632 632 1806 696 fata:

711 730 916 798 Miles
947 735 1226 818 sagittas
1258 741 1328 800 et
1358 735 1642 801 celerem
1669 736 1897 818 fugam

612 826 617 833 ”
716 833 982 902 Parthi:
1031 844 1307 904 catenas
1337 838 1636 904 Parthus
1666 845 1732 905 et
1761 839 2011 905 Italum

795 937 1066 1020 Robur3
1111 941 1229 1005 sed
1262 941 1630 1025 improvisa
1660 944 1772 1007 leti

880 1041 1014 1108 Vis
1043 1046 1269 1129 rapuit
1295 1046 1646 1130 rapietque
1673 1051 1927 1129 gentes,

708 1143 930 1223 Quam
959 1166 1154 1232 paene
1183 1148 1395 1214 survae
1423 1170 1625 1234 regna
1655 1150 2099 1236 Proserpinae,

2475 1011 2585 1115 20⁴

710 1247 803 1313 Et
833 1248 1250 1334 judicantem
1280 1252 1574 1318 vidimus
1603 1254 1917 1333 AEacum,
1969 1284 1976 1293 ·

356 1482 658 1563 maginensis
682 1502 944 1566 Bosporum
962 1503 1222 1564 formidat,
1253 1521 1338 1556 nec
1371 1506 1575 1570 amplius
1604 1507 1784 1556 occultu
1799 1507 1916 1566 suta
1946 1506 2137 1557 aliunde
2167 1508 2354 1557 metuit.
2417 1505 2565 1557 Miles

355 1562 656 1616 Parthorum
676 1567 856 1632 spicula
877 1575 921 1617 et
932 1569 1110 1632 fugam
1130 1572 1424 1634 repentinam
1436 1589 1454 1619 .-
1489 1572 1670 1622 Parthi
1690 1572 1878 1621 vincula
1897 1576 1947 1620 et
1961 1574 2225 1635 potentiam
2246 1572 2564 1622 Romanorum

353 1631 674 1689 reformidant
689 1649 711 1692 ,-
752 1639 806 1682 ot
834 1634 1002 1685 mortis
1042 1636 1288 1699 inopinata
1318 1636 1550 1686 violentia
1579 1637 1774 1701 populos
1804 1637 2020 1698 abstulit,
2052 1643 2100 1686 et
2132 1638 2336 1700 auferet.
2406 1637 2564 1693 Quam
2648 1628 2652 1634 ’

236 1760 240 1764 Α
345 1711 497 1760 prope
526 1698 695 1761 aspexi
708 1697 971 1762 ‘Imperium
985 1699 1138 1763 nigrae
1164 1701 1488 1765 Proserpinae,
1519 1705 1569 1751 et
1592 1702 1807 1762 judicem
1834 1703 2054 1766 AEucum,
2087 1708 2135 1753 et
2158 1703 2381 1753 bonorum
2416 1701 2562 1751 domi·

1294 1864 1599 1886 OOOONWO
1605 1866 1665 1885 Μ

353 1996 584 2042 recenti.
655 1994 904 2058 Bosporon
947 1994 1300 2061 Cuning.—17
1343 1995 1430 2047 Jo.
1485 1995 1556 2045 du
1603 1977 1789 2044 Hainel
1834 1995 2040 2045 emend.
2090 1995 2335 2060 celebrem,
2381 1997 2559 2049 Bentl.

350 2058 590 2122 reducem,
631 2061 711 2108 vel
750 2060 1002 2122 refugam5
1047 2076 1163 2111 nam
1196 2060 1357 2111 fuisse
1387 2061 1561 2125 fugam
1598 2061 1911 2118 simulatam,
1948 2061 2173 2126 ideoque
2211 2076 2310 2112 non
2349 2064 2561 2114 celerem.
2663 2062 2670 2067 ”

351 2123 650 2186 Castigavit
669 2139 787 2174 enm
812 2125 1032 2190 Cuning.
1054 2127 1227 2190 Anien.
1245 2140 1327 2178 lx.
1363 2142 1415 2191 p.
1434 2130 1519 2177 81.
1542 2140 1684 2191 seqq.
1733 2127 1898 2177 celeris
1929 2141 2038 2177 var.
2062 2129 2184 2177 lect.
2211 2142 2295 2191 ap.
2315 2128 2561 2180 Jonas.—

353 2192 422 2238 18
455 2188 653 2254 Italum,
674 2190 708 2241 i.
732 2205 779 2240 e.
799 2191 1068 2251 Italorum,
1091 2194 1359 2244 voluerunt
1379 2191 1592 2257 quidam
1615 2206 1700 2255 ap.
1722 2192 1993 2243 ,lauh—20
2012 2192 2205 2243 Venet.
2224 2197 2369 2243 1492.
2403 2194 2560 2257 rapiet

350 2255 750 2317 rapuitque-21
786 2257 1177 2318 Mentel.fuloae
1199 2272 1244 2308 r.
1269 2258 1588 2320 Proserpinae.
1636 2256 1772 2305 Vide
1798 2257 1920 2307 Nic.
1942 2258 2125 2308 Heius.
2152 2258 2216 2307 ad
2241 2258 2401 2308 ovid.
2425 2260 2562 2311 Met.

350 2322 580 2369 unam.
612 2322 789 2371 Bentl.
814 2321 881 2371 ad
904 2323 1166 2373 Manil.n.
1188 2326 1304 2373 912.
1337 2323 1562 2393 Rupert.
1586 2322 1651 2371 ad
1681 2322 1926 2373 Juvenal.
1950 2336 2005 2372 x.
2027 2327 2138 2372 150.
2175 2332 2231 2372 et
2261 2321 2474 2374 Jacobs.
2505 2324 2559 2373 in

352 2384 564 2436 Miscel.
603 2386 793 2436 Philol‘.
826 2387 1068 2438 Matthioe
1108 2387 1322 2438 Altenb.
1363 2391 1511 2440 1893.
1552 2402 1606 2451 p.
1630 2390 1933 2439 80-92.-22
1969 2389 2039 2437 Et
2074 2387 2393 2438 vindicantem
2430 2403 2560 2439 unus

1348 2556 1564 2609 No'rAE

423 2692 484 2737 15
520 2685 725 2750 Poenus]
760 2687 868 2737 Pro
890 2687 1124 2752 quolibet
1143 2693 1306 2741 nauta
1327 2703 1420 2752 po-

356 2763 517 2825 nitur,
555 2776 650 2826 per
672 2763 1062 2827 synecdochen:
1102 2767 1185 2817 vel
1207 2772 1421 2817 antono-

354 2837 603 2888 mastico‘sss
636 2841 652 2867 ‘
678 2838 926 2889 Poenum’
957 2840 1114 2903 dieit3
1149 2847 1257 2892 tum
1283 2843 1420 2907 quod

356 2915 647 2978 emporium
690 2916 818 2966 orbe
860 2923 974 2968 toto
1026 2919 1419 2969 celeberrimum

358 2992 641 3057 Carthago,
682 2999 794 3043 tum
837 2994 957 3059 quia
1002 2994 1113 3059 ejus
1157 2994 1299 3046 urbis
1344 2995 1418 3046 ci·

355 3084 448 3120 ves
470 3071 806 3135 navigatione
838 3071 1120 3136 longinqua
1136 3070 1421 3123 nominati.

357 3146 529 3197 Quam
553 3147 780 3211 inclytus
807 3146 970 3199 fuerit
989 3149 1180 3199 Hanno
1201 3149 1311 3200 dux
1331 3149 1419 3199 ille

356 3223 856 3291 Carthaginensium,
878 3226 1034 3277 docet
1056 3223 1197 3276 M‘ela
1217 3227 1308 3277 lib.
1329 3241 1421 3277 ιιι.

426 3305 489 3350 16
528 3300 682 3352 Timet
700 3303 913 3368 aliunde]
952 3303 1188 3354 Observa
1206 3304 1420 3354 νεὶ-(Σω-

353 3392 527 3428 suram
576 3379 786 3430 brevem
831 3381 1054 3431 licenter
1095 3382 1421 3446 productam,

354 3455 444 3504 vel
465 3454 786 3522 Tribrachyn
811 3472 906 3521 pro
924 3459 1175 3523 Dactylo.

423 3537 488 3583 18
524 3533 722 3598 Parthi]
769 3537 857 3585 De
893 3535 1104 3586 Parthis
1141 3549 1420 3602 eorumque

357 3609 600 3660 certandi
625 3610 848 3674 ratione,
870 3623 908 3659 ι.
934 3609 1042 3660 Od.
1069 3615 1147 3661 19.
1173 3616 1248 3661 12.

422 3688 486 3735 21
526 3684 683 3742 Quam
710 3701 847 3749 poene
865 3686 1034 3747 fmoe
1051 3702 1201 3750 regna
1222 3688 1424 3737 Proser-

350 3761 622 3827 pinoe,q·o.]
658 3763 976 3815 Quantulum
1000 3779 1032 3811 a
1051 3771 1220 3814 morte
1238 3762 1419 3814 abfui!

425 3839 627 3902 Fnrvoe]
661 3839 742 3889 Ex
766 3841 1000 3890 Varrone
1019 3837 1105 3888 fur
1132 3839 1327 3890 dicitnr
1355 3854 1422 3889 ex

356 3930 423 3966 eo
441 3915 584 3981 qnod
608 3915 624 3942 ‘
649 3914 882 3965 furvum'
902 3923 1069 3966 atrnm
1095 3915 1422 3980 appellarint,

358 4000 417 4043 et
434 3991 580 4043 fures
603 3998 721 4042 atra
753 3999 906 4043 noete
934 3991 1142 4044 facilius
1166 3991 1423 4044 furentur.

356 4069 562 4122 Nonius
583 4069 887 4121 Marcellus.
940 4071 1140 4121 Contra
1163 4078 1334 4122 tamen
1357 4072 1423 4122 de

358 4161 424 4197 ea
447 4146 760 4212 etymologia
778 4148 941 4199 sentit
971 4146 1037 4198 A.
1053 4148 1255 4200 Gellius
1277 4162 1315 4200 1.
1340 4153 1423 4201 18.

358 4226 573 4290 vultque
594 4224 782 4275 deduci
812 4225 878 4275 ab
908 4225 1122 4292 antiqua
1144 4240 1273 4278 voce
1302 4229 1422 4293 φὸρ·

358 4312 656 4366 quanquam
672 4301 844 4367 aptius
860 4299 1018 4368 forte,
1042 4302 1208 4356 furem
1232 4319 1263 4355 a
1281 4306 1296 4333 ⁴
1316 4303 1424 4355 fur·

1501 2685 1603 2750 vo,’
1625 2685 1678 2736 id
1696 2691 1799 2748 est,
1832 2685 1999 2750 nigro,
2021 2686 2127 2736 diei
2154 2687 2350 2750 putarit
2378 2686 2455 2737 vir
2472 2692 2563 2738 ex-

1498 2765 1740 2815 cellentis
1763 2764 2036 2827 doctrinae,
2058 2765 2226 2814 Varro
2243 2764 2464 2823 scilicet,
2487 2767 2565 2816 in·

1500 2842 1615 2908 quit
1633 2841 1863 2893 illeibid.

1568 2917 1892 2981 Proserpinoe]
1928 2920 2008 2969 De
2028 2930 2092 2985 ea
2115 2931 2155 2967 1.
2180 2916 2285 2967 Od.
2308 2921 2390 2968 28.
2412 2921 2497 2968 20.

1567 2999 1633 3049 22
1666 2992 1889 3057 AEacum]
1925 2995 2006 3044 Ex
2038 3009 2101 3044 eo
2130 2993 2269 3059 quod
2303 2993 2481 3058 Plato,
2510 2994 2562 3043 in

1499 3070 1715 3135 Gorgia,
1747 3069 2192 3121 Rhadamanthum
2234 3068 2563 3137 Asianorum,

1501 3148 1871 3213 Europaeorum
1912 3161 2037 3196 vero
2072 3146 2313 3198 Judieem
2350 3146 2564 3197 AEacnm

1501 3225 1686 3276 scribit
1698 3241 1714 3287 3
1732 3224 1851 3275 inde
1861 3225 2254 3283 convenientius
2267 3225 2401 3275 hunc
2411 3238 2565 3288 quam

1503 3302 1645 3352 illum
1685 3302 1753 3352 ab
1798 3301 2019 3352 Horatio
2062 3300 2267 3366 quidem
2303 3302 2563 3366 Europaeo

1496 3381 1774 3446 nominari,
1795 3381 2000 3430 erudite
2015 3380 2247 3431 nonnulli
2267 3380 2565 3430 observant.

1500 3457 1616 3521 Ego
1639 3464 1812 3507 tamen
1835 3457 2146 3508 crediderim
2164 3457 2454 3522 respexisse
2472 3471 2566 3521 po-

1501 3531 1606 3583 tius
1624 3539 1864 3584 nostrum
1886 3532 2108 3584 Poetam
2140 3532 2206 3582 ad
2228 3533 2281 3583 id
2303 3533 2441 3598 quod
2472 3533 2563 3584 lib.

1503 3610 1572 3661 (le
1602 3611 1770 3661 Luctu
1805 3610 2063 3661 Lucienus
2089 3609 2285 3677 refert:
2321 3612 2418 3661 ‘Iu
2438 3609 2567 3663 Orci

1504 3687 1650 3739 aditu
1665 3694 1915 3753 portaque
1931 3687 2264 3738 adamantina
2275 3686 2433 3738 fuisse
2445 3702 2564 3739 ens·

1504 3763 1681 3814 todem
1704 3762 1918 3813 AEacum
1942 3763 2101 3826 Regis
2120 3761 2452 3827 fratruelem3
2486 3771 2565 3814 at·

1504 3854 1606 3904 qne
1637 3840 1792 3904 juxta
1836 3854 1953 3889 eum
2004 3853 2186 3889 canem
2239 3839 2565 3905 tricipitem!
2621 3834 2632 3842 ’

1502 3918 1651 3967 Bene
1665 3916 1828 3981 igitur
1845 3916 2111 3976 Horatius,
2122 3915 2211 3981 qni
2224 3916 2378 3967 morti
2394 3918 2566 3981 proxi-

1480 4044 1483 4047 .
1504 4009 1617 4044 mus
1633 3992 1813 4056 fuerit,
1833 3986 1907 4042 ait
1929 4007 1985 4042 se
2009 4006 2174 4057 prope
2190 3992 2435 4043 salutasse
2447 3993 2566 4043 AEa·

1504 4085 1641 4131 cum,
1668 4070 1797 4120 Orci
1812 4068 2126 4133 Janitorem,
2149 4067 2363 4133 perinde
2382 4083 2446 4119 ae
2467 4069 2567 4121 Ju-

1504 4146 1675 4198 dicem
1710 4161 1825 4198 cum
1848 4146 2027 4197 Minoe
2060 4161 2124 4198 ac
2153 4146 2563 4209 Rhadamantho,

1505 4224 1575 4276 ob
1596 4225 1847 4289 insignem
1861 4224 2084 4289 justitias
2122 4222 2334 4283 famam,
2365 4236 2401 4273 a
2435 4222 2566 4277 Plu*-

1506 4311 1630 4356 tone
1652 4298 2026 4356 constitutum*
