3059 4909
954 381 1365 432 etiamnum
1420 382 1563 431 nra.
1609 383 1688 432 ιι.
1734 368 1797 432 l.

554 530 602 595 J
607 549 756 609 uno,
787 536 858 594 et
888 529 1178 593 Deorum
1207 528 1514 613 quisquis
1551 528 1830 594 amicior

551 631 739 696 Afris
766 632 979 696 inulta
1007 637 1307 695 cesserat
1328 633 1666 715 impotens

637 734 932 812 Tellure,
962 734 1297 799 victorum
1324 742 1612 817 nepotes

727 837 992 902 Retulit
1016 836 1292 902 inferias
1320 837 1367 902 J
1375 837 1696 920 ugurthae.

301 1029 424 1078 tonis
456 1028 614 1079 animo
646 1029 842 1078 invicto.
909 1029 1042 1079 June
1080 1028 1257 1091 aliique
1277 1026 1369 1077 Dii
1399 1023 1648 1087 Africanis
1668 1024 1892 1085 senentes
1922 1023 2249 1086 demigrarunt
2268 1020 2490 1085 impares,

302 1098 428 1144 terra
450 1095 536 1144 illu
556 1110 648 1144 m
667 1094 946 1151 vindicam,-
976 1098 1031 1143 at
1050 1095 1186 1143 modo
1218 1092 1451 1142 victorum
1478 1094 1691 1155 posteros
1717 1089 1979 1151 Jugurthoe
1999 1090 2338 1152 representem
2368 1083 2493 1148 inse-

1199 1221 1292 1256 00·

1504 1220 1565 1239 O&

301 1321 399 1370 cius
418 1322 540 1372 Var.
565 1322 711 1372 Lect-
733 1336 816 1385 ap.
840 1321 875 1373 J
881 1325 1173 1374 onem—26.
1206 1326 1270 1373 27
1304 1322 1437 1372 Post
1459 1319 1603 1383 Afris
1624 1333 1844 1380 comma,
1878 1324 1935 1367 et
1973 1322 2089 1382 post
2114 1317 2300 1367 Tellure
2334 1315 2493 1380 maj0·

305 1400 408 1434 rem
443 1386 833 1436 distinctionem
874 1395 1073 1450 ponunt
1108 1388 1288 1437 multae
1333 1387 1453 1436 edd.
1495 1393 1625 1436 vett.
1664 1400 1779 1435 cum
1821 1383 2003 1434 Lamb.
2045 1383 2206 1445 Crnq.
2241 1377 2488 1429 Torrent-

304 1451 482 1501 Heins.
519 1454 583 1502 R.
623 1463 680 1501 et
716 1450 784 1500 H.
822 1452 1003 1515 Steph.
1035 1454 1229 1515 Delph.
1268 1452 1439 1502 Bond.
1476 1451 1744 1516 Schrevel.
1780 1450 1941 1499 Baxt.
1977 1447 2159 1497 Comb.
2200 1453 2256 1495 et
2292 1443 2496 1494 Wakef-

304 1517 319 1543 ‘
336 1517 493 1567 male:
531 1531 634 1568 nna
655 1517 913 1567 sententia
936 1515 1051 1568 est!
1068 1518 1340 1567 Juvat—28
1375 1515 1606 1579 Rettulit,
1624 1523 1682 1565 ut
1707 1515 1830 1565 alias
1862 1517 1879 1543 ‘
1899 1510 2138 1576 relligio,'
2171 1517 2187 1540 ‘
2205 1507 2493 1575 relliquiae,’

1283 1648 1498 1700 No'rAE

299 1746 712 1807 flecti-nescium,
744 1745 970 1812 denique
995 1746 1179 1797 Portia
1201 1752 1357 1811 gente

302 1840 362 1875 ac
383 1826 666 1874 severitate
688 1824 983 1887 superbum.
1028 1868 1035 1874 .

363 1905 426 1951 25
460 1901 611 1964 June,
631 1906 677 1950 et
701 1901 912 1951 Deorum
932 1899 1146 1964 quisquis
1162 1899 1358 1951 amicto·-

302 1978 455 2039 Afn‘s,
475 1976 586 2040 ξω]
617 1978 707 2025 Dii
734 1978 823 2041 qui
861 1977 1100 2028 Numidis
1133 1978 1190 2027 in
1219 1978 1357 2027 bello

300 2052 616 2117 Jugurthino
652 2050 910 2117 faverant,
945 2069 1061 2104 cum
1107 2061 1230 2104 tunc
1269 2068 1356 2104 eos

303 2132 581 2184 defendere
624 2148 726 2182 non
780 2140 1011 2197 possent,
1052 2132 1359 2197 urgentibus

302 2210 538 2259 nimirum
560 2207 703 2272 fatis,
726 2224 947 2274 cumque
969 2209 1186 2258 amicam
1202 2209 1358 2257 ulcis·

303 2285 351 2336 ci
373 2292 565 2338 terram
589 2299 651 2334 ac
672 2292 878 2347 gentem
915 2284 1067 2334 modo
1101 2298 1201 2333 non
1237 2283 1359 2333 lice-

304 2371 400 2426 ret,
420 2378 570 2413 suum
593 2362 647 2410 in
669 2362 929 2411 Romanos
951 2360 1126 2410 odium
1151 2359 1361 2409 distule-

303 2447 441 2503 runt,
466 2437 778 2502 tandemque
800 2437 1167 2500 expleverunt,
1201 2448 1362 2500 quan·

306 2517 371 2566 do
395 2517 622 2567 victores
645 2515 781 2578 ipsos
816 2522 907 2563 aut
940 2527 1116 2563 eorum
1141 2517 1360 2574 nepotes

306 2596 447 2644 velut
481 2592 675 2642 hostias
699 2597 1012 2651 mactarunt,
1037 2597 1195 2653 atque
1226 2584 1359 2636 infe-

303 2672 406 2720 rias
445 2668 717 2734 Jugurthae
757 2673 814 2717 et
851 2665 1089 2716 Afrorum
1128 2664 1362 2713 manibus

303 2748 357 2797 in
402 2745 586 2797 Africa
629 2746 740 2809 ipsa
776 2743 1034 2793 dederunt
1071 2757 1132 2792 ac
1174 2741 1362 2791 retule-

307 2833 460 2886 runt3
497 2830 608 2874 tum
641 2836 827 2885 nempe
861 2835 976 2870 cum
1009 2818 1073 2867 ad
1104 2818 1365 2881 Thapsum

305 2901 485 2950 urbem
529 2896 726 2949 Africae
777 2897 1085 2948 maritimam
1141 2897 1365 2960 quinque

306 2978 531 3027 hostium
577 2975 837 3042 myriadas
878 2972 1141 3024 interfecit
1174 2974 1366 3032 Caesar,

307 3057 581 3104 annitente
624 3052 830 3117 quidem
876 3050 1062 3101 Asinio
1108 3051 1366 3111 Pollione,

309 3146 416 3180 nna
459 3130 546 3179 die
583 3131 746 3178 tribus
789 3125 1107 3177 exercitibus
1150 3139 1360 3189 supera·

311 3207 397 3268 tis,
441 3204 808 3255 Consularibus
853 3216 916 3252 ac
971 3200 1243 3250 Praetoriis
1287 3201 1362 3249 vi·

311 3285 382 3333 ris
415 3280 766 3345 compluribus
800 3285 891 3329 aut
925 3278 1095 3341 captis
1129 3284 1220 3325 aut
1265 3291 1366 3326 cae-

311 3361 399 3420 sis,
421 3367 510 3408 ant
547 3358 609 3406 ad
648 3351 985 3407 voluntariam
1013 3367 1190 3403 necem
1216 3352 1370 3402 adac-

312 3435 411 3497 tis3
448 3434 602 3482 victis
645 3430 869 3496 denique
910 3430 1172 3494 Scipione,
1219 3426 1371 3476 Afra·

312 3512 420 3572 nio,
443 3509 601 3573 Juba,
622 3510 840 3560 Catone.
886 3507 1157 3558 Plutarch.
1177 3505 1229 3555 in
1246 3504 1373 3555 Vita

314 3589 373 3638 C.
392 3588 633 3647 Caesaris,
656 3586 859 3645 Florus,
879 3587 978 3635 διο.

375 3663 534 3726 June]
564 3661 747 3724 virgil.
790 3659 994 3709 AEneid.
1023 3673 1058 3711 ῐ.
1102 3661 1180 3708 16.
1250 3658 1372 3707 Car·

315 3740 579 3805 thaginem
623 3735 816 3789 Junoni
857 3735 1104 3785 dilectam
1145 3734 1375 3783 ostendit

317 3819 395 3868 bis
420 3816 591 3866 verbis
611 3831 625 3864 z
649 3815 664 3843 ‘
681 3814 960 3877 Carthago,
975 3844 1015 3860 ..
1029 3812 1219 3863 ‚Quam
1236 3810 1270 3862 J
1275 3825 1374 3859 uno

317 3893 488 3943 fertur
534 3891 685 3940 terris
726 3890 886 3950 magis
948 3886 1181 3937 omnibus
1223 3899 1374 3934 unam

319 3966 627 4019 Posthabita
650 3965 867 4015 coluisse
901 3964 1088 4014 Samo:
1123 3962 1205 4010 hic
1238 3962 1375 4011 illius

322 4060 484 4104 arma,
518 4043 624 4093 Hic
662 4055 844 4091 currus
876 4037 1006 4089 fuit:
1043 4039 1139 4088 hoc
1166 4053 1375 4102 regnum

321 4123 442 4171 Dea
459 4119 703 4185 gentibus
718 4132 849 4179 esse,
866 4116 923 4166 Si
942 4130 1044 4181 qua
1063 4114 1174 4164 fata
1191 4115 1380 4179 sinant,

320 4200 429 4265 jam
454 4209 567 4249 tum
591 4196 884 4261 tenditque,
903 4192 1188 4258 fovetque!

388 4280 452 4326 26
479 4272 722 4336 Cesserat]
752 4272 1085 4335 Demigrarat
1110 4269 1252 4332 inde,
1277 4269 1380 4319 vel-

1435 1754 1496 1797 ut
1518 1746 1764 1798 resistere
1791 1743 1913 1794 satis
1949 1742 2227 1805 impotens.
2292 1739 2373 1787 Ex
2407 1751 2493 1786 ve-

1436 1824 1535 1873 teri
1558 1836 1710 1888 porro
1741 1818 2119 1871 consuetudine
2143 1817 2499 1865 Romanorum

1435 1899 1788 1951 evocabantur
1821 1912 1888 1947 ex
1916 1895 2134 1945 obsessis
2171 1890 2382 1941 urbibus
2406 1889 2495 1939 Dii

1436 1990 1610 2025 earum
1632 1975 1923 2030 Tutelares.
1977 1971 2201 2021 solenne
2225 1967 2351 2015 illud
2377 1980 2496 2014 evo-

1434 2052 1656 2102 cationis
1695 2063 1904 2100 carmen
1943 2046 2108 2096 refert
2139 2041 2373 2093 Macrob.
2410 2042 2498 2089 Sa·

1438 2138 1573 2180 turn.
1595 2141 1681 2177 ιιι.
1701 2130 1751 2177 9.
1782 2129 1798 2156 ‘
1818 2126 1871 2175 Si
1890 2126 2059 2188 Deus,
2081 2122 2123 2170 si
2148 2122 2268 2169 Dea
2291 2125 2391 2179 est,
2411 2117 2497 2166 cui

1438 2204 1661 2267 populus
1717 2201 2006 2264 civitasque
2059 2193 2498 2259 Carthaginiensis

1439 2287 1523 2331 est
1566 2281 1617 2330 in
1664 2280 1851 2340 tutela,
1900 2282 2061 2341 teque
2119 2271 2341 2322 maxime
2389 2270 2499 2326 ille,

1440 2356 1529 2421 qui
1576 2354 1718 2404 urbis
1762 2352 1911 2416 hujus
1957 2349 2236 2415 populique
2280 2346 2501 2395 tutelam

1439 2432 1705 2496 recepisti,
1722 2443 1907 2493 precor
1925 2438 2266 2488 venerorque,
2281 2421 2501 2468 veniam·

1440 2521 1539 2572 qne
1562 2521 1594 2556 a
1616 2505 1757 2555 vobis
1782 2510 1923 2568 peto,
1956 2509 2015 2552 ut
2049 2514 2138 2549 vos
2162 2498 2407 2562 populum
2431 2496 2503 2545 ci·

1443 2584 1761 2647 vitatemqne
1784 2576 2263 2640 Carthaginiensem
2288 2572 2500 2622 desera-

1443 2661 1545 2721 tis3
1577 2659 1712 2720 loca,
1751 2654 1967 2717 templa,
2011 2665 2179 2710 sacra,
2217 2647 2503 2711 urbemque

1443 2734 1766 2799 relinquatis,
1786 2732 1980 2793 absque.
2001 2728 2079 2776 bis
2098 2725 2324 2775 abeatis:
2351 2724 2503 2787 eique

1445 2812 1639 2877 populo
1679 2808 1981 2871 civitatique
2019 2810 2231 2862 metum,
2267 2798 2504 2850 formidi-

1445 2904 1585 2950 nem,
1629 2885 1939 2936 oblivionem
1980 2879 2253 2945 injiciatis3
2286 2874 2503 2940 proditi-

1448 2980 1549 3032 que
1567 2956 1777 3014 Romam
1799 2960 1865 3009 ad
1890 2973 1970 3008 me
1990 2968 2234 3020 meosque
2260 2952 2506 3014 veniatis3

1447 3051 1727 3106 nostraque
1762 3037 1909 3088 vobis
1941 3037 2074 3091 loca,
2114 3033 2310 3095 templa
2338 3044 2506 3086 sacra,

1440 3119 1565 3171 urbs
1585 3118 1853 3181 acceptior
1880 3113 2253 3179 probatiorque
2276 3112 2372 3160 sit:
2410 3110 2505 3158 mi-

1442 3199 1493 3249 hi
1516 3210 1741 3263 quoque,
1768 3194 2063 3260 populoque
2090 3187 2344 3248 Romano,
2371 3185 2507 3235 mili-

1449 3275 1689 3339 tibusque
1711 3271 1839 3328 meis
1867 3265 2132 3333 praepositi
2157 3265 2291 3320 sitis,
2310 3269 2367 3311 nt
2384 3263 2528 3332 scia-¹
2563 3275 2566 3276 ⁷

1449 3364 1563 3400 mus
1587 3348 2053 3410 intelligamusque.
2119 3340 2174 3390 Si
2216 3341 2291 3389 ita
2321 3336 2509 3387 feceri-

1452 3429 1537 3485 tis,
1560 3438 1722 3474 voveo
1747 3421 1895 3472 vobis
1917 3419 2116 3482 templa
2132 3416 2378 3479 ludosque
2401 3410 2509 3462 fac·

1455 3500 1667 3554 turum!

1518 3584 1580 3630 27
1609 3578 1854 3628 Victorum
1868 3570 2081 3635 nepotes]
2101 3566 2359 3629 Scipionis
2377 3563 2512 3614 Afri-

1452 3657 1593 3716 cani,
1614 3655 1699 3719 qui
1725 3653 1864 3702 victo
1886 3645 2182 3698 Hannibale
2207 3641 2511 3703 vectigalem

1455 3734 1660 3795 Populo
1696 3729 1942 3785 ‚Romano
1994 3720 2193 3769 fecerat
2241 3716 2514 3777 Carthagi·

1455 3823 1599 3870 nem,
1634 3818 1799 3867 nepos
1818 3800 1884 3851 Q.
1906 3795 2083 3859 Scipio
2109 3794 2271 3855 primo
2305 3790 2511 3855 quidem

1456 3887 1508 3935 in
1547 3879 1866 3934 Caesarianos
1895 3874 2085 3922 bellum
2108 3885 2209 3918 nou
2232 3866 2514 3917 infeliciter

1456 3973 1661 4026 gerens,
1696 3955 1761 4005 ab
1783 3953 1844 4002 iis
1872 3952 2075 4001 demum
2101 3944 2405 4011 profligatus
2427 3962 2514 3996 oc·

1457 4036 1667 4095 cubuit3
1702 4033 1759 4081 ut
1783 4038 1903 4078 ante
1927 4025 2050 4075 dixi.
2100 4023 2321 4087 Appian.
2340 4021 2431 4070 lib.
2454 4036 2517 4072 n.

1521 4116 1588 4162 28
1623 4106 1808 4159 Retulit
1843 4098 2066 4164 iuferius]
2100 4101 2164 4150 In
2200 4106 2515 4147 mortuorum

1458 4189 1619 4240 sacris
1636 4186 1756 4251 olim
1773 4185 1992 4247 juvenes
2007 4176 2364 4228 inferebantur
2377 4189 2518 4223 mac-

1459 4253 1811 4328 tabanturque
1828 4259 1891 4308 ad
1911 4253 2192 4321 placandos
2208 4252 2386 4300 horum
2404 4264 2517 4300 san·
