3059 4909
476 254 512 310 a·

485 369 575 434 20
1426 379 1524 427 nn
1572 377 1754 427 vrrs

575 527 777 593 Vixit
804 526 1159 610 plurimum
1207 526 1276 588 in
1325 543 1602 589 secessu
1647 523 1817 588 ruris
1859 525 1966 589 sui
2009 523 2245 590 Sabini
2285 530 2404 590 aut
2443 521 2692 590 Tibur·

488 630 660 707 tini,t
715 630 1088 712 domusque
1144 627 1293 712 ejus
1354 626 1728 693 ostenditur
1783 627 1965 693 circa
2019 627 2304 693 Tiburni
2359 627 2689 692 luculum.
2713 652 2726 657 ·

490 732 839 798 Venerunt
880 731 946 794 in
992 748 1231 794 manus
1261 748 1449 793 meas
1478 734 1545 793 et
1578 727 1766 810 Elegi
1797 732 1924 796 sub
1957 731 2106 816 ejus
2137 729 2363 808 titulo,
2410 737 2477 796 et
2524 729 2691 815 Epi·

486 836 666 902 stola
708 852 915 919 prosa
958 834 1275 909 oratione,
1326 833 1525 915 quasi
1570 834 2097 899 commendantis
2153 852 2228 897 se
2275 833 2688 914 Maecenati3

488 939 606 1003 sed
665 944 946 1020 utraque
998 934 1174 999 falsa
1221 943 1406 1018 puto.
1498 933 1676 999 Nam
1736 934 1929 1016 Elegi
1987 936 2317 1018 vulgares,
2378 934 2693 1018 Epistola

487 1048 713 1105 autem
758 1040 1091 1117 obscura3
1140 1057 1276 1119 quo
1319 1038 1481 1102 vitio
1527 1037 1799 1102 minime
1845 1039 2244 1105 -tenebatur.²¹
2331 1037 2549 1101 Natus
2592 1043 2695 1102 est

489 1161 591 1207 vi.
660 1142 823 1206 ldus
873 1140 1281 1218 DecembriS,
1320 1140 1397 1205 L.
1431 1139 1631 1204 Cotta
1662 1148 1729 1204 et
1758 1141 1837 1206 L.
1869 1139 2214 1225 Torquato
2260 1139 2461 1205 Coss.
2550 1140 2692 1206 De·

485 1245 689 1311 cessit
719 1244 809 1309 V.
843 1242 1006 1307 Kal.
1039 1242 1368 1307 Decemb.
1414 1242 1494 1306 C.
1527 1239 1791 1307 Marcio
1820 1242 2185 1308 Censorino
2224 1250 2295 1308 et
2337 1242 2416 1308 C.
2447 1241 2689 1308 Asinio

486 1347 691 1411 Gallo
738 1344 931 1409 Coss,
980 1353 1139 1427 post
1166 1364 1413 1409 nonum
1433 1353 1472 1379 W
1501 1349 1568 1408 et
1597 1345 2219 1428 quinquagesimum
2252 1365 2520 1422 annum,
2550 1341 2688 1410 hae·

483 1447 644 1512 rede
671 1447 979 1529 Augusto
1013 1447 1235 1530 palam
1276 1456 1678 1531 nuncupato,
1710 1466 1863 1511 cum
1891 1454 2162 1529 urgente
2195 1448 2261 1512 vi
2287 1445 2690 1512 valetudinis

483 1569 621 1613 non
651 1547 984 1613 sufficeret
1014 1549 1099 1612 ad
1148 1547 1603 1629 obsignandas
1650 1550 2024 1614 testamenti
2070 1550 2359 1613 tabulas.
2432 1549 2690 1614 Huma-

484 1660 595 1716 tus
646 1660 713 1716 et
753 1651 1064 1716 conditus
1116 1660 1223 1716 est
1278 1652 1591 1715 extremis
1649 1649 1978 1736 Esquiliis
2024 1650 2232 1733 juxta
2293 1650 2689 1728 Maecenatis

481 1754 825 1819 tumulum.

481 1963 540 2002 re
573 1965 692 2003 cum
725 1969 819 2004 suo
844 1954 1131 2019 aqualiculo
1162 1954 1384 2004 Poetam
1409 1953 1548 2001 intra
1627 1951 1984 2007 sextariolum,
2002 1951 2069 1999 sit
2086 1949 2691 2006 tunridissimus,sicutest

479 2031 839 2092 sextariolnm‚
861 2038 1108 2096 tanquam
1131 2032 1182 2080 in
1206 2032 1445 2081 lecticam
1468 2031 1548 2079 lu·

482 2106 858 2169 cubratoriam,
909 2108 1020 2157 sive
1062 2114 1079 2137 ‘
1102 2105 1453 2163 Cabinetum,’
1488 2116 1549 2155 ut

481 2181 637 2229 hodie
675 2196 936 2244 vocamus,
961 2191 1017 2233 et
1040 2183 1108 2231 ibi
1132 2184 1420 2232 contractis
1454 2198 1546 2244 pe-

481 2255 634 2305 dibus
669 2257 922 2319 scribere,
964 2258 1118 2321 Angli
1149 2260 1388 2322 juvenes.
1422 2272 1546 2322 quo·

482 2347 593 2380 rum
618 2332 808 2383 deinde
843 2334 1119 2384 insectatio
1155 2334 1381 2383 Bentleii
1407 2350 1547 2382 com·

479 2409 875 2471 memorabitur,
925 2409 1040 2458 illos
1095 2410 1252 2458 risum
1309 2417 1548 2475 quaerere‘

479 2491 718 2546 apertum
753 2494 857 2536 est.
922 2489 1165 2536 Ceterum
1192 2487 1302 2535 haec
1339 2486 1546 2535 videtur

480 2572 599 2609 esse
637 2562 886 2624 Epistolae
922 2562 1203 2612 sententia.
1268 2562 1547 2611 Humanis-

477 2635 608 2685 sime
640 2646 866 2686 accusat
911 2637 1180 2702 Augustus
1227 2636 1543 2688 brevitatem

478 2710 601 2762 libri
641 2712 870 2772 Horatii,
891 2728 1054 2778 eoque
1093 2714 1208 2777 ipso
1240 2715 1457 2771 indicat,
1486 2729 1543 2763 se

477 2786 704 2835 lectione
728 2787 866 2836 illius
889 2802 989 2835 non
1022 2790 1286 2837 satiatum.
1349 2789 1544 2839 Jocose

480 2865 654 2909 autem
677 2859 917 2924 impingit
942 2862 1133 2912 Flacco
1153 2862 1427 2913 brevitatis
1441 2865 1542 2912 illi·

478 2952 541 2987 us
564 2939 852 2995 consilium,
885 2941 1052 2990 vereri
1076 2942 1238 3003 illum,
1259 2956 1325 2992 ue
1347 2957 1404 2991 se
1427 2943 1542 3005 ipso

479 3012 705 3076 majores
724 3014 844 3062 sint
868 3014 1003 3078 libri,
1024 3032 1149 3080 quos
1174 3017 1370 3068 ederet.
1437 3017 1544 3067 Ad·

480 3087 578 3151 dit,
621 3090 664 3138 si
706 3091 833 3139 velit
869 3092 1036 3142 Poeta
1072 3095 1330 3144 volumina
1363 3095 1540 3145 facere

479 3166 560 3215 sui
576 3165 782 3227 similia,
806 3165 996 3216 debere
1022 3170 1112 3218 illa
1133 3183 1233 3219 non
1256 3172 1409 3234 longa
1426 3173 1540 3236 qui-

478 3242 598 3290 dem
618 3256 735 3290 esse
751 3241 953 3307 (cogita
974 3244 1076 3308 hic,
1095 3246 1279 3308 lector,
1302 3248 1539 3296 volumen

481 3318 534 3366 in
560 3317 745 3366 bacillo
766 3332 858 3367 suo
876 3319 957 3368 vel
983 3321 1133 3385 longo
1159 3323 1239 3370 vel
1258 3322 1401 3371 brevi
1418 3336 1540 3371 con-

479 3394 763 3457 volutum),
811 3395 900 3443 sed
954 3403 1123 3444 tumen
1179 3398 1540 3446 crassiuscula.

479 3470 649 3533 Itaque
671 3470 781 3518 licet
807 3485 900 3533 pro
925 3472 1012 3520 illo
1038 3471 1244 3533 bacillo,
1269 3472 1352 3522 cui
1379 3473 1541 3522 invol-

478 3545 621 3595 vitur
660 3547 859 3603 charta,
895 3546 1140 3597 adhibere
1185 3548 1575 3604 sextariolurm·

480 3622 771 3686 cylindrum
810 3623 1019 3673 brevem
1061 3623 1154 3673 sed
1200 3626 1541 3689 proportione

484 3715 738 3762 crassum,
756 3699 842 3767 (ut
863 3701 906 3750 si
929 3702 1063 3749 exim
1082 3711 1257 3766 aequet
1281 3702 1363 3751 vel
1385 3716 1540 3766 supe-

481 3787 566 3827 ret
602 3779 732 3827 adeo
767 3778 1070 3838 diametros,
1089 3778 1225 3843 quod
1259 3779 1311 3827 in
1335 3793 1540 3828 mensu·

480 3855 554 3902 ris
600 3857 770 3917 parvis
805 3854 1133 3919 liquidorum,
1174 3855 1339 3919 magis
1380 3856 1540 3905 etium

481 3928 764 3991 aridorum,
786 3931 999 3979 solenne
1020 3929 1128 3992 est)
1142 3946 1230 3993 quo
1247 3931 1349 3995 (ita
1364 3931 1540 3995 legen·

485 4004 608 4053 dum
633 4019 729 4067 pro
750 4019 876 4064 cum,
896 4005 1034 4067 quod
1060 4012 1229 4055 ortum
1253 4005 1458 4054 videtur
1472 4020 1538 4053 ex

480 4096 618 4145 quom
641 4082 694 4128 in
716 4079 852 4144 quod
874 4079 906 4138 ἦ
927 4095 1016 4143 qm
1038 4080 1258 4144 primum
1275 4077 1410 4129 forte
1426 4095 1540 4129 cor-

482 4164 638 4219 rupte
658 4154 782 4220 est),
799 4155 849 4205 h.
864 4170 911 4205 e.
929 4163 999 4214 ut,
1014 4157 1241 4207 circuitus
1255 4157 1329 4205 tui
1343 4158 1541 4222 volunti-

481 4232 558 4280 πίε
592 4238 804 4296 propter
845 4231 988 4282 illum
1021 4233 1105 4282 cui
1143 4234 1422 4284 involutum
1460 4242 1543 4285 est

1627 2029 1878 2077 circuitus
1896 2026 2151 2076 ventriculi
2170 2027 2266 2076 tui.
2299 2026 2428 2076 Ges.

1689 2104 1707 2137 ‘
1740 2104 1817 2152 Ex
1835 2103 1959 2164 illis,
1980 2102 2153 2152 Sabini
2172 2110 2256 2152 m
2277 2103 2689 2163 Tiburtiniflnsle

1624 2179 1830 2243 quidam
1866 2179 2093 2243 (Valet-t.
2134 2178 2317 2243 etism)
2348 2180 2452 2228 duo
2490 2179 2690 2242 praedis

1627 2256 1835 2304 Horatii
1867 2254 2216 2314 effinxerunt3
2251 2254 2387 2320 quod
2415 2256 2498 2303 vel
2519 2269 2585 2304 ex
2622 2268 2688 2304 ιι.

1627 2333 1731 2382 Od.
1771 2335 1852 2381 18.
1894 2336 1972 2381 14.
2015 2331 2284 2381 refellitur.
2351 2333 2518 2381 Recte
2555 2332 2687 2381 vidit

1630 2409 1873 2472 Rutgers.
1900 2407 2150 2471 praediurn
2175 2408 2386 2457 Horatii
2403 2408 2477 2456 its
2493 2408 2546 2455 in
2564 2423 2689 2456 con-

1625 2484 1759 2534 finiis
1800 2484 1909 2546 agri
1945 2483 2124 2532 Sabini
2161 2490 2218 2532 et
2251 2482 2506 2532 Tiburtini
2529 2484 2686 2532 situm

1624 2559 1933 2624 putandum,
1949 2566 2007 2609 ut
2027 2559 2237 2608 dubium
2255 2565 2414 2618 esset,
2431 2558 2550 2607 ntro
2568 2571 2685 2620 per-

1625 2638 1833 2687 tineret.
1889 2634 2029 2684 Talis
2053 2645 2166 2684 erst
2186 2646 2241 2685 et
2263 2636 2458 2684 Catulli
2477 2633 2687 2693 fundus,

1624 2714 1797 2761 Curru.
1822 2724 1976 2761 xuv.
1999 2715 2044 2759 l.
2068 2703 2218 2772 qu‘em
2254 2709 2375 2758 hinc
2403 2712 2536 2758 male
2569 2711 2687 2775 qui·

1623 2787 1742 2836 dam
1781 2786 2003 2835 eundem
2041 2784 2202 2834 fuisse
2237 2800 2355 2833 cum
2390 2784 2685 2836 Horatiano

1621 2868 1892 2924 putarunt.
1960 2861 2063 2910 Sed
2101 2862 2188 2909 ille
2226 2862 2358 2909 haud
2385 2862 2540 2910 dubie
2566 2878 2684 2926 pro-

1623 2940 1739 3001 pior
1770 2938 1951 2987 Tiburi
1985 2937 2249 2987 fnit.—De
2270 2939 2488 2988 Tiburni
2510 2940 2684 2989 luculo

1624 3014 1743 3064 vide
1766 3029 1805 3065 ι.
1832 3015 1935 3066 od.
1956 3019 2006 3066 7.
2030 3018 2111 3064 18.
2143 3015 2282 3065 ἆωί.

1684 3100 1708 3125 ¹¹
1745 3093 1851 3149 Quo
1888 3092 2008 3141 vitio
2049 3092 2243 3141 atiniae
2286 3092 2548 3156 tenebatur,
2589 3108 2681 3157 up.

1621 3170 1971 3221 obscuritatis.
2037 3169 2101 3219 Id
2147 3184 2250 3219 non
2295 3170 2536 3233 impedit,
2579 3185 2681 3235 quo

1622 3246 1787 3294 minus
1836 3247 2140 3302 multarum,
2170 3260 2340 3294 rerum
2386 3247 2683 3309 cognitione

1623 3336 1751 3386 opus
1771 3321 1837 3371 sit
1852 3323 1913 3370 ad
1936 3321 2049 3384 ejus
2069 3322 2298 3371 carmina
2313 3321 2684 3387 intelligendu

1622 3412 1725 3461 qua
1746 3398 1832 3462 qui
1854 3398 2063 3459 polleat,
2087 3395 2297 3446 dicendi
2330 3411 2491 3460 genus
2511 3398 2681 3448 Hora·

1624 3477 1838 3537 tionum,
1858 3475 2094 3523 universe
2115 3482 2427 3538 spectatum,
2450 3477 2682 3525 luculen-

1624 3558 1729 3601 tum
1743 3560 1798 3601 et
1821 3552 2152 3615 perspicuum
2172 3565 2287 3599 esse
2310 3553 2503 3603 vident.
2526 3555 2680 3606 Idm.

1688 3635 1712 3660 v
1739 3627 1845 3674 Pro
1876 3627 1968 3676 VI.
2007 3626 2082 3674 Id.
2107 3627 2227 3676 Dec.
2259 3627 2395 3676 liber
2433 3628 2556 3678 Put.
2588 3630 2682 3679 ha.

1621 3704 1713 3754 bet
1743 3703 1981 3754 HL-ln
2012 3709 2123 3766 post
2151 3718 2324 3753 nonum
2358 3706 2556 3756 erravit
2594 3707 2679 3756 vel

1618 3781 1893 3830 Suetonius
1910 3780 1990 3829 vel
2013 3780 2274 3842 librarius,
2291 3796 2408 3831 nam
2428 3783 2679 3832 Consules

1620 3855 1747 3904 dicti
1801 3855 2056 3905 definiunt
2110 3869 2377 3906 numerum
2430 3872 2695 3912 annorum.

1619 3932 1992 3994 svm—palam,
2026 3931 2147 3983 viva
2182 3946 2329 3981 voce.
2360 3932 2441 3984 cf.
2482 3935 2677 3985 sustin.

1620 4006 1796 4057 Instit.
1817 4007 1853 4056 1.
1877 4020 1943 4056 ιι.
1967 4013 2006 4056 t.
2027 4019 2080 4056 x.
2102 4009 2148 4071 §.
2173 4010 2253 4057 13.
2291 4008 2439 4059 Idem.

1684 4089 1717 4114 ⁸¹
1751 4082 2054 4146 Rut'gersius
2096 4097 2162 4131 ex
2191 4084 2482 4135 Eusebiuno
2519 4086 2677 4136 Chro-

1620 4158 1741 4210 nico
1770 4159 2002 4224 reposuit
2030 4160 2314 4223 septimum,·
2358 4162 2677 4227 chronogra-

1623 4237 1710 4300 phi
1732 4237 2026 4300 dispiciant.
2061 4235 2228 4284 Bm..
