3059 4909
518 431 648 512 4‘20
1244 462 1310 520 Q.
1357 456 1673 512 HORATH
1728 457 1998 507 puscet

651 581 662 592 ⁸
956 567 1329 663 Hoofonte
1361 598 1660 662 derivata
1691 598 1919 662 clades

1039 700 1118 762 In
1151 701 1436 782 patriam
1469 698 1929 783 populumque
1960 696 2176 774 fluxit.

868 799 1101 865 Motus
1123 801 1344 864 doceri
1371 799 1617 881 gaudet
1636 798 1918 863 'Ionicos

2637 700 2720 762 20

527 997 653 1047 pem,
673 983 967 1042 etfamilias.
1017 984 1094 1033 Ex
1112 984 1208 1034 isto
1228 983 1410 1045 origine
1425 997 1623 1032 manans
1643 981 1888 1032 calamitas
1909 983 1962 1032 iu
1974 983 2184 1047 patriam
2205 987 2254 1037 et
2271 983 2490 1046 populun
2505 982 2724 1044 grassata

1442 1127 1528 1148 ‘OG
1535 1127 1801 1148 ”decedet

531 1239 715 1294 Gabiis
739 1243 822 1292 vel
860 1256 975 1292 cnm
1015 1242 1192 1305 rigidis
1218 1249 1423 1308 aequata
1447 1243 1691 1294 Sabinis!
1752 1244 1900 1331 Vin-g.
1927 1244 2041 1292 AEn.
2069 1256 2148 1292 vt.
2171 1244 2287 1292 692.
2319 1243 2334 1270 4
2355 1242 2497 1293 Quas
2537 1254 2636 1303 ego
2669 1246 2722 1289 te

526 1314 699 1355 tei-ras
719 1314 771 1356 et
795 1314 989 1371 quanta
1016 1322 1110 1371 per
1128 1322 1335 1372 aeqnora
1360 1317 1568 1358 vectum
1588 1308 1810 1372 Accipio
1831 1310 1843 1356 !
1899 1308 2075 1371 Silius,
2096 1321 2197 1357 ιιι.
2214 1311 2330 1356 698.
2353 1307 2369 1333 4
2388 1307 2614 1356 etiamne
2640 1319 2728 1367 pa·

528 1370 666 1419 rabit
690 1369 908 1420 Nostros
933 1372 1019 1420 ilie
1043 1371 1244 1436 domos,
1284 1380 1486 1421 nostras
1511 1386 1846 1436 perrumpere
1866 1372 1916 1422 in
1942 1386 2088 1422 arces
2106 1371 2139 1420 ?’
2158 1371 2303 1420 ’-20
2337 1370 2398 1419 Iu
2418 1371 2628 1434 patriam
2645 1384 2726 1432 po-

523 1436 775 1497 pulumque
797 1435 950 1486 Harl.
974 1439 1021 1485 1.
1044 1440 1094 1486 2.
1116 1441 1165 1486 8.
1191 1440 1241 1487 4.
1267 1443 1316 1485 5.
1338 1441 1388 1487 6.
1426 1438 1557 1486 Exc.
1580 1438 1703 1487 Sax.
1724 1450 2002 1502 omnesque
2026 1434 2136 1485 fere
2160 1435 2246 1485 alii
2279 1435 2434 1484 codd.
2459 1449 2575 1482 cum
2608 1432 2724 1482 edd.

529 1497 710 1547 Zarot.
741 1499 955 1549 Medici.
971 1500 1188 1549 Venett.
1214 1501 1320 1551 Cru
1362 1536 1374 1549 .
1397 1501 1580 1551 Laud).
1600 1503 1840 1551 Torrent.
1859 1501 2049 1551 Heius.
2067 1501 2248 1563 Steph.
2272 1499 2442 1553 Bond.
2457 1498 2724 1549 Scin-evei.

533 1562 722 1621 Delph.
759 1564 913 1613 Baxt.
936 1563 1076 1621 Jani,
1097 1565 1311 1629 Bipont.
1406 1567 1562 1615 itsch.
1582 1567 1805 1617 Wetzel.
1835 1566 2015 1617 Comb.
2037 1572 2094 1615 et
2117 1566 2182 1615 ai.
2217 1566 2465 1628 ‘populum
2495 1564 2728 1626 patriam·

527 1627 617 1689 q'ue
640 1625 862 1677 Heimst.
928 1627 1164 1678 Insciens
1184 1630 1359 1679 multis
1381 1630 1490 1679 visa
1513 1632 1624 1679 baec
1640 1631 1921 1693 junctura:
1947 1631 2009 1680 In
2025 1630 2237 1692 patriam
2254 1631 2582 1692 populumque,
2607 1628 2727 1691 quia

528 1690 892 1752 iuter.patriam
925 1700 979 1742 et
1015 1695 1235 1756 populum
1257 1694 1330 1742 nil
1354 1695 1577 1755 intersit,
1614 1704 1671 1744 et
1709 1696 1785 1748 sic
1811 1695 2092 1758 tautologia
2129 1694 2326 1744 oriatur
2359 1707 2461 1743 non
2494 1691 2728 1743 ferenda.

529 1753 718 1817 Itaque
742 1754 891 1820 Inque
918 1763 1079 1818 patres
1110 1759 1421 1821 populumque
1458 1759 1662 1808 emend.
1688 1767 1746 1809 et
1783 1759 1867 1809 ed.
1904 1759 2077 1809 Bentl.
2113 1764 2169 1808 et
2202 1757 2395 1820 densis,
2418 1765 2477 1807 ut
2499 1759 2614 1821 ipse
2637 1757 2732 1817 ait,

527 1818 868 1882 phalangibus
901 1822 1133 1871 locorum
1158 1823 1412 1886 ostendit,
1434 1822 1573 1888 quod
1596 1837 1722 1876 sane
1746 1824 2057 1884 sciebamus,
2090 1829 2254 1887 patres
2283 1828 2330 1871 et
2365 1824 2590 1886 populum
2625 1821 2728 1872 dici

527 1896 701 1944 posse,
723 1890 777 1932 et
798 1884 901 1934 dici
928 1887 978 1933 in
1004 1887 1365 1949 scriptoribus.
1423 1887 1525 1936 Sed
1552 1887 1877 1938 nibilominus
1900 1887 2153 1948 hocloco,
2176 1893 2236 1935 ut
2260 1894 2404 1936 recte
2425 1888 2554 1935 vidit
2568 1886 2727 1937 Gesn.

526 1961 697 2010 neque
717 1961 865 2012 opus,
886 1963 1054 2014 neque
1078 1958 1279 2013 aptum,
1311 1965 1482 2016 neque
1506 1952 1728 2002 aulicum
1752 1961 1887 2013 erat,
1911 1966 2197 2002 memorare
2218 1958 2396 2014 patres.
2464 1952 2584 2001 Non
2606 1952 2728 1999 alie-

529 2026 649 2060 num
676 2009 830 2062 fuisse
868 2029 898 2062 a
936 2016 1314 2064 consuetudine
1349 2024 1586 2066 veterum
1613 2018 1843 2081 jungere
1878 2016 2089 2080 patriam
2124 2023 2180 2066 et
2208 2018 2431 2078 populum
2468 2029 2535 2065 ex
2575 2016 2729 2066 Ovid.

526 2075 665 2125 Met.
691 2089 791 2125 xv.
816 2081 929 2127 572.
962 2086 1019 2127 et
1035 2077 1277 2129 Juvenal.
1305 2093 1423 2129 xlv.
1447 2085 1530 2131 70.
1564 2095 1681 2130 nam
1700 2083 1837 2147 quod
1862 2082 1913 2130 in
1937 2082 2014 2130 bis
2036 2081 2190 2131 etiam
2216 2081 2391 2129 Benti.
2414 2087 2601 2129 contra
2624 2095 2728 2129 om-

530 2153 624 2215 pes
647 2139 800 2188 codd.
824 2142 925 2203 legi
951 2143 1060 2191 vuit
1081 2144 1313 2206 patribus,
1333 2146 1385 2193 id
1408 2159 1622 2195 summae
1648 2147 1962 2197 temeritatis
1986 2152 2082 2196 est.
2147 2145 2484 2210 Deniqne'nil
2516 2160 2727 2209 usquam

531 2210 788 2252 interesse
828 2205 963 2254 inter
993 2208 1204 2269 patriam
1242 2217 1298 2256 et
1334 2211 1577 2272 populum,
1602 2211 1728 2269 illud
1758 2211 1970 2261 videant
1993 2209 2130 2259 unde
2154 2209 2437 2259 defendant
2464 2210 2579 2259 VV.
2606 2212 2728 2259 DD.

538 2267 601 2316 In
619 2267 828 2329 patriam
842 2270 1121 2333 populosque
1143 2273 1280 2335 conj.
1301 2273 1432 2322 Cun.
1464 2281 1518 2322 et
1545 2276 1743 2338 recepit
1764 2275 1888 2325 San.
1913 2276 2000 2341 qui
2020 2275 2229 2339 patrium
2257 2274 2486 2337 explicat
2514 2275 2708 2324 Urbem
2812 2311 2817 2317 -

529 2345 836 2408 comparans
854 2347 904 2410 ι..
918 2339 964 2384 2.
986 2338 1036 2385 4.
1057 2350 1132 2400 sq.
1167 2339 1340 2385 terruit
1366 2338 1559 2397 Urbem,
1592 2339 1770 2389 terruit
1798 2345 2002 2402 genten
2045 2340 2107 2389 it.
2143 2339 2375 2388 Martini.
2401 2350 2505 2387 xu.
2527 2342 2575 2387 3.
2610 2342 2626 2366 4
2646 2308 2729 2388 Ad

529 2395 750 2509 ῗῖἕὲῗὲῗῗ
771 2401 1828 2526 ¹¹¹}t.“‚‚22¹‚¹.3.:¹.¹'0.¹f.23133552ss2¹³³⁸÷2111¹11³
1845 2419 1904 2468 '²'
1901 2418 2010 2517 {1⁶⁰⁸
2010 2406 2387 2518 mum&
2404 2404 2729 2530 «ἵζ’..ξ“9;ι.ῗέ

531 2528 658 2601 -21
696 2524 916 2601 Cunipg.
952 2528 1117 2577 Motus
1138 2481 1181 2578 ις
1203 2545 1258 2590 g.
1287 2483 1463 2580 loniaess.
1528 2484 1656 2581 Fufi·
1695 2533 1759 2581 ad
1792 2502 1948 2583 finer.
1986 2546 2075 2583 ιιι.
2110 2537 2225 2582 568.
2259 2533 2392 2596 conj.
2439 2501 2605 2580 Motus
2633 2546 2726 2579 mo-

529 2602 702 2651 cmg.
726 2589 922 2640 Ionwos.
990 2593 1109 2642 Non
1151 2592 1428 2644 defuerunt
1464 2596 1553 2660 qui
1589 2596 1695 2659 legi
1729 2598 1926 2648 vellent
1962 2598 2116 2647 etiam
2154 2597 2365 2662 Ionicos,
2402 2604 2459 2646 ut
2478 2598 2552 2658 τῷ·
2572 2597 2728 2647 doceri

1522 2723 1739 2776 NOTAE

590 2835 653 2881 21
692 2831 857 2883 Motus
874 2836 1031 2885 doceri
1058 2839 1235 2899 gaudet
1259 2838 1447 2888 Ionicos
1476 2840 1590 2891 Ma·

528 2911 642 2957 tura
662 2910 825 2975 virgo]
852 2912 1006 2963 Unde
1029 2928 1187 2977 porro
1211 2923 1290 2964 tot
1314 2916 1591 2984 adulteria,

1671 2842 1952 2893 Romanam
1967 2844 2299 2907 juventutem
2325 2840 2600 2907 aliquando
2621 2857 2728 2893 mos

1669 2915 1813 2979 fnit,’
1837 2919 2036 2982 inquit3
2075 2918 2092 2946 4
2116 2917 2363 2984 siquidem
2399 2918 2556 2967 Iones
2597 2920 2726 2982 psal-

527 2989 711 3049 totque
747 2985 1063 3050 flagitiorum
1095 2989 1305 3041 infamia
1332 3000 1388 3042 et
1419 2993 1591 3057 pravi-

528 3061 644 3109 tas?
669 3061 911 3112 nimirum
935 3066 1069 3129 qnod
1094 3067 1295 3117 nubiles
1318 3069 1505 3131 puelloe
1522 3069 1591 3118 ad

528 3135 759 3198 impuras
792 3145 933 3188 artes
966 3138 1271 3203 formantur,
1294 3143 1488 3194 Ionicis
1512 3145 1589 3194 in-

529 3210 752 3284 dulgent
792 3213 1195 3279 sultationibus„
1221 3219 1404 3283 quibus
1442 3235 1590 3271 mens

527 3286 729 3348 pariter
746 3297 800 3338 et
816 3303 1004 3353 corpus
1021 3302 1436 3359 corrumpuntur.
1468 3299 1590 3347 Hoc

530 3360 677 3411 fonte
700 3374 910 3415 manant
937 3374 1014 3417 tot
1037 3371 1187 3420 main.
1255 3371 1391 3420 Nam
1423 3372 1590 3434 primo

527 3437 754 3489 incestos
783 3456 980 3491 amores
1013 3444 1399 3496 adolescentula
1428 3448 1595 3498 medi·

528 3520 693 3575 tatur,
731 3524 1005 3583 antequam
1044 3521 1237 3582 nubst3
1271 3531 1437 3586 nupta
1469 3539 1594 3575 moe·

529 3589 651 3638 cbos
690 3598 953 3643 sectatur:
1012 3595 1216 3646 demum
1262 3598 1590 3663 lenocinante

527 3665 713 3716 marito
731 3669 901 3730 polam
921 3671 1086 3720 servit
1108 3674 1400 3723 meretricio
1422 3690 1588 3740 quaes-

529 3741 622 3791 tui.
666 3739 1033 3796 Animadverte
1051 3747 1240 3810 gradus
1255 3750 1319 3799 ad
1341 3764 1587 3800 summam

529 3814 868 3878 impudicitiae
891 3821 1075 3872 labem.

595 3892 761 3940 Motus
784 3894 991 3959 Ionicos]
1025 3897 1266 3948 Lascivas
1289 3902 1587 3953 saltationes

532 3964 598 4013 ab
636 3965 849 4016 Ionibus
889 3969 1148 4021 inventas.
1204 3974 1335 4025 Coel.
1366 3977 1587 4041 Rhodig.

532 4055 703 4090 xvnr.
747 4047 830 4093 25.
884 4046 900 4072 4
927 4046 1154 4097 Ionicam
1199 4051 1486 4115 mollitiem,
1529 4062 1587 4106 et

532 4117 733 4166 choreis
776 4122 1098 4185 mancipatos
1148 4125 1375 4178 animos’
1418 4138 1586 4180 vocat.

535 4192 688 4242 Alex.
733 4194 798 4243 ab
839 4195 990 4245 Alex.
1026 4213 1087 4249 η.
1121 4206 1204 4251 25.
1227 4205 1263 4252 ,4
1285 4204 1587 4256 Saitationis

532 4281 739 4330 genera,
776 4277 832 4321 et
877 4281 1046 4328 motus
1098 4277 1303 4329 Ionicos
1350 4280 1587 4331 ediscere

1670 2992 1811 3043 leudi
1833 3007 2087 3053 normam,
2109 3000 2165 3042 et
2186 2995 2365 3043 molles
2389 2996 2551 3043 saltus
2576 2996 2726 3057 primi

1669 3068 1929 3118 invenisse
1967 3068 2277 3118 traduntur!
2349 3069 2525 3130 Pisut.
2568 3071 2726 3118 Stich.

1670 3143 1767 3193 sub
1788 3142 1973 3192 finem:
2008 3143 2024 3171 ‘
2048 3143 2178 3195 Quis
2209 3143 2416 3193 Ionicus
2448 3151 2539 3192 aut
2572 3145 2726 3193 ciuae-

1667 3219 1830 3282 dicus,
1865 3220 1948 3283 qui
1985 3219 2082 3267 hoc
2127 3220 2230 3269 tale
2264 3218 2441 3269 facere
2474 3219 2726 3283 possiet?

1668 3294 1825 3359 Apud
1869 3294 2206 3357 Aristophan.
2261 3294 2472 3344 ’tumes
2494 3295 2728 3364 ‚ponitur

1667 3385 1764 3433 pro
1807 3369 1975 3435 ἁβρῶς,
2017 3371 2241 3435 mutter,
2281 3372 2500 3433 delicate,
2530 3371 2725 3431 sestis-2.

1666 3445 1859 3496 Athen.
1886 3459 1990 3495 xu.
2013 3452 2062 3495 6.
2096 3449 2111 3475 4
2135 3446 2289 3496 Iones
2314 3448 2515 3509 mones,
2538 3448 2723 3497 delicu-

1666 3522 1733 3571 tis
1750 3523 1929 3571 amicti
1943 3522 2192 3582 vestibus,
2205 3524 2473 3586 voluptate
2491 3522 2724 3572 diffluen-

1667 3601 1780 3656 tes,'
1794 3598 2142 3660 appellantur.
2176 3597 2311 3650 Ibid.
2329 3612 2395 3647 ex
2406 3599 2723 3662 Theophras-

1671 3680 1744 3734 to,
1762 3673 1943 3722 Ionum
1963 3674 2111 3724 luxus
2127 3674 2431 3724 immodicus
2450 3675 2501 3723 in
2516 3688 2724 3737 prover·

1669 3749 1809 3797 bium
1845 3748 2033 3800 abiisse
2067 3751 2274 3809 dicitur,
2309 3751 2377 3799 sd
2412 3752 2528 3815 ejus
2565 3765 2722 3816 usqne

1667 3824 1932 3874 soeculum.
1968 3838 2084 3876 xiv.
2107 3832 2155 3876 6.
2177 3828 2192 3855 4
2217 3827 2399 3876 Ionum
2435 3843 2609 3878 mores
2639 3830 2723 3878 de-

1665 3900 1799 3950 liciis
1844 3901 2199 3966 perditissimi,
2232 3911 2415 3952 cantus
2453 3919 2484 3952 a
2521 3911 2722 3954 vetusto

1667 3979 1818 4042 longe
1850 3980 2101 4041 diversus,
2136 3982 2398 4031 harmonia
2434 3982 2723 4040 remissior?

1666 4063 2011 4118 nuncupatur.
2051 4057 2179 4121 Cap.
2194 4056 2348 4108 ΔλἮιν
2368 4056 2421 4106 δέ
2437 4076 2512 4108 τις
2533 4058 2610 4107 καὶ
2630 4059 2721 4105 Ἰο-

1669 4131 1797 4188 meir
1814 4130 2012 4195 ὄρχησις
2047 4131 2304 4197 παροίνιος,
2338 4133 2504 4183 Ionica
2535 4134 2721 4183 saltatio

1667 4207 1794 4257 inter
1812 4209 1942 4258 vino.

1732 4283 1942 4348 Ionicos]
1982 4284 2135 4335 Iones
2167 4285 2220 4335 in
2257 4284 2383 4336 Asia
2421 4286 2631 4349 Minori,
2655 4284 2715 4334 ab
