3059 4909
990 376 1407 432 caenum-M
1459 377 1604 427 ma.
1654 378 1706 426 1.
1749 360 1857 426 38.

690 459 725 512 Ι
874 491 909 550 s
1050 472 1103 666 ts

1590 475 1622 534 l

580 528 776 595 Mitte
807 526 1074 605 sectari,
1105 545 1265 592 rosa
1295 485 1429 609 quel>
1446 524 1758 643 Jocorum

1101 603 1265 696 Sera
1288 633 1600 696 meretur.

321 852 484 902 ovinius
510 854 807 917 perscrutari
825 853 989 918 quibus
1009 854 1063 903 in
1082 852 1354 917 regionib-s
1371 851 1550 901 durent
1570 863 1696 900 rm
1714 849 1951 900 serotina.
2018 846 2248 911 Inprimis
2270 848 2451 910 studeo,
2472 858 2532 893 ne
2581 835 2592 846 ’

1311 1045 1534 1100 NOTAE

319 1199 621 1250 succrescit.
686 1198 807 1250 Hac
848 1183 1131 1249 utebantur
1162 1203 1277 1247 tum
1314 1194 1382 1246 ad
1451 1195 1612 1260 jubet
1631 1210 1697 1245 ex
1722 1192 2087 1252 Archestram,
2126 1192 2142 1220 ⁴
2167 1195 2424 1255 perpetuo
2448 1205 2531 1240 co-

318 1276 604 1328 nectendos
647 1274 822 1342 flores,
859 1285 967 1327 tum
1005 1274 1067 1325 ad
1108 1273 1381 1323 lemniscos

317 1352 708 1418 appendendos.
777 1349 915 1404 Plin.
940 1364 1059 1402 xvr.
1083 1355 1162 1401 14.
1192 1351 1211 1380 ⁴
1231 1348 1382 1399 Inter

319 1430 567 1480 corticem
610 1436 670 1480 et
708 1429 904 1493 lignum
949 1437 1130 1479 tenues
1176 1427 1385 1488 tunicae,

317 1504 598 1568 multiplici
635 1506 953 1567 membrana,
987 1518 1016 1554 e
1050 1503 1235 1569 quibus
1272 1503 1381 1552 vin-

318 1582 435 1630 cula
471 1582 600 1631 tiliae
634 1586 917 1631 vocantur:
950 1580 1269 1631 tenuissimoe
1299 1595 1383 1631 ea·

318 1671 426 1706 rum
444 1655 587 1720 pbily
595 1671 686 1721 ιω,
703 1669 1006 1708 coronarum
1022 1658 1281 1709 lemniscis
1297 1672 1384 1708 ce-

318 1734 509 1796 lebres,
531 1734 855 1798 antiquorum
878 1735 1104 1784 honore.⁸
1169 1736 1241 1785 Et
1256 1745 1382 1785 ιιι.

321 1813 369 1861 3.
390 1813 405 1840 ‘
420 1812 637 1861 Crassus
656 1812 819 1874 dives,
839 1813 1033 1875 primus
1053 1820 1271 1875 argento
1296 1828 1384 1863 au-

320 1902 482 1953 roque
509 1885 633 1938 folia
665 1888 917 1951 imitatus,
955 1887 1091 1938 ludis
1113 1890 1217 1938 suis
1239 1905 1384 1940 coro-

320 1981 412 2015 nas
437 1964 603 2015 dedit.
668 1965 1019 2017 Accesserant
1049 1973 1105 2015 et
1136 1966 1385 2031 lemnisci,

319 2057 450 2107 quos
474 2041 631 2106 adjici
651 2042 879 2107 ipsarum
897 2057 1202 2093 coronarum
1223 2042 1385 2093 bonos

319 2126 433 2172 erat
456 2155 470 2169 .
496 2156 511 2170 .
536 2153 549 2168 .
574 2120 821 2169 Claudius
863 2119 1094 2169 Pulcher
1139 2118 1386 2172 bracteas

320 2197 476 2246 etiam
515 2196 732 2268 philyrae
770 2195 952 2247 dedit!
1023 2196 1209 2261 Augei.
1244 2197 1387 2265 Poli-

321 2272 446 2322 tian.
496 2272 720 2324 Miscell.
764 2288 880 2338 cap.
925 2277 1008 2323 72.
1055 2275 1129 2324 ita
1169 2274 1385 2325 scribit:

321 2347 589 2415 ‘Philyrae
634 2365 756 2401 usus
801 2351 1122 2416 percelebris
1167 2351 1290 2403 olim
1334 2353 1389 2402 in

323 2426 565 2496 texendis
612 2428 849 2479 coronis:
899 2443 928 2478 e
973 2428 1189 2493 philyris
1230 2428 1388 2478 etiam

322 2502 519 2554 fiebant
563 2505 817 2568 lemnisci,
855 2504 907 2554 id
954 2512 1055 2564 est,
1093 2501 1321 2556 fasciolae
1359 2518 1390 2554 e

262 2625 268 2636 .
326 2577 529 2632 coronis
553 2582 830 2647 pendulae)

394 2659 618 2724 Coronoe]
677 2661 779 2712 Hae
818 2659 1014 2711 fiebant
1052 2674 1083 2711 e
1119 2657 1390 2709 frondibus

324 2752 383 2788 ac
409 2736 621 2806 floribus
644 2738 870 2802 bederae,
902 2753 1053 2802 rosae,
1085 2737 1261 2800 violae,
1280 2738 1391 2786 lau-

326 2816 391 2883 ri,
430 2816 543 2872 lilii,
584 2816 821 2875 narcissi,
858 2816 1033 2881 myrti,
1073 2818 1169 2866 ὅτε.
1202 2805 1391 2879 bisque

325 2893 516 2944 discuti
541 2892 871 2956 ebrietatem,
901 2899 956 2944 et
978 2892 1166 2957 capitis
1186 2891 1391 2941 dolores

325 2970 639 3034 credebant,
659 2986 748 3020 seu
773 2970 1192 3033 constringendo,
1206 2982 1295 3019 seu
1309 2982 1393 3018 re-

323 3039 638 3111 frigerando.
706 3047 977 3098 Plutarch.
1017 3047 1260 3111 Sympos.
1307 3060 1394 3098 111.

330 3129 378 3175 1.
414 3128 430 3154 ‘
454 3125 538 3176 An
570 3127 710 3175 inter
745 3125 1027 3191 potandum
1060 3126 1263 3175 coronis
1301 3121 1394 3174 flo-

327 3201 432 3273 reis
479 3217 541 3252 ac
575 3202 732 3253 sertis
774 3203 1024 3253 utendum
1058 3192 1172 3266 sit,’‘
1219 3202 1394 3252 multis

327 3277 597 3343 disputat:
636 3282 712 3330 ait
752 3295 893 3337 vero,
924 3279 939 3308 ‘
958 3278 1173 3329 Hedera
1205 3293 1393 3343 crapu-

328 3358 430 3406 lam
477 3357 730 3423 restingui
769 3391 784 3407 .
807 3391 821 3407 .
847 3391 861 3409 .
893 3356 1193 3420 amethysto
1235 3354 1399 3405 herba

329 3434 469 3484 sicut
499 3441 555 3483 et
576 3425 777 3497 gemma
814 3434 1149 3483 vinolentiam
1187 3432 1396 3493 retundi

331 3543 347 3559 .
372 3543 385 3557 .
413 3544 430 3561 .
457 3509 628 3559 vinnm
651 3510 695 3559 si
717 3509 925 3575 quaudo
963 3518 1124 3574 caput
1161 3515 1397 3561 tentave-

329 3586 423 3650 rit,
438 3583 629 3635 florum
647 3601 825 3640 auram
845 3586 1102 3648 auxiliari,
1119 3593 1172 3636 et
1197 3586 1398 3636 munire

332 3664 578 3736 adversus
625 3663 922 3727 crapulam3
966 3678 1030 3713 eo
1072 3655 1215 3729 quod
1243 3657 1399 3712 flores

331 3740 490 3810 calidi
550 3740 738 3789 leniter
796 3742 1114 3804 spiramenta
1166 3742 1400 3789 laxantes

331 3818 652 3881 spiraculum
699 3817 823 3866 vino
877 3823 1166 3880 praestant:
1221 3813 1401 3878 frigidi

333 3912 458 3946 vero
476 3894 680 3945 modice
710 3894 1018 3958 stringendo
1041 3885 1303 3960 repellunt
1324 3893 1400 3941 iu·

331 3973 619 4037 bibentque
658 3972 1081 4037 evaporationes:
1117 3983 1218 4020 ceu
1252 3968 1404 4033 viola,

335 4060 389 4104 et
426 4066 620 4103 corona
652 4066 722 4102 ex
762 4048 925 4114 rosis,'
966 4054 1066 4102 διο.
1133 4050 1202 4100 Et
1234 4063 1299 4098 ex
1323 4048 1401 4098 his

337 4130 556 4195 aliisque
580 4127 777 4179 ibidem
811 4128 1164 4192 compluribus
1188 4127 1402 4177 conclu·

337 4207 433 4268 dit,
455 4206 663 4255 coronis
696 4203 871 4258 floreis
908 4206 1045 4255 inter
1078 4206 1264 4269 pocula
1286 4219 1401 4255 usos

339 4292 619 4349 propterea
662 4290 891 4338 veteres.
958 4282 1281 4336 Atbemm.
1319 4286 1401 4332 21.

1462 1274 1601 1323 ronis
1641 1272 1780 1321 inter
1819 1284 2017 1320 coenam
2054 1276 2214 1332 caput
2245 1267 2531 1320 omnifariis

1461 1347 1725 1399 redimiri!
1791 1345 1896 1396 Sed
1936 1357 2032 1398 xv.
2054 1350 2107 1396 δ.
2145 1357 2209 1393 ex
2238 1337 2526 1395 Aristotele

1463 1432 1518 1477 et
1544 1423 1802 1482 Aristone,
1844 1421 2092 1473 affirmat:
2128 1422 2420 1488 ‘Antiquos
2460 1423 2532 1473 ob

1465 1504 1655 1568 capitis
1676 1502 1990 1567 gravitatem
2009 1509 2066 1551 et
2092 1489 2326 1550 dolorem
2360 1514 2394 1552 a
2425 1500 2533 1550 vini

1466 1590 1595 1646 potu
1638 1582 1900 1631 vinculum
1951 1579 2278 1644 temporibus
2317 1575 2538 1633 aubibus

1465 1662 1588 1720 isse,
1633 1662 1770 1726 quod
1817 1673 1930 1709 eam
1968 1659 2258 1726 ligaturam·
2283 1657 2536 1724 prodesse

1466 1738 1778 1789 crederent:
1814 1742 2050 1802 posteros
2093 1743 2284 1799 autem,
2319 1741 2533 1784 ornatus

1466 1824 1521 1867 et
1566 1813 1939 1875 oblectamenti
1987 1809 2174 1876 gratia,
2225 1826 2439 1861 coronas
2479 1811 2534 1860 in

1467 1908 1580 1943 eom
1589 1890 1939 1956 potationibus
1952 1887 2311 1952 excogitasse-⁸
2324 1889 2393 1938 Et
2409 1901 2536 1951 pau-

1466 1970 1517 2020 lo
1562 1976 1697 2032 post,
1736 1969 1841 2020 ait:
1877 1965 2106 2030 ‘capitis
2145 1963 2312 2013 dolori
2348 1957 2533 2012 florum

1465 2043 1739 2100 fasciculos
1762 2060 1824 2097 ac
1865 2052 2011 2093 serta
2046 2040 2247 2091 mederi
2278 2053 2370 2088 suo
2395 2052 2538 2088 com-¹

1469 2138 1651 2189 pressu
1674 2130 1728 2173 et
1747 2119 1987 2172 vinculo!
2055 2118 2196 2170 Plin.
2219 2129 2340 2167 111.
2358 2119 2406 2165 3.
2421 2116 2532 2181 jam

1469 2201 1561 2251 cit.
1588 2199 1662 2249 sic
1685 2200 1843 2249 habet
1864 2214 1878 2247 ι
1914 2204 1929 2226 ‘
1948 2195 2103 2261 Apud
2129 2195 2343 2246 Graeces
2367 2193 2433 2242 de
2450 2206 2537 2242 co·

1468 2278 1609 2328 ronis
1651 2277 1907 2340 scripsere
1944 2274 2248 2326 Mnestheus
2284 2279 2340 2321 et
2379 2269 2537 2321 Calli·

1469 2354 1682 2404 machus
1698 2352 1918 2415 Medici,
1940 2367 2056 2417 qnae
2076 2356 2324 2401 nocerent
2340 2348 2537 2412 capiti:

1471 2430 1713 2495 quoniam
1752 2437 1808 2478 et
1845 2428 1899 2478 in
1923 2428 2018 2477 hoc
2042 2434 2122 2477 est
2146 2426 2317 2492 aliqua
2339 2426 2542 2474 valetn-

1471 2505 1607 2556 dinis
1650 2505 1860 2569 portio;
1894 2503 1948 2553 in
1994 2510 2125 2568 potu
2170 2509 2326 2569 atque
2367 2500 2541 2551 hilari·

1472 2589 1582 2634 tate
1605 2581 1890 2646 praecipue,
1913 2578 2130 2650 odorum
2155 2579 2206 2628 vi
2229 2585 2540 2642 surrepente

1471 2657 1771 2724 fallaciter‚'
1794 2662 1896 2710 διο.
1919 2656 2006 2707 ubi
2026 2656 2182 2706 etiam
2201 2653 2366 2706 refert
2388 2655 2542 2705 Cleo-

1474 2745 1678 2803 petram
1721 2752 1816 2802 per
1859 2736 2016 2786 illitas
2068 2749 2268 2786 veneno
2321 2747 2541 2783 coronas

1473 2814 1705 2866 Antonio
1747 2814 2061 2864 insidiatum.
2143 2813 2228 2862 Ex
2268 2810 2372 2861 illis
2415 2822 2542 2861 vero

1474 2909 1592 2960 quae
1616 2900 1739 2962 ante
1772 2892 1915 2942 dicta
1950 2896 2092 2951 sunt,
2123 2889 2282 2941 Ovid.
2322 2889 2464 2939 Fast.
2486 2902 2543 2939 v.

1474 2974 1591 3021 837.
1609 2972 1685 3022 ita
1710 2970 1885 3020 canit:
1922 2976 1936 2998 ‘
1955 2967 2145 3019 Ebrius
2163 2967 2408 3017 incinctis
2433 2965 2546 3029 phi·

1475 3048 1590 3116 lyra
1632 3046 1850 3097 conviva
1883 3046 2086 3111 capillis
2131 3044 2321 3101 Saltat,
2358 3049 2413 3092 et
2452 3041 2547 3091 im-

1476 3124 1705 3192 prudens
1729 3123 1893 3173 utitur
1917 3132 2029 3171 arte
2051 3119 2218 3171 meri.'

1541 3206 1570 3251 3
1606 3203 1759 3251 Mine
1791 3200 1983 3258 sectari,
2026 3213 2135 3248 rosa
2174 3213 2283 3262 quo,
2316 3196 2426 3260 ξω]
2458 3197 2546 3247 Ne

1473 3279 1681 3330 labores
1705 3278 1771 3327 ad
1794 3275 2184 3340 investigandas
2218 3287 2358 3323 rosas
2391 3279 2554 3322 extra-

1476 3363 1706 3421 tempus,
1742 3354 2057 3405 texendasve
2094 3367 2123 3401 e
2157 3349 2287 3400 raris
2329 3347 2547 3399 floribus

1478 3447 1717 3483 coronas.
1786 3430 1977 3481 Athen.
2002 3430 2094 3480 cit.
2111 3429 2165 3477 in
2193 3426 2443 3478 conviviis
2468 3439 2549 3474 ro-

1477 3525 1593 3559 seas
1640 3523 1859 3559 coronas
1903 3504 2253 3557 commendat.
2321 3502 2391 3553 At
2435 3516 2549 3564 eas,

1479 3602 1595 3636 cum
1612 3593 1799 3636 natura
1810 3592 1991 3648 negat,
2008 3582 2271 3632 luxuriose
2284 3586 2548 3629 sectantes

1479 3664 1557 3713 ita
1589 3662 1806 3725 corripit
1827 3662 2028 3711 Seneca
2051 3659 2222 3721 Epist.
2246 3660 2360 3707 122.
2386 3670 2451 3705 an
2475 3655 2549 3703 vi-

1481 3747 1611 3791 vunt
1627 3747 1814 3790 contra
1829 3743 2090 3795 naturam,
2112 3736 2201 3800 qui
2222 3735 2406 3797 hyeme
2428 3746 2549 3784 con·
2631 3779 2646 3788 ,

1482 3819 1759 3884 cupiscunt
1793 3816 1993 3866 rosam?
2058 3814 2131 3864 Et
2167 3812 2258 3876 qui
2301 3824 2550 3875 aquarum

1481 3881 1714 3946 fomento
1737 3893 2041 3954 calentium,
2067 3898 2138 3962 ‚et
2170 3889 2399 3938 calorum
2424 3894 2551 3953 apta

1481 3973 1772 4024 mutatione
1812 3969 1922 4037 (vel
1962 3969 2152 4038 potius,
2197 3964 2557 4028 ‘imitatioue,'

1482 4050 1537 4101 id
1583 4055 1681 4113 est,
1728 4046 1976 4100 imitando
2027 4046 2256 4096 calorem
2294 4042 2556 4100 aestivum,

1484 4127 1573 4194 qui
1613 4143 1644 4177 a
1690 4134 1876 4178 natura
1912 4131 2015 4186 est,
2060 4137 2125 4172 ex
2171 4119 2349 4186 Lipsio
2395 4115 2551 4179 ibid.)

1482 4204 1669 4256 bruma
1711 4205 1872 4256 lilium
1908 4200 2086 4252 florem
2128 4212 2341 4249 vernum
2378 4195 2551 4259 expri-

1483 4282 1672 4333 munt?
