3059 4909
959 404 1377 458 etiamnum
1427 407 1573 457 mn.
1623 408 1702 457 11.
1749 391 1855 458 13.
2370 392 2502 459 319

647 550 830 633 Quin
860 562 932 620 et
961 553 1401 622 Prometheus
1422 559 1491 619 et
1516 553 1800 639 Pelopis
1826 573 2071 640 parens

647 656 854 723 Dulci
883 658 1188 723 laborum
1220 656 1552 743 decipitur
1582 676 1793 723 sono:

300 822 564 874 Furiarum
583 822 792 875 minibus
811 824 1026 890 implexi.
1071 826 1221 875 Immo
1243 823 1388 875 etiam
1412 824 1741 881 Prometheus.
1766 829 1815 875 et
1836 823 2030 889 Pelopis
2043 829 2182 890 pater
2199 826 2338 877 suavi
2358 832 2500 879 canen

1214 954 1578 976 eeeaeuune

1371 1036 1481 1088 Ait.
1504 1043 1557 1089 2.
1593 1053 1624 1088 a
1645 1053 1714 1089 m.
1737 1052 1844 1090 sec.
1878 1045 1933 1089 et
1966 1038 2319 1092 Lentim—38
2351 1044 2501 1095 Daiei

300 1100 505 1150 laborem
545 1100 623 1167 (h.
644 1117 691 1151 e.
714 1103 850 1168 quod
888 1104 952 1153 ad
992 1104 1194 1155 laborem
1227 1103 1485 1168 pertinet)
1513 1101 1725 1168 quidam
1755 1103 1936 1155 Lamb.
1957 1105 2060 1155 dno
2095 1105 2221 1156 libb.
2251 1104 2502 1171 Turnebi,

299 1165 527 1216 Advers.
550 1179 608 1215 x.
631 1170 712 1216 21.
748 1169 917 1218 Pulm.
939 1169 1121 1219 Hunn.
1149 1177 1207 1220 et
1241 1169 1345 1219 duo
1367 1169 1454 1218 alii
1476 1185 1607 1236 quos
1648 1170 1896 1232 inspexit,
1931 1169 2035 1220 duo
2068 1165 2310 1223 Torrent.
2335 1174 2501 1228 Brod.

302 1230 454 1282 Gott.
477 1232 655 1282 Bentl.
673 1232 830 1285 Bodl.
854 1238 900 1284 1.
921 1242 975 1284 et
999 1233 1237 1287 Colbcrt.
1258 1249 1354 1299 pro
1378 1249 1486 1285 var.
1521 1236 1650 1286 lect.
1721 1235 1791 1285 Et
1814 1235 1890 1285 sic
1911 1232 2094 1286 Lamb.
2118 1234 2301 1289 Heins.
2323 1238 2506 1292 Bentl.‘

302 1295 436 1346 Cun.
458 1304 514 1346 et
536 1299 658 1347 San.
687 1298 845 1349 labore
867 1299 1049 1351 Bentl.
1067 1300 1266 1351 Battel.
1309 1299 1414 1350 Sed
1436 1301 1649 1350 laborum
1666 1299 1792 1351 Acr.
1817 1301 2009 1365 Porph.
2029 1301 2319 1355 comment.
2340 1305 2501 1370 Cruq.

340 1361 512 1410 uidam
547 1362 732 1414 Lamb.
773 1363 922 1415 Harl.
945 1369 996 1416 1.
1019 1368 1067 1416 2.
1089 1369 1140 1415 8.
1162 1370 1212 1415 4.
1236 1372 1283 1416 5.
1305 1370 1357 1415 6.
1389 1372 1497 1416 tres
1538 1366 1740 1415 Bersm.
1778 1365 1952 1416 Pulm.
1987 1365 2257 1418 Gemblac.
2292 1373 2339 1418 1.
2358 1374 2408 1420 2.
2444 1376 2501 1420 et

338 1426 495 1483 ‚elien
524 1427 702 1479 Bentl.
747 1443 925 1479 omnes
968 1431 1152 1491 ceteri,
1193 1430 1412 1482 Mentel.
1457 1432 1635 1495 plures
1666 1432 1904 1482 Torreat.
1936 1445 2111 1481 omnes
2152 1433 2311 1498 Cruq.
2349 1437 2503 1487 Des‘s.

299 1491 627 1555 Lipss..Altt.
651 1494 806 1545 Fran.
823 1494 1016 1545 Venet.
1037 1499 1180 1547 1478.
1200 1500 1344 1546 1492.
1364 1495 1489 1545 Asc.
1506 1497 1726 1547 Loclner.
1745 1497 1938 1547 Muret.
1971 1497 2132 1561 Cruq.
2157 1498 2311 1551 Torr.
2343 1501 2500 1552 Fabr.

300 1554 481 1621 Steph.
521 1558 648 1608 Fab.
689 1559 853 1623 Rutg.
890 1560 1049 1610 Baxt.
1089 1561 1215 1612 Jon.
1249 1560 1387 1611 Sivr.
1425 1561 1615 1625 Delph.
1652 1560 1790 1625 Jani,
1828 1562 2041 1625 Bipont.
2079 1562 2291 1615 Mitscli.
2332 1564 2503 1617 Bond.

298 1622 565 1673 Schrevel.
588 1623 802 1674 wetzel.
826 1631 880 1675 et
903 1624 1105 1675 Wakef.
1172 1626 1373 1676 Probat
1393 1626 1552 1677 etiam
1577 1627 1768 1691 Enger.
1788 1628 2139 1678 commentar.
2173 1643 2225 1693 p.
2245 1632 2326 1680 17.
2364 1639 2381 1661 ‘
2398 1631 2501 1681 Mi-

300 1688 431 1737 raris
455 1702 593 1744 sane,
616 1690 798 1740 melius
823 1691 1074 1755 placuisse
1098 1690 1220 1741 viris
1241 1691 1409 1742 doctis
1428 1692 1668 1751 laborem‚‘
1701 1707 1818 1743 cum
1840 1692 2067 1754 laborum,
2089 1699 2285 1757 proeter
2304 1692 2504 1747 tantat‘u

300 1755 691 1814 anctoritatem,
709 1754 974 1814 audacius,
998 1770 1165 1833 eaque
1187 1757 1303 1820 ipsa
1328 1756 1394 1807 de
1419 1771 1581 1807 causa
1604 1764 1750 1808 tanto
1781 1757 1987 1808 doctius
2009 1765 2066 1807 et
2087 1760 2392 1824 exquisitius
2414 1760 2504 1822 sit,

302 1832 457 1885 quam
481 1819 685 1870 laborem
696 1837 716 1880 ‚-
753 1828 864 1872 tum
884 1829 941 1872 et
974 1820 1179 1884 fortius,
1214 1823 1281 1873 ob
1317 1822 1709 1875 multitudinem
1731 1837 1792 1874 ac
1815 1824 2118 1881 varietatem
2142 1826 2506 1879 cruciatuum.’

300 1032 605 1086 Philostrat.
640 1036 857 1087 Heroic.
889 1052 944 1102 p.
976 1041 1091 1088 302.
1132 1038 1340 1103 centipes

1292 1948 1504 2005 No'rAE

297 2048 465 2121 nibus⁴
483 2050 663 2105 intorti
700 2051 763 2102 iis
803 2053 1029 2104 recreari
1067 2052 1263 2117 pariter
1300 2068 1362 2105 ac
1443 2069 1562 2118 pem
1586 2061 1792 2107 coctum
1815 2055 1880 2107 iis
1902 2052 2166 2121 apposuit.
2197 2054 2354 2104 Tanti
2375 2069 2502 2107 vero

298 2128 582 2180 demulceri
605 2130 932 2183 videbantur.
966 2134 1362 2200 Virgil.G,eorg.
1443 2134 1657 2185 sceleris
1682 2148 1859 2199 poenas
1893 2135 1992 2187 luit
2027 2132 2164 2197 apud
2189 2131 2392 2185 Inferos
2413 2133 2504 2184 de-

297 2219 375 2256 ur.
395 2209 511 2257 482.
546 2208 562 2235 ‘
584 2208 954 2274 Caeruleosque
985 2211 1227 2275 implexae
1260 2212 1362 2263 cri·
1444 2218 1637 2275 trusus,
1662 2211 1748 2262 ubi
1770 2218 2027 2278 perpetua
2048 2209 2184 2262 fame
2206 2226 2267 2262 ac
2283 2211 2369 2265 siti
2388 2226 2505 2262 cru·

297 2284 452 2335 nibus
482 2298 679 2348 angues
714 2285 1064 2337 Eumenides.’
1130 2289 1231 2339 Hae
1253 2289 1363 2354 qui·
1443 2288 1635 2350 cietur,
1673 2288 1748 2338 ita
1787 2296 1845 2339 ut
1886 2288 2033 2354 aquis
2074 2287 2284 2338 Eridani
2327 2295 2505 2340 mento

297 2361 417 2412 dem
441 2362 699 2413 scelerum
726 2363 940 2417 ultrices
975 2365 1252 2429 multiplici
1276 2382 1373 2417 co·.
1437 2369 1595 2417 tenus
1616 2364 1903 2429 immersus,
1934 2370 1990 2414 et
2019 2378 2173 2429 poma
2194 2378 2413 2420 cernens
2435 2378 2504 2414 ex

296 2437 567 2489 labrorum
588 2453 756 2491 morsu
772 2440 907 2493 belle
924 2441 1225 2506 exprimunt
1242 2457 1362 2493 con·
1441 2442 1629 2493 arbore
1671 2440 1836 2506 capiti
1878 2441 2255 2507 impendentia,
2291 2456 2390 2491 nec
2425 2449 2506 2491 ta-

297 2515 538 2566 scientiae
594 2517 828 2568 stimulos
875 2518 1061 2583 quibus
1116 2520 1360 2573 scelerati
1441 2532 1562 2568 men
1602 2518 1716 2568 liaec
1744 2528 1914 2583 neque
1944 2518 2057 2575 illas
2089 2524 2305 2582 captare
2326 2526 2506 2583 queat.

297 2593 611 2642 vellicentur
662 2594 819 2658 intus,
860 2608 1165 2662 semperque
1219 2597 1360 2662 plec-

302 2676 508 2721 tuntur.

364 2752 432 2798 36
465 2749 767 2799 Recreantur
785 2750 988 2816 angues]
1011 2751 1234 2817 Proprie
1254 2751 1363 2803 dic-

300 2829 432 2874 tum.
499 2825 635 2874 Nam
658 2833 817 2876 cantu
838 2826 1091 2879 delectari
1114 2829 1363 2880 naturali-

301 2909 385 2952 ter
419 2910 690 2967 serpentes
726 2905 902 2967 aiunt3
934 2912 992 2956 et
1016 2905 1216 2959 Plinius
1243 2921 1363 2958 auc-

303 2984 388 3029 tor
410 2986 494 3050 est
513 2992 638 3029 vm.
664 2985 746 3030 16.
1366 3014 1373 3021 -

364 3060 430 3107 37
470 3057 602 3113 Quin
635 3062 683 3106 et
717 3058 1048 3123 Prometheus,
1090 3061 1196 3126 ζα]
1236 3061 1377 3113 Pro·.

298 3133 539 3205 metuens
561 3148 788 3198 quoque,
803 3136 928 3186 item
945 3136 1198 3187 Tantalus
1217 3152 1365 3187 suum

301 3217 520 3275 uterque
551 3212 781 3262 laborem
820 3227 882 3263 ac
915 3214 1225 3279 supplicium
1264 3229 1365 3266 non

300 3289 483 3351 sentit,
518 3291 663 3341 velut
700 3298 881 3356 raptus
918 3299 1071 3343 extra
1102 3307 1178 3355 se,
1201 3299 1256 3344 et
1275 3292 1369 3344 de·

299 3374 489 3432 ceptus
534 3368 834 3417 amoenitate
877 3369 1160 3419 carminum
1200 3369 1369 3420 Alcaei

300 3448 357 3493 et
375 3441 638 3509 Sapphus.
672 3443 828 3493 Illum
851 3443 982 3508 ignis
1000 3444 1228 3497 coelestis
1248 3459 1366 3509 rap-

302 3525 489 3580 torem,
510 3518 562 3567 in
583 3517 712 3570 furti
736 3534 962 3584 poenam,
986 3521 1173 3586 aquilae
1196 3519 1365 3572 ros'tro

291 3596 450 3661 jecur
471 3595 803 3659 depascentis
825 3597 1115 3649 excruciari
1133 3599 1367 3650 Caucaso

303 3671 517 3729 affixum
545 3672 698 3737 vulgo
728 3670 1061 3726 fabulantur:
1097 3676 1150 3725 in
1173 3674 1365 3726 Inferis

303 3758 483 3799 tamen
507 3750 729 3801 collocat
751 3748 1084 3812 Aristoteles,
1122 3748 1365 3802 Poetices

303 3842 419 3892 cap.
459 3831 539 3877 17.
574 3828 714 3893 quod
749 3827 886 3880 idem
918 3827 1046 3880 facit
1079 3828 1161 3881 hie
1194 3830 1363 3881 Hora-

304 3903 428 3955 tius.
495 3902 577 3953 De
615 3904 931 3956 Prometheo
956 3907 1066 3969 jam
1104 3921 1145 3957 1.
1181 3905 1286 3957 od.
1318 3911 1368 3957 8.

307 3989 363 4032 et
388 3984 471 4034 16.
982 3998 1001 4006 “

371 4059 568 4124 Pelopis
591 4060 786 4126 pareas]
819 4062 1065 4112 'l'antalus
1100 4062 1117 4091 ‘
1139 4062 1367 4112 Deorum

307 4134 564 4201 conviva:
597 4144 656 4187 ut
689 4144 771 4188 est
814 4154 854 4189 1.
893 4138 997 4190 Od.
1035 4144 1118 4190 28.
1157 4143 1209 4189 7.
1242 4137 1367 4204 quid

308 4213 479 4262 sciant
513 4227 574 4264 ac
599 4214 800 4277 possint
822 4215 1031 4265 numina
1055 4228 1183 4266 ausu
1208 4223 1368 4266 teme-

309 4290 447 4342 rario
483 4297 810 4357 experturus,
843 4290 1004 4343 filium
1039 4307 1182 4345 suum
1216 4291 1370 4344 Pelo·

1446 2594 1560 2645 Cic.
1581 2595 1734 2645 Tusc.
1765 2609 1803 2645 ι.
1828 2610 1877 2644 n.
1903 2599 1984 2646 10.
2017 2600 2031 2623 ⁶
2049 2595 2233 2646 Mento
2257 2610 2503 2647 summam

1446 2685 1629 2735 aquam
1667 2671 1930 2735 attingens
1961 2671 2048 2722 siti
2070 2679 2293 2722 enectus
2313 2672 2505 2722 Tanta-

1444 2747 1559 2797 lus.'
1624 2746 1785 2798 Ovid.
1810 2748 1945 2798 Met.
1968 2761 2048 2798 lv.
2063 2752 2179 2798 458.
2199 2748 2217 2776 ‘
2240 2747 2356 2810 tibi,
2372 2748 2507 2798 Tan-

1443 2826 1572 2881 tale,
1626 2824 1785 2875 nullae
1842 2825 2250 2891 Deprenduntur
2304 2840 2454 2891 aquae
2487 2842 2504 2888 ς

1445 2916 1666 2966 quaeque
1692 2902 1945 2963 imminet,
1966 2900 2152 2966 effugit
2170 2901 2361 2952 arbos.'

1511 2983 1577 3030 88
1608 2979 1845 3031 Laborum
1885 2980 2142 3045 decipitur]
2179 2979 2370 3033 Graeca
2401 2978 2509 3031 dic·

1447 3060 1541 3123 tio,
1564 3058 1924 3110 ἐπιλανθάνεται
1934 3056 2105 3108 πόνων.
2167 3058 2255 3108 Sic
2269 3063 2327 3107 et
2349 3070 2508 3120 supra

1445 3136 1555 3199 Od.
1592 3149 1674 3186 1x.
1709 3138 1726 3165 ⁶
1750 3137 1926 3187 desine
1970 3133 2335 3201 querelarum?
2399 3132 2507 3183 od.

1446 3227 1558 3279 seq.
1583 3216 1662 3265 14.
1696 3219 1710 3242 ‘
1731 3213 2002 3263 damnatus
2038 3211 2182 3276 longi
2215 3209 2407 3262 laboris
2428 3210 2507 3260 Si-

1446 3289 1679 3357 syphus?
1709 3305 1796 3342 ιιι.
1834 3289 1941 3342 od.
1965 3294 2049 3340 27.
2087 3298 2099 3319 ·
2123 3290 2386 3341 abstineto
2409 3288 2508 3339 ira·

1445 3387 1561 3423 rum
1584 3371 1873 3436 calidaeque
1897 3369 2053 3421 rixae:
2122 3368 2229 3419 od.
2257 3368 2351 3417 ult.
2371 3367 2511 3431 eJus·

1446 3448 1566 3499 (lem
1620 3447 1773 3499 libri:
1833 3447 1849 3475 ‘
1872 3445 2110 3510 regnavit
2164 3444 2508 3509 populorum.'

1445 3525 1564 3576 Nec
1596 3523 1848 3575 Horatius
1875 3536 2001 3573 vero
2026 3528 2229 3572 tantum
2252 3520 2508 3584 ejusmodi

1444 3601 1790 3653 locutionibus
1828 3605 1984 3666 atque
2017 3596 2333 3648 hellenismis
2370 3610 2509 3645 usus.

1447 3677 1623 3728 Plaut.
1648 3677 1875 3729 Mercat.
1901 3677 1916 3704 ‘
1934 3675 2090 3726 animi
2112 3671 2355 3739 pendeo.’
2388 3672 2508 3722 Vir-

1447 3754 1536 3819 gil.
1558 3753 1760 3805 AEneid.
1794 3767 1837 3806 1.
1868 3756 1980 3805 119.
2013 3759 2027 3782 ⁶
2047 3750 2340 3815 Implentur
2362 3756 2506 3799 vete·
2560 3810 2575 3826 .

1447 3833 1519 3883 ris
1565 3831 1763 3882 Bacchi
1810 3829 2115 3894 pinguisque
2150 3824 2370 3876 ferinael
2435 3825 2510 3876 Et

1444 3907 1655 3958 AEneid.
1699 3919 1782 3956 xi.
1824 3910 1938 3958 126.
1982 3904 2320 3959 ‘Justitiaene
2363 3901 2507 3966 prius

1446 3983 1624 4045 mirer,
1659 3982 1851 4033 belliue
1889 3979 2159 4032 laborum.’
2223 3978 2379 4029 Unde
2411 3978 2507 4043 igi-

1447 4065 1535 4109 tnr
1552 4058 1649 4109 hoc
1667 4047 1874 4108 dicendi
1893 4073 2058 4122 genus
2079 4063 2186 4108 tam
2209 4069 2397 4106 novum
2414 4054 2509 4105 ali·

1448 4133 1636 4202 quibus
1660 4135 1857 4184 visum?
1880 4141 1935 4184 et
1952 4149 2068 4200 quae
2083 4146 2226 4182 mens
2240 4132 2373 4182 laeva
2385 4129 2507 4180 doc·

1448 4218 1530 4262 tos
1555 4210 1745 4278 alioqui
1765 4210 1901 4260 viros
1931 4208 2174 4274 perculit,
2202 4215 2262 4260 ut
2288 4214 2380 4260 aut
2401 4207 2506 4257 lec-

1451 4288 1645 4341 tionem
1696 4287 2107 4354 comprobatam,
2161 4292 2252 4337 aut
2300 4298 2506 4336 sensum
