3059 4909
773 615 901 748 Q.
1007 648 1688 774 HORATXII
1788 597 2371 737 FLACCI

1042 926 2063 1040 CARMINUM

1322 1253 1655 1330 LIBER
1721 1237 1836 1325 1'1.

1409 1731 1627 1798 ODE
1698 1731 1759 1797 Ι.

276 1782 709 1920 m

1027 1914 1129 1962 AD
1178 1914 1240 1962 G.
1286 1910 1612 1961 Asmnm
1661 1909 2131 1958 POLLIONEM.

487 2061 738 2115 Horatius
761 2065 1172 2116 Caesarianarum
1194 2070 1250 2115 et
1275 2065 1707 2129 Pompeianarum
1746 2065 1974 2129 partium
2007 2062 2202 2114 medius
2224 2062 2462 2114 Asinium
2485 2061 2678 2112 Pollio·

550 2145 1041 2206 nem‚Cousularem
1062 2146 1225 2195 virum
1250 2150 1306 2195 et
1329 2143 1555 2209 Augusti
1580 2146 1745 2209 gratia
1781 2151 2071 2209 potentem,
2092 2160 2124 2195 a
2143 2143 2444 2209 stringendo
2465 2143 2606 2207 stylo
2629 2142 2682 2190 iu

551 2225 898 2289 Pompeianos
919 2227 1176 2290 deterret,
1197 2241 1260 2277 ac
1286 2226 1446 2291 magis
1470 2240 1585 2276 eum
1612 2226 1676 2276 ad
1704 2241 1890 2277 suaves
1920 2241 2088 2278 mores
2109 2233 2165 2277 et
2199 2226 2581 2276 miserationem
2604 2227 2686 2273 tot

549 2295 823 2358 illustrium
839 2308 1057 2359 virorum
1080 2307 1311 2359 adducit.
1373 2308 1611 2373 (Summa
1633 2307 1843 2359 videtur
1859 2322 1971 2359 esse
1994 2309 2136 2360 hac:
2160 2308 2266 2370 Tu,
2287 2306 2476 2369 Pollio,
2497 2303 2681 2355 scribis

553 2385 842 2439 Historiam
877 2389 1129 2440 bellorum
1161 2389 1411 2451 civilium,
1434 2403 1564 2453 opus
1593 2388 1807 2440 arduum
1838 2404 1900 2440 ac
1925 2387 2165 2440 difficile:
2201 2402 2300 2453 ego
2324 2402 2447 2438 vero
2477 2391 2683 2437 tautum

551 2468 794 2519 Carmina
813 2469 1056 2521 meditari
1081 2484 1289 2535 possum
1312 2471 1508 2522 leviora
1528 2475 1585 2520 et
1606 2469 1877 2522 amatoria.
1922 2470 2076 2520 Zerm.
2081 2468 2104 2533 )

1854 2542 1941 2601 f
2010 2537 2038 2581 Ι

744 2583 1035 2652 ΜοτυΜ
1070 2606 1160 2652 ex
1194 2544 1779 2722 Metelldiconsule
1809 2585 2123 2663 clvicum,

551 2737 692 2786 Bella
712 2736 876 2787 civilia
906 2754 938 2788 a
960 2738 1146 2790 Metelli
1179 2740 1438 2802 consulatu,
1468 2743 1519 2788 et
1550 2737 1897 2788 discordiarum
1928 2733 2155 2799 origines,
2185 2734 2493 2798 criminaque,
2525 2739 2576 2783 et
2606 2747 2683 2782 ra·

1401 2866 1459 2885 OC
1463 2865 1645 2885 HOMO
1679 2865 1769 2886 ὐ

559 2949 693 2999 Haec
717 2948 837 3000 Ode
861 2948 1063 3000 decima
1086 2949 1310 3012 septima
1326 2955 1410 2999 est
1430 2949 1574 3000 Libri
1598 2948 1848 3000 secundi·
1834 2963 1887 2998 m
1923 2947 2023 2998 Ed.
2043 2945 2234 2996 Sauad.
2298 2943 2648 2995 Inscribitur
2634 2959 2686 2994 nu

495 3013 1044 3069 vet-cod.'1'orrentii‚
1075 3013 1159 3063 Ad
1196 3014 1421 3064 Asinium
1455 3015 1737 3079 Pollionem,
1773 3015 1930 3064 virm
1965 3014 2290 3073 Consularem,
2318 3015 2371 3059 ut
2406 3009 2693 3059 interfluis

494 3079 767 3142 Traga-diis
787 3079 898 3130 belli
917 3079 1073 3128 civilis
1093 3078 1329 3129 describat
1348 3080 1654 3138 Historiam,
1698 3052 1846 3129 multi
1879 3078 2034 3129 codd.
2060 3084 2284 3126 recentt.
2311 3090 2396 3138 ap.
2435 3073 2578 3138 Jani,
2610 3074 2692 3124 Aa

491 3144 759 3194 Pollionem
778 3144 1019 3207 Asinium,
1040 3146 1122 3207 qui
1137 3145 1345 3208 primum
1365 3145 1580 3195 inovebat
1596 3145 1736 3196 civile
1756 3144 1941 3195 bellum.
1942 3147 2036 3193 -l
2063 3143 2192 3192 Exc.
2206 3142 2327 3191 Sax.
2350 3140 2541 3190 Motum
2559 3154 2599 3189 e·
2620 3140 2689 3188 M.

1477 3279 1697 3330 NOTAE

551 3376 786 3425 Mettum
805 3374 939 3424 idem
965 3376 1100 3439 quod
1129 3390 1166 3426 1.
1190 3376 1293 3427 Od.
1315 3382 1364 3427 9.

557 3459 584 3502 1
611 3453 807 3503 Metello
826 3453 1032 3517 consule]
1067 3453 1253 3504 Plures
1291 3454 1438 3519 hujus
1459 3468 1552 3504 uo-

487 3528 641 3579 miuis
661 3544 781 3579 cum
815 3527 1014 3579 fuerint
1045 3531 1315 3594 Consules,
1335 3531 1552 3595 ambigi-

487 3612 576 3655 tur
594 3620 737 3669 saue,
761 3603 827 3655 de
849 3620 948 3671 quo
964 3607 1289 3670 potissimum
1307 3608 1551 3671 loquatur

489 3680 758 3732 Horatius.
789 3682 985 3732 Verum
1000 3696 1068 3732 ex
1089 3682 1350 3747 adjunctis
1373 3690 1546 3734 tamen

485 3756 850 3822 intelligendus
871 3757 1093 3808 maxime
1116 3758 1320 3808 videtur
1343 3759 1411 3812 Q.
1429 3760 1546 3809 Me-

485 3833 639 3882 tellus
682 3834 855 3895 Celer,
894 3834 982 3897 qui
1027 3833 1350 3883 consulatum
1390 3836 1550 3898 gessit

487 3923 605 3959 cum
637 3910 699 3959 L.
719 3908 960 3971 Afranio,
994 3922 1129 3958 anuo
1162 3908 1228 3958 ab
1264 3909 1390 3960 urbe
1422 3925 1547 3960 con-

486 3985 600 4035 dita
639 3989 757 4036 690.
804 3983 905 4045 vel,
944 3988 1004 4032 ut
1045 3982 1159 4033 aliis
1203 3985 1396 4050 placet,
1430 3992 1547 4039 698.

483 4060 592 4109 Sub
615 4060 693 4109 his
717 4058 856 4109 enim
877 4058 1071 4108 bellum
1085 4059 1278 4111 exarsit
1288 4062 1551 4114 Caesarem

486 4136 625 4185 inter
664 4141 720 4185 et
766 4135 1093 4199 Pompeium,
1129 4142 1188 4186 ut
1226 4135 1339 4188 fuse
1367 4148 1550 4192 narrat

487 4212 670 4262 Florus
693 4224 774 4262 ιν.
795 4214 846 4262 2.
913 4210 1019 4262 Res
1050 4212 1226 4279 itaque
1255 4227 1349 4280 per
1386 4230 1547 4267 annos

1631 3375 1844 3426 circiter
1861 3373 2061 3438 viginti,
2076 3372 2314 3424 civilibus
2333 3370 2556 3422 dissidiis
2575 3386 2690 3436 ges-

1630 3459 1734 3513 tas,
1756 3453 1852 3502 hoc
1876 3457 1974 3513 est,
1997 3451 2063 3501 ab
2085 3464 2166 3512 eo,
2187 3449 2322 3515 quod
2344 3448 2539 3511 notavi,
2559 3454 2687 3498 tem-

1631 3543 1758 3594 pore
1776 3528 1842 3578 ad
1866 3541 2013 3577 suum
2037 3539 2200 3590 usque
2222 3524 2542 3576 consulatum
2568 3524 2690 3574 Pol-

1629 3605 1699 3654 lio
1723 3601 2160 3669 persequebatur,
2181 3614 2298 3650 cum
2319 3598 2489 3649 Poeta
2511 3605 2689 3648 noster

1629 3681 1695 3731 ab
1720 3680 1962 3730 instituto
1983 3691 2136 3728 cursu
2165 3675 2311 3725 illum
2343 3689 2591 3725 revocare
2613 3674 2691 3723 ui-

1630 3761 1772 3812 tebat
1782 3775 1841 3810 ur
1873 3761 1970 3810 hac
2007 3757 2157 3818 Ode;
2191 3754 2328 3805 forte
2362 3770 2428 3805 ne
2464 3756 2689 3805 excitata

1632 3837 1883 3888 bellorum
1904 3836 2124 3885 istorum
2147 3830 2443 3882 recordatio
2466 3832 2690 3896 asperio-

1631 3928 1740 3964 rem
1779 3912 1878 3964 sibi
1920 3910 2122 3962 faceret
2158 3906 2469 3971 Augustum,
2507 3915 2688 3958 contra

1630 4006 1782 4056 quem
1819 3988 2096 4050 militarat3
2134 3992 2195 4035 ut
2234 3983 2530 4048 explicatur
2569 3985 2688 4035 Ode

1630 4080 1732 4119 vn.
1770 4065 2059 4131 sequenti..
2106 4060 2360 4114 Pollionis
2399 4060 2687 4111 Historiam

1632 4145 1792 4194 altius
1810 4143 2086 4207 repetitam
2108 4138 2289 4188 volunt
2318 4137 2427 4194 alii,
2449 4151 2634 4202 nempe
2656 4153 2686 4186 a
2779 4180 2801 4196 ,

1630 4222 1899 4272 consulatu
1939 4220 2007 4273 Q.
2038 4214 2245 4268 Metelli
2282 4214 2568 4280 Numidici,
2602 4213 2685 4279 qui
