3059 4909
479 353 526 417 2
1394 369 1659 420 Ειηετο
1671 370 1786 420 LA.

478 519 695 584 sectos
752 520 821 581 et
875 517 1264 581 consumtos
1321 533 1534 600 prope
1593 515 1681 581 ad
1744 515 2077 582 interitum
2146 513 2522 600 redegeris?
2625 512 2687 581 Ο

479 618 819 686 Achillem
864 616 1243 684 Gallicum!
1329 616 1392 682 Ο
1440 617 1819 685 Lunovml
1881 619 2148 686 Manem
2209 622 2690 687 incrementum

480 723 778 790 illustre!
864 721 927 787 Ο
962 709 1446 792 consummatae
1467 724 1611 808 „iam
1642 722 1908 790 virtutis
1937 743 2019 791 ac
2047 723 2357 790 militaris
2388 722 2687 788 scientiae

478 827 913 911 magistrum!
1001 826 1120 892 Sic
1167 828 1291 911 per
1336 832 1404 892 te
1454 826 1677 892 fracta
1733 847 1975 911 nempe
2033 832 2137 893 tot
2183 826 2478 893 hostium
2534 844 2689 889 con-

478 931 797 997 tumacia.
887 929 1005 995 Sic
1042 929 1375 995 Lilioru'm
1401 929 1899 996 ”Francicorum
1949 927 2367 1014 splendorem
2415 945 2549 993 non
2577 931 2691 991 tu-

476 1034 610 1100 eris
632 1034 860 1112 modo,
885 1032 1007 1098 sed
1036 1033 1202 1099 mire
1228 1054 1441 1118 auges
1470 1041 1546 1099 et
1573 1032 1969 1119 amplificas.

565 1136 746 1220 Ergo
792 1137 859 1206 si
893 1136 1154 1204 viveret
1199 1136 1530 1216 Horatius
1580 1142 1808 1202 noster
1855 1135 1961 1200 his
2012 1134 2448 1220 temporibus,
2486 1151 2688 1218 quam

476 1245 749 1306 strenue
800 1240 1039 1314 Druso
1068 1238 1392 1325 majorem
1435 1238 1846 1306 celebraret!
1922 1225 2203 1318 Quanto
2255 1236 2545 1304 alacrius
2604 1234 2689 1299 de

478 1350 570 1423 te,
599 1344 1122 1410 Ssnnmssms
1154 1343 1571 1422 ΡῐιιΝοΕΡε,
1602 1342 2038 1427 praedicaret:

943 1515 946 1520 ,
1312 1444 1657 1512 Vindelici
1689 1491 1707 1511 .
1739 1491 1758 1512 .
1788 1491 1806 1510 .

824 1549 1103 1616 Sensere
1132 1549 1294 1635 quid
1320 1565 1513 1615 mens
1542 1550 1689 1630 rite,
1717 1549 1880 1635 quid
1907 1548 2172 1615 indoles

829 1652 1108 1719 Nutrita
1134 1651 1374 1720 faustis
1401 1653 1530 1718 sub
1557 1651 2014 1737 penetralibus

917 1757 1255 1834 Posset..

568 1863 795 1930 Porro
817 1842 1082 1928 crescat
1109 1858 1389 1940 interim,
1433 1858 1720 1928 feliciter
1760 1846 2125 1939 adolescat,
2156 1861 2352 1930 bonis
2380 1815 2693 1940 omnibus

480 1951 864 2054 disciplinis
900 1961 1305 2032 instituatur
1358 1970 1565 2049 atque
1606 1962 1898 2029 firmetur
1953 1963 2203 2051 triplex
2258 1964 2479 2050 Regni
2525 1983 2692 2049 spes

482 2077 554 2135 et
611 2069 953 2136 columen:
1012 2066 1496 2134 Serenissimos
1556 2068 1711 2134 dico
1769 2064 2120 2151 Principes
2172 2068 2691 2144 BoneurtmAE,

482 2172 1191 2248 ANDEeAvssNswu,
1221 2169 1675 2235 Brrumcmu
1712 2167 1979 2234 Duces:
2011 2188 2187 2253 quos
2205 2176 2467 2237 tuarum
2487 2174 2692 2255 atque

482 2274 590 2339 Lu
606 2290 863 2339 Dov101
916 2272 1185 2338 Mmm
1237 2270 1557 2340 virtutum
1605 2271 1902 2338 aemulos·
1935 2270 2285 2338 universus
2329 2272 2527 2339 orbis·
2539 2271 2724 2358 jam..

473 2376 755 2461 jamque
801 2381 1077 2461 sperat,·
1114 2381 1466 2455 reveretur,
1525 2373 1937 2442 reformidat.
2048 2373 2375 2444 Crescunt
2423 2375 2546 2456 illi,'
2604 2376 2692 2444 ad

480 2488 780 2545 nostrum
812 2478 1249 2563 praesidium3
1297 2479 1570 2568 dotibus
1597 2476 1799 2563 regiis
1828 2478 2230 2546 instruantur
2257 2478 2345 2546 ad
2373 2485 2691 2544 terrorem
2825 2495 2832 2500 ⁷

481 2581 816 2665 hostium,
794 2601 814 2620 ·
861 2587 1227 2667 augeantur
1254 2579 1610 2647 virtutibus
1641 2581 1731 2648 ad
1762 2577 2143 2664 Religionis
2170 2581 2691 2664 firmamentum3

396 2737 405 2746 .
484 2685 771 2769 denique
793 2685 901 2754 his
931 2684 1243 2751 omnibus
1267 2683 1336 2749 in
1366 2682 1517 2748 dies
1545 2683 2013 2762 inclarescant,
2043 2682 2133 2749 ad
2161 2684 2386 2750 Patris
2412 2680 2691 2767 Avique

483 2787 714 2870 gloriae
743 2786 1106 2852 cumulum.
2021 2819 2030 2824 ·

476 2959 485 2964 ,
570 2888 710 2954 His
740 2887 1010 2974 quidem
1037 2888 1193 2955 illos
1220 2889 1403 2955 votis
1435 2875 1679 2961 Franci
1733 2911 1965 2957 omnes
2016 2890 2481 2957 amantissime
2530 2910 2691 2975 pro-

487 2994 887 3076 s‘equuntur3
933 2990 1092 3055 dum
1148 2994 1221 3055 tu
1284 3010 1463 3056 nova
1517 3011 1723 3076 paras
1767 2995 1967 3072 bella,
2011 3012 2362 3078 novosque
2404 2990 2693 3060 adornas

481 3093 878 3178 triumphos.
967 3091 1110 3175 Ego
1153 3089 1419 3160 demum
1463 3094 1788 3180 obsequio
1840 3095 2197 3180 studioque
2243 3115 2383 3162 non
2418 3095 2694 3164 ultimus

478 3195 720 3262 saltem
747 3194 1088 3262 accinam.

831 3296 1174 3365 Contende
1200 3297 1371 3365 felix
1401 3300 1488 3367 ad
1516 3301 1733 3368 decus
1760 3302 2109 3388 optimum,
2173 3379 2180 3385 ¹
2241 3349 2246 3354 -

834 3385 1243 3467 nummus
1273 3402 1629 3490 Princeps,
1662 3404 1901 3471 Gloria
1928 3406 2036 3472 cui
2066 3405 2303 3490 praeit.
2387 3431 2396 3442 ·

918 3502 1408 3591 Quodcumque
1433 3505 1570 3594 (sic
1598 3507 1759 3574 fatis
1787 3505 2147 3592 statutum)

1007 3608 1474 3676 Bonnomum
1508 3617 1639 3687 est,
1668 3608 1863 3676 decet
1890 3630 2043 3676 esse
2073 3629 2431 3678 summum.
2476 3689 2481 3694 ⁶
2545 3657 2554 3672 ί
