3059 4909
987 425 1404 477 cARMmuu
1454 426 1600 474 ms.
1646 425 1758 472 ιιι.
1801 408 1868 473 3.
1936 439 1944 449 ·

2393 377 2528 465 sss

676 569 909 637 Celent
936 569 1210 650 inultae3
1258 573 1388 632 stet
1422 564 1835 651 Capitolium

761 673 1078 755 Fulgens,
1107 670 1662 755 triumphatisque
1690 667 1907 752 possit

847 774 1072 839 Roma
1095 773 1291 837 ferox
1323 772 1484 836 dare
1501 773 1665 857 -jura
1692 768 1939 833 Medis.

672 863 1032 942 Horrenda
1059 876 1196 940 late
1222 894 1461 939 nomen
1494 875 1566 938 iu
1596 873 1863 936 ultimas

672 978 1025 1045 Extendat
1054 998 1247 1060 oras3
1294 997 1431 1061 qua
1461 975 1722 1040 medius
1753 973 1980 1056 liquor

696 1165 700 1170 .
756 1080 1056 1146 Secernit
1083 1079 1399 1163 Europen
1431 1079 1517 1142 ab
1552 1075 1746 1153 Afro,

843 1181 1003 1260 Qua
1031 1181 1326 1246 tumidus
1355 1179 1524 1264 rigat
1553 1197 1715 1243 arva
1749 1176 1995 1240 Nilus:

671 1282 930 1348 Aurum
960 1286 1379 1369 irrepertum,
1410 1287 1475 1347 et
1503 1282 1604 1346 sic
1631 1279 1870 1344 melius
1903 1278 2125 1354 situm,

326 1434 525 1483 Paridis
541 1448 711 1496 greges
731 1435 998 1496 lasciviant,
1012 1440 1062 1485 et
1081 1433 1245 1484 bellna·
1265 1434 1428 1483 illaesoe
1437 1431 1591 1493 foetus
1608 1445 1718 1479 suos
1729 1429 2032 1486 abscondant,
2052 1424 2219 1474 stabile
2221 1422 2401 1487 floreat
2426 1422 2523 1470 Ca-

317 1500 558 1562 pitolium,
578 1504 626 1547 et
649 1499 803 1549 Roma
824 1500 1036 1549 bellicosa
1056 1502 1185 1561 leges
1201 1499 1406 1563 imponat
1427 1498 1570 1546 victis
1592 1495 1769 1544 Medis.
1826 1493 1920 1540 Illa
1927 1488 2253 1550 formidabilis
2273 1488 2437 1551 procul
2458 1487 2523 1535 ad

323 1569 563 1613 extremas
583 1563 711 1612 orbis
724 1570 888 1627 partes
897 1565 1084 1623 sarnam
1102 1570 1331 1628 propaget
1347 1579 1365 1620 ς
1398 1563 1498 1611 sive
1519 1560 1604 1609 ubi
1620 1573 1750 1608 mare
1777 1556 2057 1617 interfusum
2072 1558 2263 1618 separat
2284 1554 2525 1613 Europum

321 1628 381 1678 ab
403 1627 613 1689 Αἰνίους
643 1629 742 1678 sine
769 1630 851 1679 ubi
887 1630 1034 1679 Nilus
1065 1631 1372 1679 intumescens
1402 1640 1547 1689 agros
1579 1623 1862 1689 perfundit3
1892 1620 2167 1684 generosior
2193 1616 2525 1667 contemnendo

1242 1753 1545 1776 ΟΝΟΟΜΟΟ
1549 1753 1609 1778 00

325 1853 443 1902 gens
465 1839 573 1888 Alt.
597 1842 644 1887 1.
669 1837 805 1902 quod
828 1851 927 1887 non
950 1837 1209 1900 improbat
1229 1838 1495 1888 saur—46
1531 1833 1768 1884 Extendit
1787 1831 1949 1881 Brod.
1983 1830 2065 1893 qui
2084 1829 2266 1879 medius
2288 1828 2448 1877 Dess.
2466 1831 2526 1878 2.

333 1912 389 1955 et
421 1919 549 1954 unus
583 1903 1035 1954 Bersmanni.-4⁷
1075 1902 1294 1952 Secernet
1333 1916 1465 1952 unus
1504 1898 1956 1950 Bersmauni.—49
1992 1896 2102 1944 Hos
2139 1907 2314 1944 versus
2340 1894 2521 1942 49-52.

1317 2015 1535 2066 NOTAE

337 2158 344 2163 ⁴
384 2138 450 2183 44
484 2132 619 2182 Dare
642 2132 761 2194 jura
802 2132 986 2197 Medis]
1024 2131 1124 2182 Ubi
1170 2146 1381 2194 reguum

320 2209 528 2274 aliquod
585 2209 635 2258 in
690 2210 1011 2272 provinciam
1076 2208 1384 2272 redegerant

322 2286 551 2334 victores
604 2284 843 2346 Romani,
886 2299 949 2334 eo
993 2285 1168 2334 statim
1209 2285 1385 2333 mitte-

323 2360 452 2409 bant
474 2360 629 2419 viros,
650 2360 735 2424 qui
749 2361 837 2423 jus
872 2365 925 2409 et
961 2361 1107 2423 leges
1143 2359 1382 2422 praescri-

322 2436 527 2486 herent.

386 2512 573 2576 Medis]
594 2513 657 2562 ld
673 2519 775 2575 est,
796 2512 1024 2569 Parthis,
1046 2519 1103 2563 ut
1116 2513 1224 2578 jam
1247 2500 1382 2561 haud

322 2590 483 2640 semel
507 2590 763 2640 annotavi.

388 2670 454 2717 46
493 2666 602 2722 Qua
635 2666 818 2716 medius
852 2668 1003 2731 liquor
1039 2666 1255 2717 Secernit
1282 2667 1383 2714 Eu-

321 2763 467 2811 ropen
486 2747 545 2796 ab
568 2747 716 2810 Afro]
772 2747 855 2796 Ad
881 2745 1073 2796 fretum
1097 2762 1257 2811 usque
1283 2746 1386 2796 Ga-

324 2824 573 2875 ditannm.
637 2824 798 2873 Solin.
821 2825 836 2850 ‘
859 2823 1102 2873 Oceanus
1126 2823 1191 2872 ab
1218 2823 1385 2873 Occa-

324 2914 387 2958 su
430 2900 722 2962 irrumpens
757 2901 890 2949 laevo
924 2900 1087 2947 latere
1121 2900 1384 2961 Europam

323 2976 482 3031 radit,
505 2974 737 3025 Africam
762 2975 950 3024 dextro
971 2990 987 3033 ς
1023 2975 1197 3023 scissis
1220 2975 1385 3037 Calpe

323 3062 380 3101 et
417 3050 586 3115 Abyla
620 3050 898 3112 montibus,
931 3065 1057 3114 quos
1095 3052 1272 3100 dicunt
1302 3064 1384 3100 co·

323 3129 526 3184 lumnas
561 3127 824 3189 Herculis,
860 3127 998 3176 inter
1025 3127 1236 3175 Mauros
1272 3125 1386 3175 fun-

324 3204 467 3254 ditur
491 3211 547 3252 et
572 3201 915 3265 Hispaniam!

390 3282 455 3329 48
492 3279 601 3335 Qua
644 3278 852 3327 tumidus
888 3276 1022 3338 rigat
1059 3292 1177 3326 arva
1216 3276 1385 3340 Nilus]

313 3355 429 3405 'Per
446 3352 702 3416 Africam,
726 3353 1058 3416 AEthiopiam,
1086 3354 1383 3416 AEgyptum.

325 3430 440 3481 Cic.
473 3430 542 3479 de
578 3430 706 3480 Nat.
744 3430 904 3480 Deor.
936 3443 999 3480 ιι.
1034 3444 1086 3478 n.
1113 3433 1224 3478 130.
1260 3430 1275 3456 ‘
1300 3428 1385 3477 ΙΕ-

324 3514 545 3570 gyptnm
592 3506 745 3555 Nilus
788 3507 988 3568 irrigat,
1026 3514 1083 3555 et
1119 3520 1237 3554 cum
1273 3511 1387 3555 tota

325 3589 512 3642 aestate
556 3580 794 3632 obrutam
833 3582 1203 3645 oppletamque
1239 3589 1390 3640 tenu·

279 3679 283 3683 ·
325 3658 446 3715 erit,
469 3665 581 3707 tum
602 3657 822 3719 recedit,
842 3657 1171 3720 mollitosque
1190 3664 1246 3706 et
1261 3655 1408 3704 obli--

326 3742 493 3786 matos
516 3749 668 3799 agros
700 3735 767 3785 ad
804 3735 1081 3794 serendum
1106 3731 1388 3797 relinquit!

325 3812 464 3862 Plin.
498 3826 553 3862 v,
581 3816 631 3862 9.
660 3819 675 3841 ⁴
701 3812 853 3861 Nilus
876 3810 1087 3860 incertis
1113 3815 1257 3876 ortus
1279 3807 1391 3859 fon-

326 3887 467 3937 tibus
504 3887 548 3936 it
579 3899 673 3949 per
696 3887 905 3936 deserta
927 3892 982 3936 et
1004 3885 1261 3946 ardentia,
1295 3885 1389 3933 im-

325 3963 509 4013 menso
543 3961 877 4025 longitudinis
900 3962 1075 4024 spatio
1108 3961 1393 4023 ambulans,

329 4073 346 4094 .
371 4074 388 4094 ,
405 4070 425 4086 .
449 4074 467 4089 .
491 4038 820 4089 observatum
852 4045 953 4092 est,
985 4043 1141 4101 prout
1162 4036 1216 4085 in
1238 4036 1389 4085 Mau-

325 4116 518 4171 ritania
564 4114 710 4163 nives
763 4113 1023 4164 imbresve
1065 4112 1395 4175 satiaverint,

328 4191 404 4241 ita
426 4190 604 4241 Nilum
633 4190 929 4241 increscere
953 4222 969 4239 .
991 4223 1007 4240 .
1030 4222 1048 4240 .
1064 4187 1296 4237 Africam
1322 4188 1390 4237 ab

330 4266 593 4331 AEthiopia
615 4264 940 4332 dispeseens,
957 4300 971 4316 .
989 4262 1179 4322 „feris
1202 4272 1258 4314 et
1281 4263 1390 4314 bel-

1463 2130 1560 2179 luis
1596 2128 1838 2193 frequens
1864 2159 1878 2176 .
1904 2161 1918 2176 .
1943 2161 1957 2176 .
1980 2160 1994 2174 .
2016 2122 2214 2173 medios
2256 2120 2525 2183 AEthiopas

1462 2216 1609 2258 secat
1631 2243 1645 2259 .
1667 2243 1682 2259 .
1703 2239 1718 2256 .
1734 2241 1747 2257 .
1771 2206 1971 2255 Insulas
1992 2204 2284 2253 innumeras
2308 2199 2527 2263 spargit.

1464 2321 1480 2336 .
1505 2321 1520 2335 .
1545 2322 1558 2336 .
1582 2318 1595 2333 .
1621 2285 1790 2335 Certis
1824 2281 2008 2331 diebus
2031 2284 2182 2328 auctu
2219 2290 2407 2338 magno
2430 2289 2528 2338 per

1463 2369 1625 2412 totam
1651 2355 1904 2424 spatiatus
1929 2357 2229 2419 AEgyptum‚
2251 2350 2526 2401 foecundus

1464 2442 1669 2490 innatat
1728 2447 1901 2487 terrae.
1969 2435 2164 2484 Causas
2221 2428 2530 2479 incrementi

1466 2516 1636 2565 varias
1689 2512 1966 2577 prodidere
1994 2545 2007 2559 .
2029 2544 2042 2558 .
2070 2542 2083 2556 .
2111 2541 2124 2555 .
2150 2506 2335 2569 incipit
2391 2518 2529 2554 cres-

1465 2607 1589 2642 cere
1634 2591 1779 2639 Luna
1824 2603 1974 2648 nova,
2025 2595 2362 2648 quaecumque
2409 2586 2531 2642 post

1465 2668 1743 2718 solstitium
1799 2672 1899 2721 est,
1967 2662 2159 2712 sensim
2220 2657 2527 2719 modiceque

1467 2745 1726 2795 Cancrum
1760 2740 1884 2802 Sole
1920 2741 2244 2794 transeunte,
2268 2731 2531 2781 abundan-

1468 2821 1664 2871 tissime
1709 2823 1882 2868 autem
1919 2814 2165 2864 L'eouem.
2229 2806 2437 2857 Residit
2473 2806 2528 2853 in

1466 2895 1704 2958 Virgine,
1730 2891 1913 2941 iisdem
1938 2888 2122 2953 quibus
2163 2881 2395 2933 accrevit
2423 2893 2529 2930 mo-

1466 2971 1566 3021 dis.
1633 2970 1697 3019 In
1718 2977 1881 3019 totum
1901 2974 2073 3015 autem
2099 2969 2372 3013 revocatur
2392 2960 2532 3007 intra

1464 3050 1622 3112 ripas,
1646 3047 1698 3095 iu
1735 3045 1913 3104 Libra,
1948 3048 2005 3090 ut
2028 3039 2191 3089 tradit
2212 3035 2532 3095 Herodotus,

1465 3124 1751 3175 centesimo
1773 3122 1876 3170 die.
1923 3119 1958 3171 J
1964 3123 2129 3167 ustum
2154 3117 2533 3163 incrementum

1465 3210 1551 3251 est
1603 3198 1896 3249 cubitorum
1948 3194 2229 3244 sexdecim.
2296 3188 2532 3237 Minores

1464 3291 1615 3341 aquae
1654 3288 1756 3323 uon
1794 3272 1965 3321 omnia
2004 3270 2211 3331 rigant:
2254 3264 2531 3328 ampliores

1466 3350 1723 3404 detinent,
1763 3347 1962 3397 tardius
2003 3340 2297 3392 recedendo
2324 3373 2336 3387 .
2363 3371 2377 3385 .
2402 3370 2416 3385 .
2442 3372 2455 3387 .
2480 3337 2533 3385 iu

1467 3427 1742 3478 duodecim
1785 3422 1976 3473 cubitis
2014 3418 2205 3468 famem
2245 3415 2407 3465 sentit
2447 3412 2536 3461 AE·

1468 3509 1684 3569 gyptus,
1722 3500 1777 3550 in
1818 3494 2070 3546 tredecim
2110 3492 2304 3543 esurit:
2349 3496 2536 3556 quatu·

1467 3579 1699 3628 ordecim
1737 3574 1919 3625 cubita
1949 3569 2264 3619 hilaritatem
2289 3564 2535 3627 afferunt,

1468 3654 1764 3721 quindecim
1784 3648 2140 3707 securitatem,
2158 3642 2421 3693 sexdecim
2445 3640 2536 3688 de-

1465 3732 1634 3782 licias.
1715 3727 2004 3779 Maximum
2043 3724 2421 3771 incrementum
2467 3715 2536 3766 ad

1465 3808 1568 3858 hoe
1612 3806 1710 3857 aevi
1756 3803 1860 3853 fuit
1897 3800 2187 3850 cubitorum
2226 3792 2534 3844 octodecim.

1470 3882 1691 3933 Claudio
1732 3873 2016 3940 Principe,'
2055 3876 2156 3922 διο.
2225 3870 2332 3921 Nili
2379 3881 2536 3932 aquas

1470 3959 1686 4009 laudant
1710 3953 1930 4008 Aristot.
1949 3950 2138 4001 Galen.
2155 3949 2256 3995 ὅτε.
2281 3944 2535 4006 originem

1467 4049 1639 4099 nuper
1657 4028 1928 4097 inquisivit
1949 4027 2159 4077 Isaacus
2175 4023 2408 4072 Vossius.
2450 4019 2535 4069 De

1470 4127 1536 4162 eo
1557 4109 1720 4159 multa
1734 4103 1991 4157 Herodot.
2010 4101 2105 4151 lib.
2131 4113 2194 4149 ιι.
2210 4098 2395 4152 Senec.
2413 4095 2538 4145 Nat.

1472 4189 1575 4240 Qu.
1596 4185 1690 4235 lib.
1713 4197 1794 4233 ιν.
1814 4181 1988 4245 Agell.
2014 4191 2069 4228 x.
2088 4181 2140 4226 ⁷.
2163 4180 2260 4226 διο.

1535 4267 1603 4315 49
1643 4259 1833 4312 Aurum
1872 4257 2177 4321 irrepertum,
2215 4250 2324 4316 sm]
2386 4248 2535 4299 Ordo
