3059 4909
980 389 1394 441 oAanuu
1445 392 1589 440 mn.
1638 392 1686 441 1.
1728 377 1836 444 35.
2368 373 2498 445 221

561 538 664 604 Te
695 537 926 603 Dacus
958 557 1186 622 asper,
1218 546 1287 604 te
1317 538 1581 623 profugi
1609 537 1910 623 Scythae‚

562 641 932 727 Urbesque‚
963 635 1354 727 gentesque,
1386 634 1465 707 et'
1483 641 1998 721 Latium'ferox,

645 744 1049 830 Regumque
1077 753 1326 812 matres
1354 747 1814 824 barbarorum,
1845 752 1915 810 et

729 848 1058 934 Purpurei
1087 856 1385 917 metuunt
1412 849 1694 935 tyranni,

558 951 893 1037 Injurioso
922 973 1007 1019 ne
1038 953 1209 1039 pede
1241 972 1517 1038 proruas

557 1052 860 1121 Stantem
892 1057 1290 1136 columnam,
1318 1076 1450 1121 neu
1479 1054 1778 1140 populus
1806 1054 2120 1140 frequens

2413 642 2499 707 10

299 1247 534 1365 maizo:
588 1251 655 1301 Te
664 1252 816 1330 ferox
847 1254 1031 1320 Dacus,
1060 1259 1109 1305 te
1135 1260 1351 1305 mantes
1372 1254 1587 1320 Scytha,
1618 1255 1839 1307 civitates
1856 1255 2017 1326 etiam,
2040 1260 2088 1306 et
2111 1254 2355 1334 nationes}
2381 1268 2494 1326 ‚nee-

298 1328 388 1362 m
485 1321 604 1366 num
621 1318 904 1381 bellam,
921 1326 966 1370 et
987 1325 1165 1371 matres
1183 1335 1350 1383 regum
1368 1320 1693 1383 barbarorum,
1713 1325 1855 1385 atque
1875 1326 2069 1386 tyram
2087 1324 2341 1383 purpurata
2359 1334 2496 1369 cene·

297 1385 483 1431 rantur.
553 1382 635 1432 Ne
645 1386 765 1448 pede
780 1386 924 1435 noxio
937 1386 1181 1436 subvertas
1196 1387 1458 1436 colmam
1472 1386 1805 1437 adamantem
1820 1402 1840 1446 ,-
1862 1402 1978 1437 neve
1997 1386 2127 1462 plebs
2146 1389 2414 1450 aggregata
2431 1386 2496 1434 ad

1218 1528 1335 1549 ouo
1342 1528 1399 1549 ‘O
1402 1528 1517 1551 ‘Off‘
1522 1527 1580 1549 ‘O

299 1641 404 1676 var·
427 1627 552 1677 lect.
576 1641 662 1691 ap.
680 1625 994 1680 sonem—12
1028 1636 1043 1659 ⁴
1060 1629 1192 1680 Post
1219 1631 1415 1695 tyranni
1445 1630 1595 1681 multi
1628 1637 1874 1694 punctum
1900 1635 2121 1694 ponunt,
2151 1636 2205 1681 et
2226 1631 2494 1696 sequentia

298 1692 444 1742 aiunt
467 1705 581 1741 esse
605 1707 786 1757 preces
828 1708 923 1758 pro
957 1694 1214 1759 Augusto,
1252 1697 1335 1746 vel
1366 1696 1596 1760 Imperio
1634 1697 1697 1747 R.
1724 1697 2031 1746 alterutrum
2070 1697 2207 1746 enim
2229 1698 2493 1745 columnam

294 1761 500 1807 stantem
534 1759 965 1822 interpretantur.
1028 1761 1115 1810 Sic
1139 1776 1187 1811 v.
1209 1775 1256 1812 c.
1290 1761 1500 1812 Marcil.
1525 1762 1681 1827 Crnq·
1704 1763 1960 1830 Desprez.
1983 1763 2142 1812 Baxt.
2164 1761 2355 1812 Sanad.
2371 1762 2456 1810 alii
2477 1777 2491 1810 z

297 1822 385 1872 sed
410 1822 580 1872 maie?
612 1825 882 1875 danie-13
919 1823 1156 1885 lnjurioco
1177 1841 1205 1874 o
1220 1841 1280 1876 ne
1301 1841 1411 1877 var.
1430 1827 1555 1876 lect.
1580 1842 1666 1890 ap.
1686 1826 1998 1878 sonem—14
2034 1826 2251 1876 Lochar-
2273 1841 2331 1876 ne
2349 1841 2494 1890 popu·

296 1887 384 1937 lus.
437 1886 453 1914 ‘
472 1887 727 1938 Horatius
749 1889 833 1939 hic
857 1891 1002 1954 gravi
1027 1892 1207 1941 morbo
1228 1891 1446 1954 laborat,
1469 1891 1692 1956 pessime
1716 1891 1922 1942 habitus
1943 1892 2008 1940 ab
2031 1891 2223 1955 ineptis
2246 1892 2497 1954 librariis,

295 1960 355 2014 ut
376 1967 433 2002 se
457 1952 625 2016 ipsum
650 1955 807 2004 miser
829 1957 917 2003 vix
952 1961 1218 2018 agnoscat.
1286 1957 1474 2008 Haeret
1511 1962 1569 2006 et
1600 1963 1791 2006 aestuat
1817 1956 2103 2008 Bentleius.
2173 1956 2222 2005 N
2230 1970 2330 2006 unc
2354 1955 2493 2014 enim

296 2032 391 2082 pro
402 2017 632 2081 frequens
656 2019 788 2084 conj.
808 2020 1058 2078 frameam
1089 2021 1190 2085 [ita
1223 2021 1359 2086 conj.
1381 2023 1537 2072 etiam
1562 2021 1778 2087 Sanad.]
1810 2036 1947 2071 nnnc
1980 2035 2075 2085 pro
2103 2024 2337 2071 cessantes
2373 2020 2494 2069 sub·

296 2083 469 2133 stituit
490 2090 767 2143 cursantem
792 2084 999 2135 tandem
1027 2093 1195 2150 rogat,
1217 2086 1426 2151 quinam
1448 2088 1556 2137 sint
1578 2086 1812 2152 illi,quos
1832 2085 2051 2151 populos
2075 2084 2301 2135 fremens
2320 2087 2496 2138 conci·

295 2154 393 2210 tat,
413 2156 573 2212 atque
593 2151 764 2206 l9cum
787 2151 1123 2214 desperatum
1148 2153 1277 2202 relin
1318 2153 1414 2204 nit.
1483 2154 1738 2202 Lacerum
1760 2151 1999 2202 Vir-bium
2027 2150 2184 2202 facile
2207 2149 2495 2200 restitueri-

294 2215 480 2274 mus,si
504 2216 736 2280 legamus
757 2230 917 2279 parva
939 2217 1243 2275 mutatione,
1304 2252 1318 2267 .
1338 2234 1379 2267 c.
1399 2232 1459 2267 ne
1474 2218 1670 2283 populos
1685 2233 1900 2280 premens
1937 2218 1998 2267 In
2028 2232 2145 2280 pace
2177 2221 2411 2267 cenantes
2429 2216 2494 2264 ud

295 2293 448 2341 arma,
468 2281 552 2342 asc.
621 2280 726 2330 Pro
746 2296 838 2330 neu
859 2282 1047 2346 scripsi
1069 2297 1147 2347 ne,
1166 2282 1286 2348 quia
1307 2282 1435 2333 illud
1454 2283 1581 2332 nihi!
1603 2283 1780 2346 habet,
1807 2298 1906 2347 quo
1928 2278 2117 2333 referri
2143 2282 2322 2346 possit.
2383 2280 2494 2330 Pro

291 2346 492 2407 populus
513 2345 748 2409 frequens
771 2347 978 2411 reposui
1010 2350 1202 2410 populos
1221 2362 1453 2411 premens,
1486 2346 1632 2398 facili
1671 2347 1945 2397 admodum
1978 2347 2305 2398 librariorum
2329 2347 2497 2409 lapsu,

295 2408 382 2474 qui
405 2423 523 2458 eum
547 2409 683 2461 forte
707 2412 761 2460 in
783 2411 898 2461 cod.
925 2410 1136 2472 fremens
1160 2427 1254 2477 pro
1276 2428 1490 2477 premens
1511 2412 1833 2463 invenissent
1854 2412 2001 2475 illud,
2031 2411 2083 2461 in
2110 2411 2341 2475 frequens
2375 2425 2494 2475 per-

297 2479 582 2539 mutarunt,
601 2477 797 2527 solenni
823 2477 1169 2542 aberratione,
1188 2479 1289 2543 vel,
1310 2478 1429 2545 quia
1449 2480 1647 2542 populus
1663 2492 1895 2542 premens,
1924 2476 2047 2543 qnid
2073 2477 2170 2528 sibi
2194 2477 2367 2535 vellet,
2390 2490 2492 2525 non

1284 2624 1504 2678 NOTAE
1543 2623 1558 2637 ‘

293 2736 515 2788 Minoris
551 2739 813 2803 regionem
853 2742 1056 2792 Euxino
1092 2741 1220 2792 mari
1251 2742 1353 2792 cir·

294 2812 598 2873 cumfusam,
618 2816 927 2881 Propontidi
943 2818 1181 2881 vicinam,
1195 2818 1353 2868 Thra·

291 2891 388 2941 ciae
445 2891 733 2957 adversam,
780 2898 882 2945 διο.
949 2895 1202 2946 Similiter
1257 2911 1352 2960 pro

291 2968 523 3033 quolibet
542 2972 669 3020 mari
690 2973 902 3035 ponitur
925 2973 1235 3038 Carpathium
1247 2973 1355 3023 die·

289 3052 400 3095 tum
425 3045 494 3096 ab
524 3046 706 3096 Insula
727 3049 1005 3114 Carpatho,
1041 3050 1253 3101 Cretam
1278 3050 1355 3100 in·

292 3129 375 3173 ter
396 3131 452 3174 et
476 3123 735 3187 Rhodum,
753 3125 906 3177 hodie
930 3125 1245 3191 Scau-panthu.

354 3204 390 3250 ⁹
425 3202 490 3251 Te
510 3202 674 3251 Dacus
693 3216 846 3266 asper,
875 3203 982 3268 ξω]
1014 3203 1094 3252 Te
1117 3203 1354 3253 nationes

290 3292 487 3342 omnes,
507 3293 538 3329 o
555 3279 806 3343 Fortuna,
825 3280 1022 3330 colunt.
1056 3280 1212 3345 Daci,
1225 3294 1352 3344 gens

292 3356 561 3420 bellicosa,
601 3357 668 3406 ad
706 3356 900 3407 Istrum
940 3371 1033 3407 sen
1056 3356 1351 3406 Danubium

288 3434 525 3499 fluvium,
540 3435 931 3501 Transylvania,
949 3435 1233 3491 Moldavia,
1250 3436 1352 3486 Va-

286 3514 492 3564 hechia
514 3514 667 3564 hodie
686 3515 1043 3565 eontinentur.

353 3588 567 3652 Prol'ugi
585 3589 798 3654 Scytha]
821 3589 885 3639 In
904 3590 1147 3653 plaustris
1164 3604 1353 3655 vagan-

289 3671 393 3728 tes,
413 3666 606 3716 nnllam
644 3666 893 3716 habentes
915 3666 1088 3717 sedem
1111 3666 1264 3717 fixam
1298 3674 1355 3718 et

288 3741 545 3791 stabilem.
607 3742 801 3794 sustin.
821 3752 1019 3793 xtvm.
1052 3746 1102 3792 7.
1127 3742 1193 3792 de
1213 3742 1349 3793 illis:

289 3818 306 3845 ‘
324 3818 377 3868 N
382 3832 411 3866 e
454 3831 574 3881 spes
616 3818 824 3882 quidem
866 3818 1067 3883 praemii
1103 3816 1245 3869 foret
1285 3833 1353 3868 ex

287 3894 438 3944 hoste
462 3908 615 3958 vago,
637 3909 738 3945 nou
761 3895 1000 3959 pecuniae
1017 3901 1239 3953 tantum,
1258 3894 1354 3945 sed

291 3970 452 4020 etiam
475 3970 613 4019 sedis
632 3970 821 4032 inope!
872 3970 1022 4021 Infra
1039 3984 1128 4020 ιη.
1146 3970 1252 4023 od.
1273 3975 1356 4021 24.

293 4045 309 4073 ‘
331 4045 664 4110 Campestres
680 4047 862 4097 melius
879 4046 1103 4113 Scythae,
1121 4049 1353 4101 Quorum

293 4121 531 4185 plaustra
568 4137 726 4187 vagas
765 4124 866 4174 rite
905 4125 1118 4174 trahunt
1154 4124 1352 4189 domos,

298 4197 643 4258 Vivunt,'&c.

362 4279 427 4324 lo
455 4275 650 4326 Latium
672 4269 843 4343 ferox]
879 4278 1041 4329 Bellis
1081 4278 1349 4343 inclytum,

1434 2755 1495 2791 ac
1523 2741 1607 2790 vel
1645 2754 1749 2790 una
1788 2739 1955 2790 Roma
1983 2736 2231 2789 Gentium
2254 2741 2311 2786 et
2334 2735 2493 2788 Orbis

1434 2820 1640 2871 domina
1699 2815 1999 2883 superbum.
2066 2815 2256 2879 virgil.
2294 2815 2496 2866 AEneid.

1433 2910 1491 2946 v,
1536 2899 1651 2945 780.
1707 2894 1892 2945 ‘Gens
1933 2894 2065 2944 dura
2110 2899 2267 2958 atque
2307 2906 2496 2956 aspera

1433 2972 1581 3022 cultu
1603 2971 1931 3021 Debellanda
1956 2969 2053 3021 tibi
2078 2969 2230 3019 Latio
2253 2968 2370 3017 est.’

1499 3053 1561 3099 11
1587 3048 1861 3112 negantque
1871 3047 2050 3097 matres
2064 3043 2497 3108 barbaromm,89·c.]
2529 3060 2539 3071 ·

1434 3125 1523 3176 Sic
1550 3125 1667 3175 Ode
1693 3139 1731 3175 ι.
1756 3125 1905 3191 dixit,
1946 3126 1963 3152 ‘
1983 3124 2118 3173 bella
2138 3123 2384 3173 matribus
2404 3121 2496 3171 de·

1432 3200 1664 3253 testata.’
1700 3201 1951 3252 Metuunt
1965 3215 2152 3266 nempe
2162 3198 2284 3250 filiis
2302 3206 2496 3250 matres

1435 3293 1699 3344 nunquam
1737 3292 1857 3342 non,
1891 3278 2341 3343 deprecamurque
2363 3278 2497 3326 mala

1434 3357 1631 3424 quaevis
1646 3357 1939 3407 humanitus
1962 3356 2267 3407 accidentia.

1502 3439 1565 3485 12
1599 3436 1842 3501 Purpurei
1887 3441 2103 3501 metuunt
2152 3434 2374 3500 tyranni]
2428 3434 2498 3484 Et

1434 3512 1569 3563 bene
1620 3513 1848 3580 quidem,
1896 3527 2153 3563 memores
2200 3512 2338 3561 hunc
2381 3525 2497 3559 esse

1433 3589 1678 3640 Fortuna
1713 3589 1908 3653 ludum,
1930 3590 2040 3638 alta
2071 3587 2369 3648 deturbare,
2409 3586 2502 3634 hu-

1431 3665 1580 3718 milia
1611 3663 1906 3716 sublevare.
1973 3666 2046 3714 Et
2065 3662 2202 3730 quod
2234 3663 2307 3712 ait
2332 3660 2497 3711 Juve·
2597 3677 2604 3684 ·

1433 3744 1566 3793 nalis
1589 3743 1701 3793 Sat.
1741 3755 1801 3802 x,
1835 3745 1948 3791 112.
1982 3740 2098 3790 ‘Ad
2129 3752 2372 3803 generum
2396 3738 2498 3787 Ce-

1433 3819 1565 3869 reris
1586 3820 1697 3868 sine
1720 3817 1865 3868 eaede
1887 3832 1948 3867 ae
1968 3816 2184 3866 vulnere
2217 3815 2366 3878 pauci
2386 3816 2500 3865 De·

1435 3897 1691 3947 scendunt
1724 3908 1872 3960 reges
1917 3900 1973 3945 et
2014 3894 2154 3945 sicea
2199 3898 2368 3944 morte
2414 3899 2495 3959 ty-

1435 3971 1620 4023 raum!

1501 4051 1565 4099 14
1599 4048 1822 4100 Stantem
1850 4046 2133 4117 colunum]
2169 4047 2254 4097 Ne
2278 4045 2496 4097 subruas

1432 4125 1721 4189 Imperium
1751 4124 2035 4178 Romanum
2059 4125 2172 4190 jam
2194 4122 2496 4187 stabilitum,

1434 4203 1519 4252 vel
1546 4201 1921 4267 Imperatorem
1945 4200 2175 4252 feliciter
2197 4201 2371 4252 omnia
2391 4212 2497 4248 mo·

1432 4280 1723 4332 derantem.
1777 4277 1930 4329 Neve
1951 4277 2115 4329 facias
2136 4284 2196 4330 ut
2217 4275 2497 4342 seditiones
