3059 4909
506 312 721 425 ω’

1202 356 1292 435 ἡ.
1334 368 1657 423 nonA'rn
1713 362 1977 424 FLAcci

681 513 964 593 Moenia,
994 515 1101 579 vel
1132 514 1406 582 Baccho
1430 512 1705 582 Thebas
1731 516 1838 581 vel
1875 504 2189 601 Apolline
2222 500 2522 600 Delphos

765 617 1096 701 InsigneS,
1126 627 1246 684 aut
1272 618 1601 685 Thessala
1627 617 1926 702 Tempe:

505 765 660 817 reneka·
678 766 806 818 inter
824 769 915 817 duo
932 768 1085 819 muria
1102 768 1292 834 pohitae,
1312 776 1399 822 aut
1424 770 1605 822 Thebas
1639 770 1847 835 Baccho,
1880 771 1956 820 vel
1986 769 2196 835 Delphos
2229 766 2446 831 Apolline
2467 766 2694 829 insignes,

1417 898 1623 918 OmON

1627 898 1775 918 ““““

506 989 644 1033 cnm:
696 976 971 1041 Cruquius,
999 979 1082 1028 Aa
1098 979 1376 1031 Munatium
1397 983 1627 1033 Plancum
1647 985 1705 1031 de
1732 981 1981 1030 Tiburtina
1998 980 2216 1041 regione:
2252 978 2495 1026 Tot-rent.
2515 973 2704 1023 Heins-

506 1038 690 1115 Stepb.
714 1039 890 1116 Bentl.
916 1042 1118 1093 Wakef.
1141 1052 1197 1094 et
1219 1046 1377 1095 Kidd.
1411 1046 1494 1096 Aa
1529 1048 1806 1097 Munatium
1828 1046 2169 1095 Plancum—l
2190 1042 2468 1091 Laudat-unt
2491 1039 2700 1091 emend.

507 1102 663 1154 with.
719 1105 983 1182 Mytilenen
1013 1108 1163 1158 Gott.
1202 1111 1342 1162 Flor.
1363 1112 1582 1161 Locher.
1607 1119 1661 1161 et
1681 1110 1893 1168 nummi,
1914 1108 2050 1175 quod
2090 1112 2399 1170 receperunt
2433 1103 2613 1153 Comi».
2644 1111 2701 1152 et

507 1166 717 1244 quef·
780 1170 1049 1234 Mttylenen
1071 1173 1154 1221 alii
1176 1174 1328 1235 codd,
1350 1190 1465 1224 cum
1489 1177 1702 1225 Venett.
1743 1181 1798 1224 et
1831 1175 2038 1223 ceteris.
2104 1174 2119 1199 4
2139 1172 2257 1220 Hoc
2280 1177 2362 1219 est
2385 1169 2697 1219 conveniens

507 1240 778 1296 scripturae
800 1233 895 1285 Gr.
912 1241 967 1283 et
989 1236 1101 1286 loco
1125 1237 1265 1287 infra
1284 1253 1322 1290 1.
1348 1240 1518 1303 Epist.
1541 1243 1623 1289 11.
1647 1238 1747 1290 17?
1767 1239 2027 1288 ‘zeum—2
2060 1236 2297 1299 Ephesum
2331 1247 2509 1283 onmes
2549 1232 2699 1281 Harl.

507 1303 562 1346 et
582 1298 755 1360 vulgg.
829 1299 1042 1362 Epheson
1075 1302 1244 1351 codex
1278 1304 1608 1365 Bet-smanni,
1628 1304 1730 1353 duo
1754 1304 1922 1368 Lipss.
1945 1303 2066 1351 Vet.
2104 1301 2287 1350 Comb.
2321 1299 2535 1348 Venett.
2553 1301 2699 1347 1477.

509 1364 652 1413 1478.
673 1366 817 1413 1479.
853 1369 908 1413 et
929 1364 994 1414 al.
1025 1366 1041 1393 4
1058 1367 1195 1431 quod
1219 1368 1286 1418 ob
1310 1367 1668 1428 Graecismum,
1684 1383 1836 1434 quem
1860 1373 2088 1418 sectatur
2111 1365 2229 1415 alibi
2253 1362 2520 1426 Horatius,
2537 1361 2699 1426 magis

1499 1480 1712 1534 No‘rAE

572 1567 705 1623 Haec
743 1573 863 1625 Ode
895 1582 977 1627 est
999 1578 1215 1629 Dicolos
1236 1579 1561 1643 Distropbos.

505 1647 713 1699 Primus
734 1650 949 1716 quisque
971 1666 1151 1704 versus
1183 1663 1265 1705 est
1299 1655 1563 1705 Hexame-

508 1733 589 1774 ter
628 1726 916 1778 Hernicum
954 1731 1181 1796 quinque
1213 1733 1366 1797 primi
1400 1733 1562 1797 pedes

505 1809 626 1851 sunt
648 1802 729 1851 vel
747 1803 986 1868 Spondaei
1013 1808 1095 1857 vel
1118 1808 1349 1873 Dactyli.
1409 1807 1564 1859 Alter

505 1877 720 1942 quisque
743 1876 918 1933 verius
944 1890 1027 1934 est
1048 1885 1357 1950 Dactylicus
1374 1885 1558 1936 Tetra-

505 1961 690 2018 meter‚
710 1963 929 2019 quatuor
949 1960 1155 2010 ultimos
1177 1961 1372 2011 babens
1396 1960 1558 2026 pedes

505 2042 682 2079 versus
708 2032 1015 2085 Hexametri
1035 2035 1146 2086 sive
1172 2036 1403 2087 Heroici.

572 2108 601 2183 1
633 2105 918 2158 Laudabunt
945 2111 1058 2174 ulii]
1099 2112 1322 2175 Elegans
1345 2119 1426 2161 est
1448 2126 1559 2161 ver-

503 2176 644 2228 sibus
679 2181 789 2231 liaec
823 2183 961 2244 Ode,
982 2200 1138 2248 quam
1166 2201 1195 2235 e
1218 2186 1423 2235 duabus
1441 2201 1560 2236 coa-

504 2254 662 2303 luisse
687 2257 865 2307 volunt
879 2259 1085 2322 quidam
1105 2277 1121 2321 ;
1155 2261 1396 2311 nimirum
1414 2276 1563 2312 novae

507 2328 651 2379 Odes
674 2331 875 2383 initium
898 2342 1134 2387 statuunt
1155 2337 1220 2386 ad
1238 2339 1348 2387 haec
1371 2339 1561 2389 verba:

508 2404 524 2431 4
541 2403 709 2454 Albus
732 2410 790 2456 u't
815 2409 1069 2473 obscuro,'
1090 2415 1189 2463 ὅτε.
1236 2414 1457 2465 Veteres
1478 2429 1565 2465 co-

506 2479 652 2561 dices
686 2483 1052 2549 astipulantur,
1083 2489 1418 2555 praefigentes
1453 2493 1566 2542 istis

504 2571 691 2607 novum
708 2559 841 2611 hunc
857 2561 1092 2614 titulum:
1122 2565 1409 2619 cohortatur·
1418 2564 1564 2618 Plan·

503 2647 610 2683 eum
640 2638 703 2684 ad
722 2636 942 2689 hilariter
965 2641 1236 2695 vivendum.
1301 2642 1563 2709 Quicquid

505 2711 593 2772 sit,
633 2719 748 2762 tota
780 2722 863 2764 est
895 2714 960 2764 ad
1002 2718 1061 2765 1..
1082 2716 1377 2768 Munatium
1404 2717 1588 2771 Plan·.

505 2798 642 2846 eum,
662 2788 809 2851 cujus
832 2790 1004 2851 patria
1035 2789 1212 2850 Tibur,
1235 2800 1327 2843 aut
1348 2795 1437 2857 qni
1460 2796 1562 2843 sal-

506 2865 613 2909 tem
629 2860 798 2911 villum
820 2862 1047 2915 babebat
1061 2865 1241 2916 Tiburi
1263 2867 1567 2934 proximam,

506 2937 827 3002 proindeque
847 2940 911 2990 ab
934 2941 1226 2994 Horatiano
1244 2945 1446 3008 praedio
1461 2960 1566 2996 non

505 3012 660 3077 longe
680 3022 945 3066 remotam.
977 3017 1041 3067 In
1060 3019 1222 3082 priori
1236 3020 1380 3071 Odes
1394 3028 1566 3087 parte,

507 3101 604 3174 per
620 3091 1076 3152 comparationem,
1092 3093 1378 3146 Tiburtinae
1398 3097 1568 3162 regio-

507 3174 588 3210 nis
629 3164 978 3217 amoenitatem
1016 3169 1223 3220 extollit
1266 3171 1464 3234 Poe‘ta3
1512 3175 1565 3223 in

504 3238 672 3289 altera
693 3238 943 3291 Plancum
976 3244 1210 3296 hortatur
1244 3256 1302 3298 ut
1334 3249 1453 3299 vino
1475 3265 1565 3299 cu·

507 3329 591 3365 res
609 3317 904 3382 abstergat:
927 3322 1196 3387 utiturque
1215 3326 1453 3388 exemplo
1466 3325 1563 3375 viri

505 3389 675 3453 fortis,
709 3394 903 3447 Teucri
941 3399 1197 3461 nimirum,
1233 3401 1318 3465 qui
1363 3405 1564 3465 gravio-

506 3482 591 3519 res
622 3471 782 3521 animi
814 3475 1148 3538 agritudines
1170 3476 1288 3526 vino
1310 3484 1565 3540 tempera·

508 3549 600 3599 vit.
685 3550 821 3600 Vide
867 3558 1051 3614 postea
1100 3552 1228 3602 Not.
1269 3551 1338 3601 ed
1384 3567 1564 3604 vocem

502 3625 520 3652 ‘
540 3626 775 3677 Plance)

573 3704 768 3753 Clarum
783 3702 1008 3769 Rhodon]
1035 3703 1244 3754 Rhodus
1263 3703 1441 3753 Insula
1462 3703 1568 3754 Mi-

503 3779 645 3828 noris
682 3778 848 3843 Asiae,
885 3781 949 3829 ad
986 3781 1152 3830 Cariae
1186 3794 1350 3842 oram,
1375 3782 1568 3846 Empo-

505 3854 635 3903 rium
658 3863 739 3903 est
762 3856 955 3905 nobile.
1008 3857 1159 3906 Clara
1177 3864 1322 3909 certe
1348 3858 1567 3922 pridem,

506 3935 614 3978 tum
640 3927 709 3978 ob
731 3929 993 3979 Colossum
1028 3932 1138 3980 sive
1169 3932 1404 3983 Statuam
1428 3934 1567 3984 Solis

502 4003 836 4066 septuaginta
877 4004 1068 4054 cubitis
1114 4008 1294 4070 altam,
1329 4019 1383 4058 et
1427 4010 1567 4060 inter

506 4080 645 4128 orbis
661 4073 911 4129 miracula
923 4091 1269 4147 numeratam,
1286 4092 1392 4134 tum
1410 4101 1566 4149 prop·

507 4161 591 4203 ter
608 4155 870 4217 ingentem
891 4156 1149 4219 signorum
1165 4173 1463 4222 numerurm
1487 4170 1566 4210 at-

508 4245 615 4299 que
630 4232 648 4261 4
661 4246 875 4298 operum
891 4234 1256 4302 nobilitatem,’
1267 4245 1328 4290 ut
1341 4238 1416 4290 ait
1429 4240 1565 4291 Gell.

1642 1590 1746 1629 vn.
1770 1583 1819 1627 3.
1854 1585 1962 1628 tum
1986 1575 2111 1642 quia
2128 1588 2384 1638 nunquam
2411 1577 2492 1621 tot
2514 1570 2702 1621 nubilis

1642 1657 1828 1705 coelum
1865 1653 2161 1714 obducitur,
2201 1651 2325 1714 quin
2366 1647 2539 1712 aliqua
2574 1646 2702 1697 liora

1642 1731 1729 1781 Sol
1770 1730 1843 1780 ibi
1875 1734 2140 1791 cernatur,
2177 1725 2314 1791 quod
2351 1723 2544 1773 asserit·
2566 1722 2701 1771 Plin-

1642 1821 1706 1857 11.
1724 1810 1807 1857 42.
1843 1804 1995 1856 Adde
2019 1802 2220 1854 urbium
2245 1799 2705 1866 pulchritudinem,

1642 1888 1881 1946 portuum
1917 1878 2355 1933 commoditatem,
2398 1875 2529 1924 aeris
2567 1875 2702 1924 salu·

1639 1958 1898 2009 britatem.
1979 1955 2169 2006 Strabo
2220 1952 2307 2002 lib.
2354 1965 2474 2001 xtv.
2519 1951 2705 2000 scribit

1593 2054 1600 2063 ·
1640 2035 1874 2084 Rhodum
1898 2032 1972 2082 ita
1996 2036 2250 2094 praestare
2273 2029 2478 2091 ceteris,
2501 2028 2704 2101 ut'nul-

1641 2111 1742 2159 lam
1769 2109 1932 2173 possit
1953 2109 2073 2157 huic
2102 2120 2278 2171 parem
2314 2104 2504 2153 nedum
2525 2105 2705 2153 melio·

1643 2201 1751 2235 rem
1800 2199 2219 2243 commemorare.
2304 2180 2443 2232 Vide
2489 2181 2703 2235 Diodor.

1641 2263 1799 2313 Sicul.
1834 2276 1912 2312 vr.
1942 2266 2017 2312 13.
2058 2275 2155 2309 nec
2195 2256 2702 2323 praetermittendum

1643 2348 1744 2402 est,
1783 2338 2019 2389 Rhodum
2057 2337 2191 2385 mitti
2232 2335 2411 2383 solitos
2445 2333 2703 2382 Romanos

1631 2416 1852 2480 juvenes
1877 2413 2133 2464 discendae
2157 2409 2423 2460 facultatis
2443 2408 2703 2458 oratorias

1644 2492 1827 2557 gratia.
1893 2492 1971 2540 Eo
1991 2490 2186 2539 Tullius
2220 2487 2335 2551 ipse
2368 2485 2516 2547 adiit,
2551 2499 2703 2551 quem

1643 2570 1760 2633 lege
1800 2568 1866 2618 ad
1897 2567 2063 2618 Attio.
2103 2564 2193 2615 lib.
2215 2577 2277 2615 11.
2300 2561 2473 2624 Epist.
2496 2565 2547 2612 l.
2571 2569 2627 2611 et
2652 2561 2704 2611 in

1644 2646 1827 2703 Bruto,
1848 2659 1900 2693 n.
1917 2649 1999 2694 61.
2022 2642 2109 2692 ubi
2133 2642 2207 2691 sic
2225 2638 2485 2703 loquitur-z
2523 2638 2540 2665 ‘
2563 2637 2705 2689 Hinc

1643 2720 1858 2770 Asiatici
1901 2726 2135 2769 oratores
2187 2729 2289 2765 non
2336 2712 2705 2764 contemnendi

1644 2794 1872 2859 quidem,
1913 2807 2011 2844 nec
2055 2792 2328 2843 celeritate
2375 2803 2471 2839 nec
2511 2789 2697 2853 copia;

1646 2870 1736 2920 sed
1761 2885 1940 2935 parum
1966 2869 2130 2934 pressi
2154 2875 2209 2918 et
2242 2860 2391 2916 nimis
2414 2865 2705 2915 redundan-

1647 2956 1747 2999 tes.
1815 2947 2001 2998 Rhodii
2044 2946 2272 2995 seniores
2315 2951 2371 2993 et
2407 2942 2704 2992 Atticorum

1646 3021 1956 3073 similiores?
2030 3021 2183 3070 Anno
2228 3019 2407 3068 salutis
2449 3006 2732 3082 reparatae'

1645 3103 1791 3150 1300.
1825 3098 2045 3165 Equites
2081 3094 2545 3159 Hierosolymitani
2589 3107 2702 3142 eam

1643 3177 1963 3239 invaserunt,
1976 3173 2200 3237 indeque
2216 3171 2400 3220 Rhodii
2424 3168 2675 3232 appellati
2689 3183 2706 3228 3

1645 3259 1917 3302 servarunt
1951 3249 2016 3299 ad
2052 3264 2130 3298 an.
2168 3252 2312 3297 1522.
2342 3261 2443 3311 quo
2466 3258 2497 3293 a
2517 3244 2704 3293 Turcis

1645 3329 1779 3392 pulsi
1792 3328 2029 3378 Melitam
2049 3336 2372 3385 concessere,
2386 3321 2574 3371 exinde
2592 3320 2706 3370 Me·

1644 3404 1854 3453 litenses
1876 3401 2244 3467 cognominati.

1712 3476 2004 3544 Mitylenen]
2029 3476 2161 3528 Haec
2184 3477 2307 3524 urbs
2330 3473 2486 3525 Lesbi
2506 3472 2706 3532 insuite,

1645 3557 1730 3607 cui
1755 3563 1812 3605 et
1832 3556 2013 3604 eadem
2034 3552 2335 3618 appellatio,
2354 3549 2530 3609 hodie,
2551 3548 2707 3597 Mete-

1645 3633 1732 3695 lin,
1755 3646 1785 3680 a
1807 3631 2062 3680 Cicerone
2097 3626 2490 3678 commendatur
2522 3623 2704 3684 Agrar.

1645 3713 1692 3759 2.
1728 3710 1744 3736 ‘
1766 3707 1837 3755 Et
1859 3714 2065 3767 natura,
2084 3712 2138 3754 et
2170 3704 2293 3763 situ,
2316 3709 2372 3752 et
2395 3701 2704 3762 descriptio-

1646 3798 1713 3833 ne
1750 3782 2081 3832 aedificiorum
2118 3785 2176 3828 ct
2209 3775 2598 3841 pulchritudine
2631 3775 2706 3823 in·

1648 3859 1828 3923 primis
1873 3856 2071 3906 nobiles
2105 3853 2409 3917 Mitylenae:
2467 3851 2579 3914 agri
2619 3851 2705 3913 ju·

1646 3933 1799 3985 cundi
1827 3941 1883 3983 et
1903 3929 2255 3992 fertiles‚'&c.
2295 3928 2433 3978 Vide
2456 3935 2512 3977 et
2529 3925 2705 3976 Strab.

1644 4011 1739 4061 lib.
1775 4022 1901 4058 xm.
1939 4015 1995 4056 et
2025 4005 2233 4056 vitruv.
2254 4018 2295 4053 1.
2318 4008 2369 4053 6.
2404 4003 2489 4052 nbi
2522 4001 2705 4051 scribit

1645 4102 1756 4136 eam
1796 4086 1975 4134 urbem
2009 4083 2025 4110 ‘
2050 4083 2315 4144 eleganter
2346 4087 2401 4127 et
2429 4076 2703 4141 magnifice

1646 4161 1975 4222 edificatam,
1995 4157 2088 4208 sed
2122 4171 2224 4206 non
2258 4156 2548 4219 prudenter
2570 4154 2706 4218 posi-

1646 4246 1770 4290 tam.
1833 4237 1897 4286 In
1919 4250 1983 4287 eu
2003 4233 2216 4300 quippe,
2234 4232 2356 4283 dum
2376 4228 2473 4282 flet
2489 4227 2707 4293 Auster,
