3059 4909
460 3226 475 3237 ⁸
534 3230 687 3279 bonis
704 3229 951 3284 moribus,
967 3236 1112 3278 certe
1135 3228 1382 3279 debemus
1403 3246 1492 3280 eas
1509 3233 1597 3281 ab·

1170 448 1177 455 .
1246 419 1313 477 Q.
1362 413 1678 465 nomm!
1733 413 1994 463 rusco!

790 564 923 630 Vel
957 583 1082 628 nos
1112 565 1180 628 in
1213 562 1652 646 Capitolium,

877 665 1037 746 Quo
1068 667 1317 731 clamor
1344 672 1550 728 vocat
1577 669 1648 726 et
1673 661 1873 727 turba
1897 658 2290 731 faventium,

793 769 927 835 Vel
954 789 1075 832 nos
1102 769 1171 832 in
1200 785 1379 830 mare
1412 765 1789 848 proximum

876 870 1216 946 Gemmas,
1244 878 1319 931 et
1346 866 1626 950 lapideS,
1659 882 1889 928 aurum
1915 870 1988 926 et
2017 860 2275 937 inutile,

796 974 1050 1039 Summi
1077 972 1420 1037 materiem
1448 969 1631 1045 mali,

878 1074 1246 1151 mittamus,
1277 1071 1609 1136 scelerum
1637 1069 1699 1132 si
1730 1069 1897 1132 bene
1925 1068 2222 1151 poenitet.
2644 1071 2729 1134 50

536 1268 600 1314 od
620 1268 739 1328 quod
760 1266 934 1315 invita
953 1267 1205 1329 mma·
1223 1269 1273 1313 et
1293 1260 1712 1323 mummuli
1731 1258 2056 1317 mechmas,
2075 1263 2159 1307 αι
2181 1258 2233 1309 in
2253 1271 2382 1307 aare
2399 1258 2607 1307 vicina-
2626 1272 2731 1320 pro·

525 1330 752 1389 ,fficiam
768 1346 980 1394 geniatus
995 1336 1043 1381 et
1065 1329 1248 1393 lapillos
1278 1333 1416 1390 alque
1433 1340 1600 1374 aarum
1617 1323 1907 1388 superflum
1935 1325 2087 1372 omis
2116 1326 2233 1373 mali
2266 1327 2469 1373 mmai.
2537 1321 2597 1371 Si
2627 1336 2732 1372 nere

1434 1466 1802 1487 OOCMOO‘OOO

538 1589 591 1637 p.
614 1576 727 1622 268.
751 1579 806 1621 et
840 1573 896 1621 1..
917 1572 1042 1620 Bos.
1067 1569 1235 1619 Anim.
1256 1568 1322 1619 ad
1344 1569 1474 1620 Hor.
1499 1585 1552 1632 p.
1575 1573 1658 1620 45.
1694 1569 1899 1619 doctius
1919 1569 2023 1619 dici
2058 1570 2227 1633 ipsam
2250 1567 2553 1632 pauperiem
2584 1567 2734 1618 dese-

540 1653 654 1687 rere
692 1638 825 1686 viam
865 1637 1090 1692 virtutis,
1112 1643 1367 1699 quatenus
1402 1633 1584 1695 faeiat,
1620 1642 1678 1683 nt
1709 1635 1940 1684 homines
1977 1649 2092 1684 eam
2125 1635 2404 1683 deserant:
2440 1634 2592 1696 quns
2612 1648 2733 1699 sane

538 1702 745 1763 generis
762 1701 1002 1765 exempla
1025 1700 1242 1764 plurima
1263 1707 1384 1750 sunt
1414 1697 1552 1762 apud
1590 1697 1820 1760 Poiitas5
1852 1715 1899 1750 e.
1920 1715 1969 1764 g.
2003 1702 2020 1727 ‘
2040 1714 2160 1763 spes
2197 1699 2353 1748 sulcis
2391 1698 2591 1748 semina
2625 1713 2735 1763 cre,-

540 1767 655 1827 dit:
689 1781 773 1829 ap.
794 1766 981 1816 Tibull.
1004 1780 1107 1815 vu.
1128 1769 1177 1814 3.
1242 1764 1437 1813 Verum
1462 1765 1511 1812 ll·
1534 1763 1570 1813 l.
1591 1764 1691 1813 alia
1711 1779 1792 1812 res
1812 1772 1913 1821 est,
1943 1763 2082 1827 quod
2117 1763 2324 1828 quidem
2358 1762 2590 1827 inprimis
2631 1778 2734 1812 mo·

536 1846 662 1880 nere
679 1830 906 1880 debebat
924 1831 1100 1880 Bentl.
1155 1829 1275 1880 Non
1299 1829 1602 1891 simpliciter
1622 1830 1869 1892 pauperies
1889 1829 2171 1892 subjeetum
2194 1836 2298 1889 est,
2319 1828 2412 1877 sed
2429 1844 2578 1892 paup.
2602 1844 2735 1891 nag-

537 1911 652 1945 nam
672 1895 984 1959 opprobriam,
1001 1896 1037 1943 i.
1060 1909 1109 1944 e.
1131 1894 1232 1952 hoc,
1253 1895 1375 1957 quod
1392 1893 1640 1956 pauperies
1660 1909 1721 1942 m.
1743 1910 1786 1944 o.
1803 1899 1891 1944 est.
1935 1894 2022 1942 Sic
2043 1893 2221 1943 vident
2241 1893 2613 1956 intelligentes,
2634 1907 2735 1942 nou

542 1968 665 2025 apte
689 1961 833 2024 sequi
873 1975 967 2025 pro
1005 1959 1290 2024 predicato
1329 1971 1510 2022 posse:
1547 1960 1784 2009 deserite.
1808 1975 1855 2009 v.
1892 1973 2005 2022 pro,
2041 1956 2191 2018 facit,
2228 1968 2285 2007 ut
2323 1958 2599 2009 deseratur
2635 1959 2735 2009 via.

541 2026 710 2089 Igitur
733 2039 834 2074 uon
859 2026 1024 2088 potui,
1058 2024 1183 2088 quin
1206 2023 1500 2072 Bentleium
1523 2037 1788 2088 sequerer.
1857 2023 2010 2075 Quod
2052 2025 2207 2087 paulo
2246 2024 2535 2087 asperiores
2571 2038 2639 2073 ex
2676 2038 2736 2073 ea

540 2090 765 2139 lectione
785 2089 979 2139 numeri
1003 2091 1251 2149 existunt,
1275 2087 1328 2136 id
1349 2102 1455 2136 non
1479 2095 1597 2137 erat
1612 2087 1958 2152 quodBosius
1976 2089 2110 2138 male
2131 2087 2316 2147 ferret3
2343 2100 2463 2137 nam
2487 2088 2594 2139 vid.
2620 2103 2669 2139 v.
2689 2102 2734 2137 e.

542 2153 637 2202 inf.
664 2167 867 2203 xxvm.
888 2158 938 2202 7.
963 2160 1019 2203 et
1052 2150 1124 2203 ef.
1157 2153 1289 2202 Cun.
1314 2152 1347 2201 l.
1371 2153 1406 2201 Ι.
1472 2151 1671 2201 Eodem
1695 2167 1771 2201 vs·
1803 2155 2003 2202 ardum
2022 2153 2164 2217 conj.
2188 2153 2368 2203 Lamb.
2390 2153 2481 2202 sed
2506 2153 2735 2218 exquisi-

538 2220 644 2269 tius
665 2218 800 2267 haud
822 2218 980 2267 dubie
997 2218 1192 2268 dieitur
1209 2219 1365 2266 virtus
1379 2219 1551 2266 ardua.
1576 2216 1679 2266 vid.
1707 2218 1927 2282 Cuning.
1949 2218 1985 2268 l.
2009 2212 2044 2266 1.
2067 2232 2119 2282 p.
2136 2222 2251 2268 2⁷0.
2320 2217 2561 2284 Denique
2584 2226 2640 2268 et
2663 2232 2734 2268 vs.

538 2288 623 2332 41.
658 2290 777 2346 post
794 2284 994 2346 navitoe,
1029 2291 1084 2332 et
1119 2282 1169 2331 h.
1206 2297 1279 2331 vs.
1318 2289 1438 2345 post
1474 2283 1639 2343 arduo
1674 2282 2095 2346 interrogationis
2117 2284 2319 2346 signum
2343 2283 2659 2346 ponendum,
2682 2289 2736 2332 et

540 2349 713 2397 omnia
732 2348 984 2397 haetenus
1010 2345 1287 2396 referenda
1308 2360 1423 2395 esse
1447 2346 1512 2394 ad
1534 2347 1579 2395 si
1603 2362 1676 2397 vs.
1701 2350 1782 2396 36.
1821 2356 1964 2397 reete
1990 2347 2231 2397 viderunt
2262 2348 2326 2397 T.
2354 2349 2480 2398 Fab.
2504 2347 2735 2398 Brouck·

540 2413 654 2461 hus.
679 2412 745 2461 ad
768 2413 1009 2476 Propert.
1034 2426 1097 2462 n.
1116 2416 1201 2461 24.
1224 2415 1303 2462 12.
1336 2412 1528 2460 Dacer.
1564 2413 1684 2461 San.
1711 2411 1939 2462 Schmid.
2004 2413 2161 2465 Quod
2196 2413 2375 2462 Bentl.
2407 2413 2540 2464 Cun.
2578 2414 2737 2463 Baxt.

541 2478 675 2525 male
709 2476 1025 2539 neglexere.²
1057 2478 1326 2526 sana—46
1362 2477 1687 2531 Quosclamor
1710 2477 1930 2527 Mentel.
1963 2494 2020 2527 σε
2041 2479 2183 2527 turba
2203 2477 2558 2542 Cuning.—-47
2594 2479 2737 2528 Non·

540 2543 698 2591 nullae
735 2542 857 2591 edd.
896 2550 954 2591 nt
985 2543 1142 2606 Cruq.
1171 2544 1315 2590 1611.
1348 2555 1479 2589 mare
1507 2542 1889 2603 publicam-49
1923 2544 2148 2594 Quidam
2186 2542 2339 2593 codd.
2372 2545 2496 2593 item
2520 2544 2733 2593 Venett.

543 2610 689 2656 1492.
714 2610 859 2657 1690.
894 2609 1111 2656 Loclier.
1136 2607 1354 2655 Ascens.
1372 2607 1553 2654 Basili.
1574 2607 1752 2655 Lamb.
1770 2607 2014 2657 Torrent.
2028 2609 2169 2657 Mur.
2191 2607 2341 2658 Fabr.
2359 2608 2540 2657 Heius.
2554 2609 2736 2672 Steph-

545 2672 668 2719 Fab.
696 2672 936 2736 Rutgers.
963 2674 1156 2721 Bauer.
1179 2671 1358 2722 Jones.
1396 2678 1453 2720 et
1488 2669 1600 2719 fere
1621 2670 1744 2720 edd.
1770 2679 1900 2722 vett.
1922 2675 2211 2732 materiam,-
2243 2673 2334 2722 sed
2372 2673 2522 2723 Harl.
2548 2677 2596 2722 1.
2619 2677 2669 2721 2.
2689 2676 2737 2721 3.

541 2740 590 2787 4.
614 2742 661 2784 5.
687 2742 736 2786 6.
771 2751 949 2786 onmes
976 2737 1212 2801 Crnqnii,
1235 2735 1511 2785 Pulmanui
1533 2735 1712 2786 Huun.
1741 2736 2014 2787 Gemblse.
2030 2742 2079 2787 2.
2117 2739 2311 2788 Beller.
2331 2745 2385 2787 et
2407 2737 2613 2799 Diesth.
2633 2738 2735 2786 duo

1527 2884 1742 2936 No‘rAE

607 3007 670 3051 45
713 3001 799 3050 Vel
831 3015 914 3049 nos
945 3002 1000 3049 in
1036 3002 1338 3063 Capitolinum,
1370 3003 1476 3066 qma]
1513 3003 1596 3051 Ex
1678 3004 1882 3067 pitolini
1914 3004 2060 3055 Jovis
2102 3003 2329 3053 sedecim
2365 3002 2524 3051 millia
2561 3002 2733 3066 pondo

540 3088 662 3127 ante
698 3077 851 3127 dietis
886 3085 1033 3127 recte
1065 3077 1361 3127 concluditz
1397 3081 1440 3128 si
1468 3076 1598 3142 opes
1680 3080 1812 3143 auri,
1836 3095 2166 3145 gemmasque
2185 3095 2246 3130 ae
2268 3080 2568 3144 margaritas
2590 3080 2732 3143 quiu-

539 3171 642 3204 non
665 3154 879 3217 juvant,
900 3154 1052 3202 immo
1077 3153 1448 3218 impedimento
1481 3162 1599 3205 sunt
1677 3157 1880 3219 genties
1903 3157 2011 3208 HS.
2033 3172 2136 3207 una
2155 3156 2435 3206 donatione
2456 3155 2713 3206 eontulit!

1740 3238 1802 3283 47
1848 3235 1936 3284 Vel
1966 3250 2052 3284 ms
2082 3236 2137 3283 in
2166 3248 2298 3283 mare
2318 3233 2607 3296 proxumus,
2623 3230 2730 3295 ξω]

534 3308 735 3370 jicere:
770 3305 946 3370 itaque
984 3314 1041 3354 ut
1076 3319 1143 3354 ex
1177 3306 1324 3356 malis
1358 3307 1479 3356 boni
1507 3307 1599 3355 ali·
1671 3307 1762 3360 Sic
1817 3311 2001 3361 Crates
2049 3309 2396 3372 Philosophus
2462 3309 2734 3358 Thebanus

540 3383 661 3447 qnid
686 3380 953 3443 faciantne,
974 3379 1265 3432 deferamus
1300 3398 1389 3434 eas
1423 3384 1488 3434 ad
1509 3386 1600 3437 Jo-

543 3475 654 3508 vem
671 3458 1040 3523 Capitolinum,
1059 3466 1114 3508 et
1137 3459 1201 3508 ad
1216 3468 1453 3509 ornatum
1474 3467 1602 3509 tem-

541 3537 631 3599 pli.
696 3535 777 3586 Ao
807 3536 852 3587 si
884 3538 1049 3585 minus
1085 3543 1260 3586 movet
1292 3550 1383 3585 nos
1417 3537 1601 3600 religio

543 3614 794 3673 Deorum,
820 3619 876 3662 at
913 3618 1120 3661 moveat
1153 3613 1336 3661 saltem
1359 3611 1520 3661 honos
1544 3621 1604 3662 et

542 3691 707 3753 gloria
723 3689 944 3740 nominis
965 3689 1146 3739 nostri.
1214 3689 1348 3738 Nam
1369 3687 1497 3738 illud
1517 3705 1599 3738 vo-

537 3772 618 3816 cat
636 3772 694 3816 et
716 3772 1060 3831 prosequetur
1080 3780 1171 3815 nos
1196 3766 1369 3816 clamor
1388 3772 1438 3816 et
1457 3768 1600 3817 turba

534 3842 820 3906 faventium.
885 3842 1012 3892 Ista!
1056 3856 1244 3907 nempe
1288 3843 1598 3894 donationes

539 3934 724 3983 magno
747 3919 923 3984 populi
945 3919 1197 3982 applausu
1221 3918 1433 3982 fiebant,
1452 3923 1599 3986 quasi

541 3996 850 4059 triumphum
870 3995 1099 4058 parantis
1115 3995 1163 4043 ei
1180 3995 1267 4059 qni
1284 3997 1598 4060 cupiditates

540 4070 847 4141 subegisset.
911 4069 1123 4121 Petrou.
1168 4072 1185 4098 ‘
1206 4072 1331 4135 Ipse
1373 4073 1595 4124 Senatus

539 4146 667 4195 recti
690 4145 914 4209 bonique
936 4153 1235 4209 praeceptor
1255 4149 1396 4199 mille
1422 4151 1596 4214 pondo

530 4224 651 4272 auri
665 4223 969 4287 promittere
980 4225 1117 4275 solet
1126 4226 1458 4290 Capitolino)
1469 4229 1596 4278 Sue-

541 4307 649 4350 ton.
672 4298 865 4353 OetaV.
887 4315 1006 4365 cap.
1029 4306 1112 4351 30.
1147 4303 1161 4331 ⁸
1185 4302 1249 4352 lu
1282 4304 1466 4354 cellam
1499 4306 1598 4356 Ca·

1674 3402 1915 3452 magnum
1950 3388 2059 3437 auri
2104 3385 2307 3450 pondus
2344 3385 2397 3435 in
2430 3399 2571 3434 mare
2604 3384 2732 3449 deji-

1673 3463 1815 3512 ciens
1834 3463 2030 3513 siebat:
2063 3460 2219 3511 Abite
2235 3475 2459 3525 pessum,
2476 3462 2625 3511 malae
2642 3476 2732 3510 cu·

1676 3538 1947 3603 piditates,
1971 3553 2065 3588 vos
2101 3552 2200 3602 ego
2232 3553 2484 3602 mergam,
2515 3539 2629 3603 ipse
2666 3553 2733 3589 ne

1675 3629 1883 3678 mergar
1904 3630 1936 3663 a
1958 3614 2121 3664 vobis.
2673 3636 2682 3647 =

1733 3695 1798 3741 48
1821 3691 2066 3752 Gemmas,
2081 3695 2127 3739 el
2144 3688 2349 3753 lapides]
2370 3689 2605 3739 Gemmas
2625 3705 2691 3752 pe
2712 3718 2733 3730 ·

1674 3769 1873 3827 lucent,
1916 3766 2116 3830 lapides
2147 3765 2388 3815 minime:
2439 3767 2734 3829 margaritas

1677 3857 1776 3894 neo
1808 3844 1947 3892 inter
1980 3856 2207 3905 gemmas
2234 3855 2332 3891 nee
2364 3843 2504 3892 inter
2531 3842 2734 3906 lapillos

1676 3927 1978 3971 censentur.
2688 3930 2694 3937 ·

1743 3999 1928 4049 Auram
1948 3996 2154 4060 inatile]
2174 3995 2274 4044 Vel
2309 3994 2431 4045 nihil
2453 3996 2644 4059 juvans
2667 3997 2733 4046 ad

1676 4075 1833 4125 beate
1856 4072 2165 4123 vivendum:
2192 4073 2275 4120 vel
2298 4084 2403 4135 quo
2419 4085 2523 4120 non
2542 4072 2736 4122 utimur

1677 4165 1774 4215 per
1795 4140 2066 4199 avaritiam
2084 4146 2457 4197 defraudantes
2474 4148 2703 4210 genium.

1741 4230 1808 4276 49
1838 4225 2095 4274 Materies·
2130 4222 2271 4285 muli]
2303 4224 2319 4252 ‘
2340 4225 2610 4287 Lycurgus
2648 4239 2737 4273 au·

1677 4318 1788 4354 rum
1812 4307 2187 4366 argentumque
2210 4300 2353 4349 velut
2375 4300 2601 4349 omnium
2624 4313 2734 4350 see·
