3059 4909
566 370 698 438 426

1282 399 1351 461 Q.
1399 390 1718 454 noas‘r'u
1770 410 2034 461 ηΛοοι

990 537 1230 623 Thyna
1259 562 1478 611 merce
1511 547 1803 629 beatum,

1076 641 1460 713 Constantis
1482 652 1801 735 juvenem
1835 655 1964 722 fide

904 739 1199 826 Gygen?
1272 746 1402 815 Ille
1433 751 1640 822 Notis
1669 752 1867 823 actus
1894 760 1981 825 ad
2013 743 2290 829 Oricum
2706 779 2748 842 6

557 918 701 982 playn-i
721 920 861 972 initio
879 925 1012 975 verni
1032 930 1255 994 imperis
1274 932 1364 983 tibi
1389 936 1586 986 reddent
1607 937 1838 1005 Bithynia
1857 944 2093 996 mercibus
2117 950 2417 1012 ommam?
2444 954 2524 1003 hie
2543 956 2608 1005 ad
2639 955 2748 1005 Ori·

1455 1080 1811 1106 ‘Ome‘

555 1157 754 1220 tricem5
788 1164 923 1215 unde
947 1181 1059 1217 eam
1082 1171 1240 1235 neg‘at
1264 1184 1548 1231 matronam
1568 1181 1849 1238 fnisse.—8
1883 1190 2079 1257 Thyrino
2105 1192 2269 1243 Land.
2291 1202 2346 1246 et
2366 1195 2588 1249 Ascens.
2613 1202 2746 1252 unde

553 1222 761 1286 quidam
778 1230 1010 1291 cogitant
1024 1233 1088 1283 de
1107 1237 1510 1301 Thyamciciliae
1535 1249 1746 1301 civitate
1762 1253 1927 1315 (Plin.
1944 1270 1999 1305 v.
2014 1256 2152 1322 27.);
2173 1260 2260 1309 alii
2275 1261 2341 1311 de
2367 1262 2574 1326 thynnis
2593 1267 2746 1331 pisci·

556 1285 671 1348 bus,
693 1304 905 1353 quorum
936 1306 1152 1361 captura
1175 1303 1407 1367 inprimis
1432 1312 1495 1358 ad
1521 1312 1826 1379 Byzantium
1847 1321 1898 1367 in
1922 1320 2277 1400 Bosporo.—4
2301 1327 2745 1408 §montisel-lari.

556 1354 601 1400 1.
619 1355 669 1400 2.
684 1356 731 1402 8.
749 1358 796 1404 Δ.
813 1362 861 1406 6.
878 1362 929 1408 6.
953 1369 1007 1412 et
1040 1365 1055 1391 ‘
1074 1378 1249 1417 omnes
1270 1379 1524 1438 quotquot
1564 1386 1746 1431 extant
1785 1382 1962 1459 codd!

552 1476 722 1531 Pulm.
745 1484 896 1536 codd.
922 1459 1149 1545 Blandd.
1169 1495 1335 1549 Mald.
1357 1501 1450 1552 sn.
1477 1505 1636 1572 Cruq.
1660 1509 1834 1563 Bentl.
1875 1482 2130 1580 plerique,
2167 1517 2271 1567 duo
2305 1519 2504 1581 Bersm.
2527 1496 2749 1575 Men’tel.

550 1542 769 1610 Franeq.
806 1549 970 1614 Lipss.
1010 1557 1164 1608 Dess.
1186 1565 1237 1612 2.
1261 1560 1370 1615 Ait.
1395 1570 1441 1616 1.
1483 1569 1706 1623 Helmst.
1729 1576 1849 1625 Sax.
1870 1577 2017 1629 Gott.
2039 1580 2160 1630 Zar.
2188 1584 2325 1633 Flor.
2392 1586 2465 1637 Et
2484 1588 2560 1637 sic
2584 1590 2743 1655 Croq.

511 1624 521 1632 ·
548 1606 788 1662 Torrent.
814 1614 996 1667 Heius.

1064 1623 1116 1670 di
1136 1624 1288 1677 Torn.
1318 1630 1495 1681 Lamb.
1517 1634 1635 1687 Div.
1659 1638 1816 1706 Cruq.
1839 1648 1893 1690 et
1915 1644 2090 1697 Bentl.
2115 1646 2316 1698 Zulich.
2333 1648 2440 1714 fide
2460 1653 2618 1704 Jann.
2641 1656 2744 1705 duo

974 1748 985 1760 υ
1047 1719 1060 1736 .
1083 1688 1245 1739 Mart.
1268 1693 1425 1771 cruq.
1451 1698 1605 1749 codd.
1628 1702 1780 1755 Fabr.
1815 1705 1925 1757 Alt.
1949 1712 1999 1758 2.
2032 1710 2175 1774 (cum
2202 1721 2325 1763 nota
2347 1730 2361 1764 ε
2399 1716 2415 1743 ‘
2673 1719 2702 1738 ''

547 1864 753 1919 Wakef.
775 1879 830 1921 et
852 1874 1013 1929 Kidd.
1051 1881 1295 1935 ‘Scilicet
1312 1888 1438 1952 fidei
1457 1902 1731 1947 contracte
1749 1901 1869 1951 olim
1894 1907 2280 1971 pronuntiatum
2303 1923 2441 1960 nunc
2458 1912 2583 1976 fidi,
2604 1885 2744 1965 utine

530 1929 652 1992 fide.
703 1935 822 1986 Vid.
846 1938 984 1991 Gell.
1008 1956 1085 1994 rx.
1109 1950 1186 1996 14.
1219 1950 1386 2003 Prisc.
1409 1969 1510 2007 vu.
1533 1968 1668 2010 extr.
1689 1964 1840 2015 Voss·
1863 1965 2015 2017 Anal.
2038 1979 2104 2019 11.
2130 1976 2208 2021 19.
2251 1974 2339 2023 Sic
2363 1990 2485 2025 casu
2510 1981 2739 2029 secundo

544 1996 759 2060 antique
782 2001 877 2065 die,
897 2005 1048 2071 Virg.
1070 2009 1172 2062 Ge.
1194 2027 1232 2063 1.
1253 2018 1365 2069 208.
1382 2019 1509 2084 fide,

1545 2022 1702 2075 ovid.
1735 2030 1868 2080 Met.
1891 2046 1981 2084 ιιι.
2005 2038 2120 2084 841.
2144 2035 2260 2102 (ubi
2285 2039 2402 2089 vide
2430 2042 2497 2091 N.
2524 2043 2736 2106 Heius.)

543 2070 621 2107 v1.
639 2066 757 2137 ‚⁵⁰⁶⁶
791 2080 888 2117 vn.
914 2074 1028 2150 728.
1051 2076 1148 2125 ὅτε.
1215 2079 1400 2144 Etfide
1421 2100 1545 2136 casu
1570 2093 1729 2142 tertio
1753 2095 1947 2147 Noster
1968 2111 2006 2148 1.
2029 2101 2135 2150 Sat.
2155 2105 2207 2151 8.
2227 2107 2308 2152 95.
2355 2105 2547 2171 Itaque
2569 2107 2735 2159 forma

540 2132 1704 2283 irissssi'iissiffoessssi’.Jiss‘fflsssh'ffaefeffi
1713 2163 2255 2281 ‘viisst‘tmh‘ssgflifo'ss
2273 2170 2735 2289 ¹⁰‘133'ss2‘f222m1{”22

540 2251 613 2300 H.
639 2256 852 2320 Stephh.
873 2232 999 2313 bat».
1022 2274 1079 2317 et
1106 2269 1295 2349 Dacer.
1365 2250 1524 2356 Haud
1541 2250 1703 2334 dubie
1727 2261 1931 2354 obside,
1956 2265 2102 2355 quod·
2117 2310 2211 2358 pro
2232 2268 2461 2352 ablativo
2482 2271 2731 2365 habitum,

543 2315 809 2372 inductum
828 2332 1098 2382 constanti!

1520 2494 1570 2544 N
1577 2495 1734 2547 0⁶1·AE

536 2567 619 2612 ter
652 2564 928 2621 imbricus:
955 2574 1047 2626 ‘hic
1076 2577 1210 2631 facit
1249 2588 1592 2651 tranquillita-

534 2642 771 2767 temgsdte
788 2660 960 2699 omnes
973 2648 1161 2705 flnctus
1179 2661 1421 2713 conciet.'
1453 2665 1590 2718 Vide

532 2726 620 2765 ιιι.
737 2753 751 2769 .
771 2724 817 2770 1.

594 2794 624 2840 8
653 2792 816 2858 Thyna
833 2802 1006 2867 merce]
1028 2805 1130 2855 Vel
1145 2811 1343 2861 annulis
1355 2811 1589 2879 Thynica

526 2864 648 2924 lima
671 2875 960 2939 perpolitis,
983 2894 1197 2945 quorum
1220 2890 1411 2953 mentio
1429 2902 1512 2944 est
1531 2894 1585 2944 in

526 2946 749 2997 uaeniola
772 2949 838 2999 de
861 2966 1028 3005 morte
1054 2959 1282 3028 Horatii,
1314 2970 1452 3032 apud
1490 2972 1590 3022 Isi·

526 3019 642 3070 dor.
664 3036 784 3078 xjx·
806 3031 885 3078 32.
927 3032 1008 3080 vel
1031 3037 1257 3090 cultellis
1282 3043 1591 3111 Bithynicis,

526 3095 594 3145 de
615 3099 801 3162 quibus
826 3103 964 3157 Non.
984 3108 1221 3163 Marcell.
1245 3130 1310 3165 ex
1334 3120 1586 3187 Varrone,

523 3171 580 3220 in
599 3173 774 3239 satyr.
795 3192 885 3229 seu
911 3189 1408 3257 γεροντοδιδασκάλφε
1445 3196 1586 3253 forte

522 3253 575 3297 et
613 3250 819 3314 thynnis
855 3258 1098 3324 piscibus,
1136 3269 1225 3329 qui
1266 3269 1395 3322 bene
1428 3278 1581 3329 multi

521 3325 800 3387 capiuntur
848 3346 882 3381 a
934 3335 1123 3401 Thynis
1177 3348 1399 3408 populis,
1454 3352 1577 3405 inde

520 3401 677 3452 etiam
701 3404 909 3470 adeptis
940 3426 1145 3479 nomen,
1176 3429 1234 3469 ut
1268 3425 1440 3485 placet
1463 3432 1579 3494 qni·

517 3475 749 3529 busdam.
817 3483 961 3536 Pers.
981 3503 1036 3539 v.
1063 3495 1173 3543 188.
1206 3499 1221 3525 ‘
1244 3499 1574 3571 Rubrumque

514 3557 755 3619 amplexa
793 3563 1020 3616 catinum
1044 3568 1222 3622 canda
1252 3583 1396 3628 natat
1423 3584 1572 3647 thyn-

513 3631 602 3680 ni.’
664 3635 746 3684 Ex
784 3636 1060 3694 Ammiano
1097 3647 1293 3713 Thynis
1330 3670 1451 3720 pars
1489 3670 1570 3712 est

510 3707 804 3773 Bithyniae:
838 3716 975 3769 Pliu.
1009 3735 1062 3770 v.
1096 3738 1214 3790 cap.
1252 3733 1332 3781 82.
1369 3735 1385 3763 ‘
1405 3735 1568 3802 Thyni

509 3798 575 3833 ex
600 3788 807 3854 Europa
831 3797 1101 3861 transiere,
1127 3815 1159 3850 a
1181 3807 1364 3867 quibus
1388 3816 1569 3877 appel-

507 3862 681 3913 lantur
698 3865 950 3933 Bithyni!
1000 3875 1069 3925 Et
1092 3881 1245 3940 paulo
1264 3893 1410 3945 post=
1435 3890 1456 3930 ⁴
1469 3890 1566 3940 Τε-

504 3944 635 3988 nent
677 3954 818 3991 oram
856 3958 1058 3997 omnem
1096 3952 1275 4019 Thyni,
1315 3959 1565 4016 interiora

506 4012 735 4078 Bithyni.
778 4018 831 4067 Is
854 4019 971 4071 finis
995 4024 1136 4077 Asiae
1155 4031 1268 4092 est,'
1286 4037 1384 4087 dte.
1431 4040 1560 4093 ibid.

506 4102 624 4152 cap.
644 4094 726 4139 27.
758 4094 774 4124 ‘
792 4094 889 4145 Est
907 4099 1065 4149 etiam
1086 4103 1289 4169 Thynos
1312 4115 1561 4177 oppidum

504 4162 740 4217 ciliciae.’
828 4171 901 4221 Et
942 4187 1024 4227 ιν.

503 4238 742 4295 Thraciae
780 4249 996 4315 populi-⁹
1057 4254 1138 4307 De
1174 4258 1252 4312 his
1287 4264 1555 4324 Claudian.

1675 2598 1690 2624 ‘
1707 2597 1876 2664 Thyni
1914 2602 2136 2655 Thraces
2169 2615 2319 2659 arant
2340 2625 2453 2675 quae
2480 2626 2618 2665 nunc
2639 2615 2725 2663 Bi-

1672 2674 1847 2738 thynia
1867 2676 2068 2730 fertur?
2145 2682 2284 2734 Vide
2305 2699 2345 2735 1.
2373 2686 2482 2738 od.
2507 2692 2590 2740 85.
2612 2695 2662 2740 7.

1731 2756 1763 2801 4
1780 2753 2054 2805 Constantis
2062 2754 2722 2830 [Constantijjuoeuemfide]

1670 2825 1788 2878 Hac
1820 2829 2044 2882 lectione
2077 2835 2286 2900 vulgata
2318 2840 2618 2890 memoriam
2644 2858 2724 2891 ve-

1668 2906 1874 2954 tustatis
1898 2907 2093 2959 aboleri
2126 2911 2334 2976 quidam
2357 2912 2685 2979 indignantur
2705 2934 2720 2979 ;

1660 2979 1943 3047 legantque
1978 2999 2045 3035 ex
2080 2993 2210 3038 vett.
2246 2989 2402 3041 codd.
2453 2992 2724 3043 Constantis

1647 3054 1870 3115 juvenem
1872 3059 1999 3124 fide,
2017 3076 2129 3126 pro,
2131 3063 2274 3128 fidei,
2292 3067 2561 3117 nimirum:
2585 3071 2718 3135 qnod

1661 3131 1735 3182 ita
1755 3134 1954 3197 pridem
1973 3148 2272 3205 usurpatum
2290 3143 2484 3195 docent
2500 3146 2715 3198 Priscis.

1660 3222 1772 3273 nus,
1788 3210 1989 3265 Gellius
2011 3216 2100 3269 lib.
2114 3231 2192 3268 lx.
2212 3224 2291 3270 14.
2323 3222 2505 3287 Virgil.
2523 3223 2715 3289 Georg.

1659 3300 1700 3338 1.
1722 3291 1839 3340 208.
1872 3292 1889 3319 ⁸
1914 3292 2066 3343 Libra
2091 3295 2178 3345 die
2201 3297 2282 3361 (id
2305 3305 2405 3363 est,
2428 3300 2556 3366 diei)
2591 3318 2715 3354 som·

1658 3363 1812 3428 nique
1838 3380 1987 3428 pares
2011 3370 2099 3420 ubi
2123 3370 2315 3424 fecerit
2336 3375 2527 3428 horas!

1721 3445 1751 3487 5
1786 3439 1881 3491 Ille
1913 3443 2062 3494 Notis
2093 3448 2156 3495 ad
2194 3448 2411 3512 Oricum,
2446 3453 2553 3517 φη]
2589 3455 2714 3505 Cum

1655 3514 1859 3567 Italiam
1905 3530 2186 3587 appeteret
2225 3527 2427 3593 Gyges,
2471 3531 2714 3582 reditum·

1654 3605 1754 3656 que
1785 3601 2087 3661 maturaret,
2121 3601 2413 3665 prohibitus
2444 3615 2526 3656 est
2550 3610 2712 3658 ventis

1650 3667 1714 3717 ab
1739 3667 1934 3720 Austro
1954 3669 2216 3739 flantibus,
2239 3686 2487 3745 actusque
2508 3682 2575 3731 ad
2598 3684 2714 3734 Ori-

1649 3758 1794 3806 cnm;
1829 3761 1947 3816 quae‘
1979 3750 2146 3813 prima
2182 3759 2264 3803 est
2293 3756 2438 3821 Epiri
2471 3758 2655 3810 civitas
2676 3776 2708 3811 a

1650 3821 1855 3870 Colchis
1874 3825 2113 3878 condita:
2135 3841 2202 3876 ex
2225 3829 2360 3880 Pliu.
2377 3839 2561 3885 ιιι-28.
2586 3837 2705 3887 urbs

1646 3896 1733 3945 illa
1756 3896 1821 3946 ad
1847 3912 1987 3949 oram
2011 3902 2166 3952 maris
2185 3904 2321 3955 Ionii
2341 3908 2391 3957 in
2409 3910 2574 3975 Epiro
2588 3914 2704 3977 sita,

1645 3971 1710 4021 ad
1736 3973 1936 4023 radices
1960 3979 2148 4027 montis
2169 3978 2568 4051 Acroceraunii,
2586 4005 2699 4039 cum

1646 4053 1796 4110 portu
1832 4050 1955 4100 satis
1989 4054 2178 4117 amplo,
2210 4054 2409 4108 Oreum
2439 4060 2696 4129 Straboni,

1643 4122 1893 4176 Horicum
1912 4128 2217 4192 Ptolemoeo,
2241 4133 2419 4186 Orcha
2436 4139 2485 4189 N
2490 4140 2599 4205 igro
2622 4141 2696 4192 di·

1068 4182 1148 4230 11.
1192 4182 1396 4251 ‘Thyni
1437 4204 1560 4247 sunt
1640 4199 1794 4253 citur.
1860 4203 2031 4255 Multa
2052 4205 2232 4259 deilla
2252 4210 2449 4267 Livius.
