3059 4909
1221 462 1288 523 Q.
1335 457 1654 508 nonu-11
1706 453 1976 503 ensem

840 608 1114 688 Quanto
1143 605 1430 689 quisque
1462 602 1589 668 sibi
1622 601 1815 685 plura
1843 597 2208 682 negaverit,

841 710 906 774 A
941 709 1070 774 Dis
1103 708 1291 792 plura
1317 707 1505 770 feret.
1598 702 1718 767 Nil
1748 686 2159 784 cupientium

846 811 1093 878 Nudus
1122 815 1341 874 castra
1369 813 1564 891 peto;
1599 811 1669 870 et
1698 803 2047 886 transfuga
2073 800 2352 865 divitum

1103 911 1345 975 Partes
1371 909 1672 992 linquere
1703 905 1939 989 gesti0,

848 1014 1218 1080 Contemtae
1251 1012 1552 1076 dominus
1582 1006 1994 1092 splendidior
2021 1004 2139 1082 rei,
2171 1049 2178 1056 -

849 1117 1072 1195 Quam
1100 1116 1180 1195 si,
1212 1111 1537 1198 quicquid
1571 1118 1715 1175 arat
1743 1109 2023 1192 impiger
2052 1105 2344 1190 ApuluS,

2612 1002 2696 1067 25

502 1308 619 1355 gere
640 1294 775 1342 valde
793 1292 1098 1356 splendidum.
1157 1291 1264 1347 Quo
1284 1290 1461 1351 majora
1479 1289 1575 1338 sihi
1595 1288 1786 1352 quisque
1807 1287 2055 1345 ademerit,
2078 1301 2131 1335 eo
2151 1283 2380 1349 ampliora
2400 1285 2700 1343 consequetur

504 1375 536 1406 a
560 1358 865 1407 Numinibus.
936 1358 1123 1419 Pauper
1160 1362 1348 1404 transeo
1384 1356 1446 1404 ad
1477 1360 1639 1418 purte-r
1676 1354 1799 1402 nihil
1830 1353 2176 1416 appetentium3
2207 1357 2347 1412 utque
2379 1348 2710 1422 opulentorum

506 1421 914 1484 castrasugitivus
934 1423 1143 1470 deserere
1163 1421 1351 1469 exulem
1373 1419 1594 1467 bonorum
1615 1424 1880 1481 spretorum
1898 1430 2134 1480 possessor
2151 1415 2307 1476 mag-is
2326 1414 2551 1471 illustris,
2567 1423 2703 1484 qucum

500 1492 546 1534 si
568 1489 684 1536 meis
715 1488 964 1550 granariis
992 1488 1233 1536 conderem
1263 1486 1317 1533 id
1348 1499 1481 1533 omne
1511 1486 1635 1546 quod
1670 1484 1782 1531 colit
1820 1483 2006 1545 Apulus
2037 1481 2291 1530 laboriosus
2310 1496 2331 1537 ,-
2355 1492 2464 1539 ›ego
2506 1476 2714 1525 interm*

1429 1623 1790 1647 “COGNOUOOO

512 1726 790 1777 convenit.'
821 1721 1087 1778 &rui—22
1119 1725 1197 1776 Ab
1222 1725 1317 1774 Dis
1340 1724 1489 1774 Harl.
1505 1728 1557 1774 2.
1593 1737 1768 1773 omnes
1789 1721 1902 1772 fere
1925 1722 2170 1784 Bentleii,
2203 1727 2402 1785 septem
2442 1719 2599 1769 codd.
2621 1726 2703 1783 a'p.

514 1793 732 1856 Cuning.
756 1793 976 1841 Mentel.
1003 1792 1142 1854 Lips.
1167 1796 1213 1841 1.
1238 1795 1285 1839 2.
1309 1791 1518 1839 Venett.
1545 1792 1688 1838 1477.
1709 1791 1854 1838 1478.
1879 1792 2022 1838 1479.
2042 1789 2260 1837 Vascos.
2286 1786 2461 1835 Bentl.
2486 1786 2706 1846 Cuning.

511 1857 697 1905 Sauad.
720 1856 863 1921 Jani,
881 1857 1092 1919 Bipont.
1113 1863 1165 1904 et
1189 1855 1403 1904 Mitsclr.
1466 1854 1512 1903 A
1539 1855 1637 1903 Dis
1656 1854 1824 1916 vulgg.
1860 1855 1876 1881 ‘
1893 1853 2014 1902 Non
2036 1852 2266 1913 dubium,
2290 1852 2411 1916 quin
2449 1858 2505 1899 et
2540 1849 2706 1900 ceteri

513 1922 741 1980 editores
764 1923 858 1970 boc
880 1921 959 1970 Ab
982 1922 1033 1970 in
1058 1918 1213 1969 codd.
1249 1926 1512 1982 repertum
1535 1917 1895 1982 neglexerint!
1928 1917 2066 1966 Jam‘.
2137 1918 2279 1981 Lips.
2303 1921 2352 1968 1.
2386 1917 2527 1978 plura
2542 1916 2709 1974 refert.

513 1990 644 2034 -25
683 1987 926 2035 Contenta
957 1984 1217 2034 Acronem
1241 1985 1426 2047 legisse
1462 1984 1716 2047 colligunt
1738 1997 1804 2031 ex
1828 1983 1941 2046 ejus
1966 1989 2119 2031 nota:
2153 1983 2169 2010 ‘
2185 1983 2235 2031 h.
2257 1995 2303 2031 e.
2326 1981 2627 2042 compositae
2654 1986 2708 2029 et

514 2049 820 2100 mediocris!
887 2052 1044 2099 Certe
1068 2051 1143 2099 sic
1177 2049 1304 2099 Mss.
1328 2047 1552 2113 quidam,
1589 2057 1647 2098 ut
1669 2048 1942 2097 Pulmauui
1968 2048 2165 2096 Diesth‘.
2191 2046 2292 2095 duo
2313 2048 2558 2096 Tor-rent.
2582 2058 2711 2094 unus

513 2116 717 2165 Bersm.
741 2116 916 2164 Bentl.
942 2115 1123 2177 Regin.
1147 2128 1176 2161 a
1200 2129 1265 2163 rn.
1290 2128 1332 2164 s.
1358 2115 1508 2163 Dess.
1529 2117 1584 2163 2.,
1647 2112 1847 2161 Probat
1869 2119 1926 2162 et
1961 2113 2168 2161 Canter.
2198 2113 2333 2161 Nov.
2358 2112 2533 2161 Lectt.
2558 2123 2639 2159 ιν.
2661 2113 2709 2158 2.

513 2180 638 2228 item
674 2194 775 2228 non
812 2179 1057 2242 displicet
1091 2179 1248 2244 Cruq.
1275 2193 1335 2227 ac
1370 2179 1611 2227 Torrent.
1643 2177 1781 2227 ‘Sed
1805 2191 2132 2241 quocumque
2171 2176 2321 2225 modo
2353 2175 2603 2238 accipias,
2639 2189 2714 2223 res

512 2249 734 2293 contenta
755 2244 928 2292 Latini
952 2243 1199 2293 sermonis
1224 2244 1332 2292 usui
1356 2257 1567 2306 prorsus
1593 2248 1868 2304 repugnat.
1928 2243 2151 2292 Praestat
2174 2241 2398 2290 omnium
2419 2249 2713 2289 ceterorum

516 2309 673 2358 codd.
696 2315 751 2358 et
787 2308 940 2359 editt.
963 2315 1091 2358 vett.
1119 2309 1270 2357 lectio
1294 2305 1574 2356 contemne?
1606 2306 1746 2357 Jani.
1817 2308 2077 2356 Contemtoe
2100 2306 2249 2356 Gott.
2273 2306 2426 2355 Harl.
2452 2309 2497 2354 1.
2519 2309 2571 2355 2.
2594 2308 2644 2353 3.
2660 2308 2712 2354 4.

515 2379 564 2420 5.
588 2377 637 2422 θ.
672 2379 778 2422 tres
800 2373 1017 2423 Mediol.
1048 2374 1262 2422 Venett.
1286 2376 1432 2421 1477.
1451 2375 1597 2420 1478.
1621 2375 1766 2421 1479.
1789 2375 1936 2421 1486.
1974 2372 2192 2421 Locher.
2213 2371 2279 2419 al.
2318 2372 2566 2418 Contentoe
2590 2370 2716 2420 Vet.

516 2438 826 2487 Comb.—-26
861 2438 1019 2487 Pauci
1041 2437 1194 2486 codd.
1218 2444 1277 2486 ut
1303 2437 1409 2485 ΑΗ.
1431 2441 1475 2485 1.
1502 2436 1638 2499 Lips.
1657 2440 1706 2485 3.
1732 2451 1827 2499 pro
1852 2451 1898 2484 v.
1924 2437 1956 2485 1.
1978 2436 2183 2500 Lips.4.
2207 2436 2426 2484 Locher.
2451 2443 2506 2483 et
2530 2434 2717 2483 Vener.

516 2506 661 2551 1492.
693 2517 787 2550 non
806 2502 980 2564 piger3
1013 2502 1150 2550 unde
1186 2502 1239 2550 in
1283 2503 1455 2564 plures
1495 2501 1617 2549 edd.
1643 2502 1815 2562 venit3
1848 2515 1964 2548 nam
2000 2502 2075 2549 sic
2108 2501 2290 2549 Basili.
2312 2500 2508 2548 Muret.
2531 2498 2713 2561 Steph.

515 2567 576 2614 Τ.
600 2567 725 2614 Fab.
751 2567 992 2630 Rutgers.
1029 2567 1098 2617 G.
1137 2565 1290 2614 Fabr.
1325 2567 1516 2614 Dacer.
1545 2565 1721 2616 Joues.
1742 2566 1930 2614 Sauad.
1953 2565 2158 2614 Talbot.
2196 2572 2251 2613 et
2279 2565 2427 2615 Pine.
2489 2563 2594 2612 Sed
2627 2564 2714 2612 im-

511 2630 655 2692 piger
674 2632 848 2680 Schol.
872 2632 1143 2680 duodecim
1177 2629 1434 2691 Lambini,
1455 2643 1633 2678 omnes
1651 2629 1884 2694 Cruquii,
1901 2630 2179 2692 Tor-rentii,
2203 2629 2449 2692 Bentleii,
2468 2629 2715 2679 Pulman-

1510 2775 1728 2825 NOTAE

581 2862 643 2906 21
683 2858 874 2914 Quanto
894 2858 1086 2921 quisque
1107 2858 1200 2907 sibi
1222 2859 1360 2921 plura
1380 2871 1579 2918 negave-

518 2933 613 2995 rit]
652 2933 860 2983 Quanto
885 2933 1211 2994 paucioribus
1229 2934 1445 2997 quisque
1464 2930 1578 2982 fue-

519 3010 587 3058 rit
607 3016 905 3070 contentus,
927 3008 1138 3059 infinitas
1162 3009 1438 3072 cupiditati
1460 3008 1580 3059 frae-

519 3099 642 3134 num
680 3085 938 3148 injiciens,
972 3100 1273 3152 negansque
1308 3087 1580 3136 ambitioni

520 3160 656 3223 quod
698 3162 854 3222 petit,
891 3168 1037 3210 tanto
1071 3163 1222 3223 plura
1256 3161 1514 3211 obtinebit
1551 3176 1582 3210 a

521 3236 660 3285 Diis,
696 3236 1051 3300 Interrogatus
1069 3238 1324 3301 Epicurus
1344 3252 1442 3301 quo
1462 3252 1582 3299 pac·

520 3317 576 3361 ,to
617 3310 734 3376 q'uis
775 3312 1077 3373 ditesceret,
1111 3314 1419 3376 respondit:
1456 3314 1579 3362 Non

521 3389 758 3453 pecuniae
779 3404 888 3438 suae
911 3404 1201 3454 apponens,
1219 3391 1308 3439 sed
1331 3392 1494 3440 multa
1512 3390 1581 3440 de

520 3464 673 3512 rebus
717 3465 1020 3515 necessariis
1064 3473 1356 3528 amputans.
1433 3464 1582 3515 Stob.

521 3539 688 3589 Serm.
706 3544 790 3589 39.
954 3576 958 3581 -

587 3618 651 3664 22
687 3617 780 3684 Nil
799 3616 1086 3680 cupientium
1117 3617 1289 3665 Nudus
1323 3622 1482 3665 castra
1499 3631 1582 3679 pe-

522 3692 712 3754 to‚·85c.]
768 3693 910 3742 Malo
929 3693 1050 3741 nihil
1075 3693 1283 3756 habere,
1305 3707 1397 3742 seu
1419 3695 1582 3742 omni-

522 3766 615 3819 bus
640 3766 914 3826 nudarisset
937 3769 1059 3817 nillil
1082 3784 1309 3832 cupere;
1333 3784 1480 3834 quarn
1505 3769 1582 3818 di-

523 3857 612 3890 ves
659 3857 773 3891 esse
818 3852 874 3893 et
918 3845 1170 3897 solicitus.
1248 3847 1580 3899 Democritus

524 3917 732 3987 aiebat:
759 3921 773 3946 ‘
789 3921 842 3968 Si
861 3923 1021 3970 multa
1035 3936 1135 3970 uon
1155 3922 1442 3983 desideres,
1459 3939 1581 3988 pau·

523 4008 586 4042 ca
611 3995 704 4042 tibi
731 3997 889 4044 multa
918 3997 1261 4049 videbuntur.'
1338 4000 1581 4053 Juvenal.

525 4070 633 4118 Sat.
678 4082 793 4119 xrv.
836 4075 951 4121 311.
1002 4075 1017 4100 ‘
1053 4073 1226 4124 Sensit
1273 4073 1587 4139 Alexander,

527 4152 669 4193 testa
691 4160 807 4194 cum
833 4147 961 4195 vidit
983 4149 1034 4196 in
1058 4149 1145 4197 illa
1168 4151 1415 4213 Magnum
1440 4152 1584 4209 habi-

531 4228 770 4277 tatorem,
809 4230 1005 4286 quanto
1043 4221 1242 4273 felicior
1272 4228 1354 4276 bic
1384 4226 1467 4291 qui
1492 4228 1585 4277 Nil

528 4305 763 4361 cuperet,
778 4312 927 4362 quam
944 4299 1030 4364 qui
1053 4307 1214 4350 totum
1229 4302 1327 4352 sibi
1346 4311 1586 4366 posceret

1659 2858 1854 2912 orbern,
1877 2857 2134 2906 Passurus
2159 2856 2320 2920 gestis
2352 2853 2606 2919 aequanda
2630 2868 2718 2918 pe-

1661 2933 1824 2981 ricula
1847 2930 2039 2982 rebus!

1725 3013 1787 3057 28
1827 3006 2098 3070 Transfuga
2150 3008 2354 3057 divitum
2394 3006 2573 3055 Partes
2628 3004 2718 3052 lin·

1660 3097 1801 3146 quere
1832 3083 2012 3146 gestio]
2069 3085 2230 3132 Ratun
2270 3082 2462 3130 divites
2486 3094 2605 3129 esse
2627 3079 2720 3131 mi.-

1660 3161 1920 3222 serrimos,
1952 3158 2018 3208 ab
2039 3159 2119 3208 his
2141 3160 2309 3208 libens
2346 3157 2633 3220 transfugio
2655 3156 2721 3209 ad

1661 3249 1750 3285 eos
1773 3237 1860 3299 qui
1880 3233 2137 3285 beatiores
2160 3242 2279 3284 sunt
2295 3234 2420 3283 nihil
2444 3232 2721 3296 cupiendo,

1665 3326 1823 3376 parvo
1840 3312 2097 3361 contenti.

1723 3392 1785 3436 25
1812 3388 2072 3436 contemne
2088 3386 2305 3435 dominus
2320 3384 2615 3449 splendidior
2627 3381 2722 3443 rei]

1662 3463 1801 3516 Quia
1820 3464 2093 3526 imperiose
2115 3464 2350 3512 dominor
2371 3462 2575 3524 exiguis
2597 3460 2721 3509 meis

1644 3542 1831 3603 bonis,
1871 3547 1927 3590 et
1970 3541 2164 3603 majora
2202 3539 2457 3602 despicio,
2494 3537 2721 3600 mihique

1661 3618 1777 3681 ipse
1818 3632 1883 3666 ea
1921 3617 2158 3680 denego;
2192 3615 2309 3665 binc
2342 3613 2616 3678 splendide
2640 3627 2720 3661 me
2823 3620 2829 3624 ·

1661 3700 1886 3743 ostento.
1953 3691 2150 3743 Contra
2174 3690 2326 3740 dives
2362 3705 2545 3740 avarus
2579 3690 2722 3737 velut

1664 3770 1975 3833 mancipium
1996 3770 2156 3817 servit
2180 3767 2384 3832 opibus,
2407 3765 2719 3828 sordideque

1660 3846 1822 3895 vivit:
1858 3852 2044 3909 estque
2066 3847 2082 3872 ‘
2103 3844 2241 3901 intes
2262 3858 2388 3907 opes
2412 3842 2597 3906 inops.'
2629 3842 2722 3897 Se,-

1660 3937 1775 3972 nec.
1799 3924 1967 3986 Epist.
1991 3926 2073 3972 74.
2096 3921 2112 3949 ‘
2135 3921 2431 3970 Occurrent
2448 3919 2614 3984 (quod
2634 3934 2720 3982 ge-

1647 4014 1755 4048 .nus
1778 3998 2026 4063 egestatis
2046 3996 2402 4060 gravissimum
2424 3995 2535 4060 est)
2568 3997 2622 4045 in
2645 3997 2720 4044 di-

1663 4076 1804 4125 vitiis
1827 4068 2040 4137 iu6pes.'
2075 4075 2207 4124 Nam
2231 4076 2246 4103 ⁸
2269 4072 2420 4123 deest
2438 4088 2597 4122 avaro
2617 4080 2718 4127 tam

1664 4150 1801 4216 quod
1836 4150 2012 4212 babet,
2048 4165 2199 4213 quam
2235 4151 2369 4214 quod
2395 4163 2497 4198 nou
2531 4144 2719 4198 babet!

1666 4228 1933 4278 Claudian.
1957 4229 2009 4276 in
2034 4225 2153 4278 Ruf.
2176 4240 2216 4277 ι.
2236 4230 2352 4276 200.
2376 4227 2626 4290 ‘Semper
2648 4225 2717 4273 iu-

1666 4318 1762 4369 ops
1781 4306 2088 4369 quicumque
2106 4302 2288 4367 cupit.'
