3059 4909
540 359 672 435 41'2

888 529 1136 594 Pacem
1168 528 1397 593 duello
1426 529 1712 625 miscuit.

975 628 1035 692 Ο
1068 649 1307 712 magna
1336 629 1692 713 Carthago,
1722 633 2074 715 probrosis

1063 732 1281 797 Altior
1309 733 1775 830 Italiae-ruinis
1802 735 1816 797 !

1260 384 1326 443 Q.
1375 369 1695 430 nonATu
1748 383 2012 432 rnAcot

1804 529 1864 593 O
1898 529 2155 612 pudor!

2663 735 2743 799 210
3004 573 3012 850 1

889 835 1127 902 Fertur
1155 834 1426 919 pudicae
1459 834 1767 920 conjugis
1799 837 2130 914 osculum,

890 937 1289 1021 Parvosque
1318 943 1541 1016 natoS‚
1565 925 1647 1001 ut
1676 939 1919 1022 capitis
1946 940 2186 1016 minor,

546 1127 593 1175 0
608 1125 822 1188 gloriosa
845 1127 1088 1189 Carthago
1104 1125 1318 1189 tm‘pibus
1341 1125 1502 1175 Italia
1523 1124 1733 1174 cladibus
1747 1127 1974 1175 excelsior
1992 1126 2018 1177 l
2056 1126 2286 1188 Regulus,
2302 1126 2427 1173 velut
2444 1124 2598 1186 capite
2612 1122 2744 1171 dimi-

542 1197 704 1255 nutus,
724 1207 756 1241 a
772 1206 823 1242 se
843 1192 1022 1241 dicitur
1042 1192 1268 1255 repulisse
1288 1191 1503 1239 suavium
1525 1195 1668 1240 castoe
1691 1191 1873 1255 uxoris,
1892 1197 2032 1255 atque
2040 1190 2255 1255 filiolos,⁴
2293 1196 2339 1239 et
2349 1189 2536 1249 faciem
2551 1202 2743 1251 genero·

1480 1335 1785 1357 OOOOOOmO
1791 1337 1850 1355 Oe

542 1436 703 1486 libros
726 1435 960 1498 venerit3
996 1434 1277 1499 suspiceris
1299 1434 1455 1496 forte,
1480 1435 1563 1483 vel
1591 1434 1798 1499 poetam
1823 1435 2096 1497 scripsisse
2118 1433 2313 1493 anxius,
2355 1432 2494 1482 unde

2592 1446 2616 1481 Ι·
2639 1446 2747 1481 001·-

545 1501 778 1565 ruptelas
800 1498 954 1550 facile
975 1508 1193 1565 utraque
1218 1502 1397 1561 lectio,
1418 1500 1578 1563 aptius
1596 1508 1650 1549 et
1671 1500 1869 1562 inscius,
1888 1500 2014 1550 oriri
2041 1509 2246 1563 posset3
2270 1499 2372 1556 vel,
2399 1514 2499 1562 quo
2558 1498 2747 1558 malim,

540 1566 844 1629 ascripsisse
866 1561 1270 1615 Grammaticum
1292 1568 1361 1626 τῷ·
1381 1564 1558 1615 inscius
1580 1566 2098 1627 interpretamentum
2124 1570 2137 1593 ⁸
2158 1563 2376 1625 anxins‚’
2401 1570 2458 1612 et
2491 1563 2613 1612 inde
2637 1569 2750 1625 post

543 1630 704 1693 aptius
749 1627 987 1680 factum?
1018 1631 1289 1680 dani.—38
1322 1631 1500 1679 Pacem
1538 1636 1585 1680 et
1623 1630 1829 1679 duellum
1867 1630 2091 1693 conject.
2143 1644 2229 1693 ap.
2267 1628 2578 1679 Jonas—43
2615 1629 2661 1677 A
2700 1642 2750 1677 se

547 1696 719 1760 vulgg.
751 1695 830 1745 Ab
869 1710 919 1745 se
959 1694 1112 1745 Harl.
1150 1700 1195 1744 1.
1230 1700 1280 1744 2.
1319 1700 1367 1746 3.
1405 1700 1457 1744 4.
1484 1702 1531 1745 5.
1568 1700 1617 1745 6.
1657 1695 1931 1744 Pulmanni
1969 1694 2238 1744 Gemblac.
2283 1699 2327 1743 l.
2367 1697 2415 1743 2.
2459 1699 2516 1742 et
2554 1692 2747 1742 Beller.

544 1757 777 1810 Bentleii
799 1760 976 1810 Graev.
997 1759 1145 1810 Leid.
1172 1760 1375 1810 Zulich.
1401 1761 1583 1824 Regin.
1623 1768 1680 1809 et
1714 1760 1911 1809 Battel.
1950 1760 2174 1824 quinque
2210 1759 2364 1808 codd.
2398 1773 2483 1822 ap.
2525 1758 2748 1821 Cuning.

545 1838 678 1874 unus
711 1824 1038 1880 Bersmanni,
1075 1838 1251 1873 omnes
1295 1839 1380 1888 ap.
1418 1825 1561 1886 sani,
1588 1839 1705 1874 cum
1745 1824 1865 1874 edd.
1901 1825 2117 1874 Venett.
2143 1827 2289 1874 14⁷8.
2316 1828 2462 1874 1559.
2497 1822 2748 1872 Glarean.

543 1889 724 1940 Lamb.
746 1890 924 1941 Bentl.
949 1890 1169 1954 Cuning.
1191 1890 1378 1939 Sanad.
1405 1890 1570 1940 Gesu.
1592 1889 1773 1941 Jonas.
1796 1890 1930 1940 Sivr.
1954 1888 2095 1953 Jani,
2130 1889 2340 1953 Bipont.
2367 1889 2579 1938 Mitscb.
2603 1888 2750 1938 Wet·

1531 2021 1749 2073 NOTAE

544 2131 659 2168 esse
678 2118 934 2169 duntaxat
952 2117 1195 2169 tuendam
1212 2135 1227 2181 ;
1263 2120 1435 2169 Pacem
1454 2120 1609 2170 duello

544 2197 754 2254 miscuit,
796 2198 947 2246 unius
996 2196 1063 2246 ab
1104 2197 1269 2246 altero
1332 2196 1609 2246 discrimen

543 2275 678 2322 male
722 2280 978 2335 statuens,
1017 2280 1290 2337 utrumque
1333 2271 1605 2324 confudit:

543 2363 661 2398 nam
700 2350 753 2398 in
785 2349 958 2400 medio
992 2350 1131 2399 bello
1166 2349 1363 2411 abjecit
1391 2365 1534 2400 arma
1554 2350 1608 2399 in

543 2440 672 2490 pace
709 2435 907 2475 tantum
946 2426 1291 2489 deponenda3
1326 2434 1384 2477 et
1429 2428 1481 2476 in
1523 2442 1605 2477 ar-

543 2500 848 2551 dentissimo
881 2500 1123 2552 conflictu
1158 2504 1331 2566 segnis
1355 2502 1490 2565 fuit;
1526 2518 1608 2552 se-

546 2594 648 2650 que
684 2587 792 2628 tum
826 2579 960 2629 hosti
998 2580 1200 2629 dedidit
1231 2595 1348 2630 cum
1382 2580 1607 2630 maxime

520 2647 935 2726 *repugnandum
960 2649 1166 2707 fnisset.

606 2736 671 2782 39
704 2734 894 2794 Magna
930 2733 1199 2797 Carthago]
1253 2711 1514 2800 Carthago
1539 2750 1608 2785 ae·
1648 2733 1651 2736 ’

543 2810 682 2858 mula
704 2809 842 2859 urbis
863 2809 1005 2860 orbis
1022 2809 1266 2871 dominae,
1290 2812 1438 2875 cujus
1458 2820 1609 2862 tanta

539 2884 640 2935 fuit
665 2886 786 2935 olim
806 2886 1058 2950 potentia,
1083 2893 1142 2937 ut
1160 2894 1272 2937 tota
1295 2886 1479 2938 Africa
1501 2889 1608 2938 cul·

543 2964 686 3013 tiore
704 2964 990 3027 potiretur:
1036 2966 1087 3013 in
1118 2966 1373 3030 Hispania
1394 2982 1517 3016 vero
1542 2968 1607 3018 ab

543 3038 788 3088 Herculis
826 3039 1076 3089 columnis
1118 3041 1185 3090 ad
1240 3057 1402 3107 usque
1444 3043 1609 3108 Pyre-

542 3129 689 3163 naeos
711 3123 913 3166 montes
936 3118 1174 3166 maximis
1190 3119 1492 3168 civitatibus
1514 3119 1609 3168 im-

538 3199 770 3255 peraret.
836 3191 1109 3257 Polybius,
1133 3194 1341 3246 Strabo.
1410 3195 1495 3246 Ab
1522 3197 1606 3245 AE·

540 3268 753 3319 miliano
783 3269 1026 3333 Scipione
1050 3272 1261 3321 tandem
1285 3272 1423 3321 bello
1443 3273 1607 3322 Puni-

542 3358 605 3395 co
628 3345 783 3396 tertio
806 3348 982 3397 excisa
1007 3354 1063 3398 et
1086 3349 1101 3377 ‘
1121 3347 1269 3399 finita
1291 3356 1372 3399 est
1391 3349 1428 3399 τ’
1454 3357 1511 3399 ut
1535 3350 1608 3400 ait

539 3422 680 3472 Flor.
703 3436 768 3473 ιι.
788 3428 867 3473 15.
899 3431 915 3453 ⁶
936 3425 1149 3478 Quanta
1172 3441 1296 3477 vero
1316 3426 1440 3476 urbs
1462 3425 1607 3476 dele·

542 3505 595 3548 ta
615 3498 715 3563 sit,'
737 3497 907 3566 induit
929 3500 1017 3550 ille
1037 3502 1164 3553 ibid.
1206 3504 1222 3532 ‘
1244 3502 1438 3566 ignium
1460 3509 1606 3556 mora

537 3576 750 3639 probari
773 3585 950 3642 potest
971 3597 983 3626 ι
1007 3579 1201 3644 quippe
1221 3594 1315 3643 per
1329 3580 1605 3630 continuos

541 3651 724 3701 decem
761 3661 817 3703 et
844 3661 1045 3718 septem
1069 3655 1185 3704 dies
1222 3656 1305 3704 vix
1340 3656 1607 3721 potuitin-

540 3727 782 3778 cendium
806 3731 1079 3796 extingui?

599 3809 665 3854 40
698 3805 863 3855 Altior·
902 3806 1065 3855 Italiae
1104 3807 1283 3871 ruinis]
1344 3808 1476 3860 Post
1499 3799 1606 3858 fu·

539 3896 651 3931 sum
698 3881 982 3931 Romanum
1024 3886 1334 3948 exercitum,
1368 3892 1603 3949 captum·

538 3972 641 4022 que
665 3957 1041 4021 Imperatorem
1067 3959 1343 4023 Regulum,
1374 3961 1390 3989 ‘
1407 3961 1604 4024 spiran-

538 4035 681 4084 tibus
705 4033 861 4083 altins
882 4034 1102 4097 Poenis,’
1123 4044 1184 4085 ut
1203 4037 1277 4086 ait
1301 4038 1439 4087 Flor.
1463 4051 1528 4085 ιι.
1550 4040 1601 4085 2.

1689 2122 1846 2171 simus
1867 2119 2201 2185 Imperator‚’
2219 2124 2322 2171 διο.

1751 2200 1813 2245 41
1850 2197 2030 2262 Ξενίαν·
2049 2197 2233 2260 pudica?
2250 2195 2480 2257 conjugis,
2501 2193 2614 2258 ξω]
2657 2195 2748 2248 At-

1690 2272 1830 2322 tilius
1870 2272 1956 2323 ille
1996 2274 2226 2337 Regulus
2267 2280 2283 2302 ⁶
2307 2287 2405 2323 nec
2452 2273 2606 2321 uxori
2647 2287 2750 2322 suae

1688 2348 1826 2413 loqui
1849 2349 2029 2412 voluit,
2054 2364 2148 2399 nec
2171 2350 2367 2399 intrare
2386 2349 2589 2411 urbem,
2606 2348 2748 2413 quasi

1688 2427 1999 2476 exulesset!
2022 2427 2144 2478 Dio.
2184 2427 2373 2489 Reguli
2396 2428 2589 2493 conjux
2611 2415 2753 2477 Mar-⁴

1688 2504 1764 2552 tia
1805 2502 2078 2552 dicebatur
2109 2518 2176 2551 ex
2211 2502 2337 2553 Silio
2382 2503 2469 2553 lib.
2511 2516 2589 2552 vt.
2633 2507 2748 2553 «1⁰3.
2834 2541 2843 2546 -

1685 2582 1699 2606 ‘
1715 2580 1850 2629 Ecce
1865 2581 2073 2630 trahens
2083 2581 2338 2644 geminum
2359 2588 2598 2630 natorum
2610 2576 2702 2630 M'a
2709 2594 2752 2627 r-

1689 2659 1761 2708 tia
1797 2658 2006 2723 pignus,
2044 2655 2241 2707 Infelix
2273 2656 2432 2705 nimia
2452 2658 2628 2720 magni
2653 2659 2748 2706 vir·

1689 2741 1804 2785 tute
1849 2736 2038 2796 mariti,
2081 2734 2414 2800 squalentem
2458 2734 2655 2784 crinem
2697 2741 2753 2784 et

1690 2810 1856 2861 tristis
1895 2811 2159 2861 lacerabat
2185 2811 2420 2860 amictus.
2446 2845 2460 2860 .
2477 2841 2492 2856 .
2515 2841 2529 2857 .
2575 2809 2750 2875 Atque

1689 2902 1753 2936 ea
1792 2893 2061 2951 postquam
2099 2886 2281 2937 babitu
2314 2886 2472 2951 juxta
2516 2894 2574 2934 et
2621 2886 2750 2935 vela-

1689 2964 1827 3013 mine
1849 2962 2013 3012 Poeno
2048 2961 2352 3011 Deformem
2379 2961 2605 3026 aspexit,
2627 2960 2751 3010 fusis

1688 3039 1972 3088 ululatibus
2008 3053 2149 3104 aegra
2181 3039 2421 3100 Labitur,
2452 3045 2509 3088 et
2555 3038 2750 3103 gelidos

1689 3117 1870 3167 mortis
1915 3117 2059 3167 color
2102 3122 2326 3179 occupat
2363 3122 2528 3166 artus.
2552 3147 2566 3163 .
2592 3148 2607 3165 .
2631 3150 2646 3166 .
2670 3128 2752 3164 me

1689 3207 1819 3243 voce
1842 3194 2021 3258 quieta
2042 3190 2272 3255 Affatus,
2282 3191 2437 3255 jubet
2455 3204 2512 3241 et
2535 3198 2752 3251 vestros,

1689 3274 1743 3318 et
1787 3268 2024 3333 conjugis
2070 3282 2174 3317 una
2217 3269 2415 3317 Arcere
2460 3268 2750 3331 amplexus.

1689 3347 1853 3396 Patet
1895 3343 2304 3409 impenetrabilis
2337 3344 2426 3393 ille
2464 3339 2752 3406 Luctibus‚’

1687 3426 1784 3473 ὅτε.
2126 3419 2131 3428 ’

1750 3504 1816 3552 42
1859 3501 1929 3550 Ut
1960 3500 2136 3564 capitis
2169 3500 2347 3564 minor]
2382 3500 2575 3562 Capite
2606 3497 2751 3547 dimi-

1687 3582 1863 3639 nutus,
1898 3575 1950 3624 id
1975 3585 2075 3638 est,
2097 3570 2301 3625 mutata
2330 3581 2472 3625 sorte
2497 3582 2555 3625 et
2578 3574 2752 3624 condi·

1689 3653 1849 3723 tione.
1915 3653 2036 3704 Jam
2068 3667 2170 3701 uon
2199 3652 2325 3701 civis
2351 3654 2633 3713 Romanus,
2664 3667 2748 3700 ne·

1688 3729 1809 3779 dum
1831 3730 2074 3792 Senator,
2112 3730 2315 3779 scilicet
2343 3726 2511 3779 factus
2534 3746 2566 3780 e
2588 3731 2749 3782 libero
2780 3759 2784 3766 -

1687 3819 1884 3867 servus,
1905 3822 1973 3857 ex
1997 3807 2323 3872 Imperatore
2341 3815 2396 3858 et
2414 3809 2564 3858 Duce
2588 3807 2750 3872 capti-

1685 3898 1778 3933 vus
1818 3884 2314 3947 Carthaginensium.
2380 3885 2584 3948 Capitis
2606 3884 2748 3933 dimi·

1683 3961 1830 4010 nutio
1851 3969 2070 4014 vocatur
2107 3960 2290 4025 prioris
2327 3967 2492 4011 status
2515 3961 2746 4011 mutatio.

1683 4036 2030 4100 Caput‘euim
2066 4043 2260 4086 statum
2294 4033 2569 4100 siguificat.
2637 4035 2743 4087 Cic.

539 4110 632 4159 cit.
668 4109 757 4159 ubi
778 4116 835 4160 et
868 4109 945 4160 sic
979 4110 1231 4162 babetur:
1269 4112 1286 4140 ⁴
1307 4114 1437 4162 Tum
1459 4111 1603 4163 foeda
1680 4111 1813 4177 Top.
1848 4113 1938 4163 ‘Si
1973 4114 2159 4164 mulier
2195 4119 2564 4182 testamentum
2601 4113 2763 4188 fecit„

538 4184 732 4249 clades,
777 4186 1118 4252 Romanisque
1172 4203 1269 4238 usu
1320 4189 1602 4253 incognita.

539 4261 699 4313 Vivus
721 4262 773 4311 in
795 4275 975 4312 manus
1007 4263 1229 4316 hostium
1255 4268 1396 4318 venit
1424 4266 1602 4318 fortis·

1680 4205 1796 4256 quae
1841 4204 1898 4240 se
1945 4192 2120 4255 capite
2164 4204 2425 4255 uunquam
2467 4186 2743 4248 diminuit,’

1682 4268 1736 4317 id
1761 4273 1860 4332 est,
1883 4283 1996 4333 quas
2021 4281 2117 4336 per
2141 4266 2435 4333 conjugium
2452 4265 2507 4316 in
2524 4264 2622 4316 viri
2638 4276 2741 4315 ma-
