3059 4909
1045 386 1455 439 emnii-mu
1507 388 1818 438 mnf-111,
1856 372 1968 438 27.

2451 375 2580 460 519

726 533 1027 600 Credidit
1053 539 1242 599 tauro
1271 533 1472 611 latuS,
1504 526 1576 597 et
1605 539 1974 599 scatentem

728 637 982 702 Belluis
1011 645 1285 721 pontum
1315 636 1708 718 mediasque
1742 634 2006 701 fraudes

1240 738 1492 804 Palluit
1521 738 1771 803 audax.

726 842 964 926 Nuper
992 843 1060 906 in
1089 841 1295 924 pratis
1329 841 1637 906 studiosa
1665 840 1923 918 florum,
1957 848 2027 905 et

723 945 990 1010 Debitae
1024 944 1362 1028 Nymphis
1391 944 1623 1028 opifex
1652 961 1941 1020 coronae,

719 1046 942 1112 Nocte
972 1047 1297 1110 sublustri
1329 1046 1497 1110 nihil
1529 1054 1709 1112 astra
1741 1052 1983 1129 praeter

1237 1148 1429 1215 Vidit
1453 1156 1522 1213 et
1554 1150 1809 1213 undas:

720 1248 898 1329 Quae
930 1250 1129 1315 simul
1156 1258 1416 1316 centum
1447 1251 1667 1335 tetigit
1694 1256 2022 1335 potentem

715 1352 1010 1436 Oppidis
1043 1352 1304 1430 Creten,
1341 1354 1565 1430 Pater,
1592 1371 1633 1416 o
1659 1353 1962 1419 relictum

366 1554 515 1603 etiam
541 1556 730 1618 Europa
748 1556 919 1617 fallaci
942 1561 1078 1606 tauro
1100 1557 1331 1606 commisit
1351 1558 1478 1606 latus
1507 1557 1757 1606 candidum
1768 1574 1788 1616 ;
1819 1562 1961 1621 atque
1995 1573 2124 1608 mare
2151 1558 2314 1609 bestiis
2342 1560 2568 1619 refertum

363 1623 413 1667 et
434 1625 620 1682 apertos
649 1622 777 1670 dolos
806 1622 1001 1684 expavit
1022 1627 1132 1670 ante
1152 1622 1491 1684 imperterrita.
1556 1623 1705 1672 Paulo
1726 1627 1839 1671 ante
1858 1623 2011 1688 flores
2045 1624 2099 1672 in
2130 1626 2286 1686 pratis
2322 1624 2565 1687 colligens.

363 1688 617 1749 texensque
637 1686 834 1735 corollas
858 1686 1096 1749 Nymphis
1115 1687 1328 1743 meritas,
1349 1691 1482 1735 nocte
1510 1701 1677 1747 parum
1693 1686 1851 1736 lucida
1871 1688 1995 1738 nihil
2014 1689 2201 1751 aspexit
2220 1689 2314 1738 nisi
2334 1689 2493 1738 sidera
2513 1693 2562 1736 et

360 1763 529 1812 aquas.

1289 1912 1316 1932 θ

600 1751 720 1799 Cum
741 1765 850 1800 vero
875 1752 1092 1814 pervenit
1115 1752 1177 1799 ad
1203 1752 1395 1800 Cretam
1415 1752 1623 1801 centenis
1643 1751 1835 1800 urbibus
1856 1753 2077 1814 validam,
2097 1753 2173 1802 ira
2199 1755 2383 1817 percita
2404 1754 2472 1803 ait
2488 1771 2504 1802 .-
2537 1767 2564 1801 ο

1589 1912 1652 1932 ‘O

357 2012 484 2063 dum
507 2024 623 2062 esse
643 2010 1027 2061 divinaverant!
1065 2012 1253 2072 Wakef.
1323 2011 1481 2062 Kidd.
1506 2026 1631 2061 vero
1653 2014 1915 2077 vulgatam
1937 2018 2257 2064 servan-28
2278 2006 2347 2064 Η.
2370 2014 2553 2078 Steph.

358 2087 417 2129 et
441 2078 583 2126 Best.
607 2076 672 2126 de
697 2077 814 2127 Καὶ.
832 2076 1050 2126 Emend.
1089 2077 1211 2139 Leg.
1239 2092 1291 2140 p.
1317 2081 1430 2126 125.
1459 2078 1629 2140 palluit
1646 2094 1662 2127 .-
1694 2083 1854 2128 audax
1877 2079 2081 2142 Nuper5
2116 2080 2190 2129 ita
2203 2082 2310 2143 jam
2335 2078 2553 2130 Ascens.

357 2146 508 2194 1519.
541 2148 596 2192 et
619 2141 781 2192 Kidd.
811 2142 1021 2191 laudans
1049 2141 1194 2204 Virg.
1225 2142 1336 2192 AEn.
1359 2155 1414 2191 x.
1441 2145 1524 2192 72.
1560 2145 1575 2171 ‘
1596 2143 1725 2194 Quis
1752 2145 1896 2193 Deus
1916 2144 1968 2193 in
1991 2142 2244 2201 fraudem,
2276 2158 2394 2208 quae
2426 2144 2557 2193 dura

394 2207 603 2258 otentia
626 2207 790 2257 nostri
815 2212 893 2256 est
913 2207 947 2256 ἓ·
1012 2214 1026 2236 ‘
1048 2207 1150 2257 Sed
1188 2222 1281 2258 cur
1317 2207 1524 2267 tandem
1559 2209 1717 2258 audax
1759 2210 1812 2257 in
1848 2223 1911 2258 eo
1942 2209 2147 2259 dicatur
2184 2210 2380 2272 puella,
2417 2210 2555 2274 quod

352 2223 514 2324 gotes
555 2273 697 2336 legat
745 2279 807 2322 *et
840 2286 1055 2322 coronas
1102 2274 1312 2323 nectat?
1402 2273 1472 2322 Et
1514 2287 1719 2323 sensum
1766 2281 1819 2324 et
1860 2282 2181 2325 venustatem
2220 2289 2287 2323 ex
2336 2275 2433 2323 hoc
2475 2273 2553 2323 in·

354 2337 566 2389 cidendi
601 2336 752 2386 modo
795 2335 1161 2386 detrimentum
1204 2352 1415 2402 capere,
1473 2339 1732 2405 apparet?
1784 2340 2053 2390 June-2⁹
2108 2340 2309 2402 Copula
2353 2339 2404 2387 in
2448 2337 2551 2389 fine

356 2418 434 2453 vs.
473 2401 621 2452 deest
664 2402 717 2450 in
753 2402 895 2464 Lips.
933 2407 1116 2452 4.-30
1171 2403 1485 2467 Conjectura
1524 2419 1609 2466 ap.
1657 2402 1837 2454 Jones.
1868 2419 2049 2453 corona
2074 2409 2275 2454 ute—38
2320 2404 2462 2467 Lips.
2502 2407 2551 2453 4.

354 2468 522 2530 tetigit

561 2471 944 2531 patentem-34
1001 2468 1192 2516 Cretam
1239 2468 1375 2529 Lips.
1414 2473 1463 2520 4.
1528 2471 1738 2534 Cretam,
1780 2486 1808 2516 o
1842 2475 1996 2533 pater,
2029 2485 2056 2518 ο
2084 2469 2299 2519 relictum
2322 2467 2553 2519 Bentleii

355 2534 574 2597 Vigor-n.
615 2532 749 2582 unde
772 2532 860 2581 ille
882 2533 1019 2596 conj.
1038 2537 1175 2595 puter
1193 2548 1238 2596 0,
1266 2533 1483 2583 relictum
1511 2552 1539 2584 ο
1562 2533 1717 2598 Filios,
1741 2537 1821 2597 ὅγε.
1855 2535 2077 2599 cuning.
2101 2534 2289 2584 Sariad.
2312 2532 2543 2597 Francis,

1346 2695 1562 2746 NOTAE

352 2807 450 2857 bus
474 2807 637 2857 noxiis
661 2809 857 2872 poteris
879 2808 1008 2859 falli.
1075 2808 1208 2860 Vide
1243 2811 1412 2860 Hero-

263 2912 269 2919 ·
352 2884 463 2936 dot.
488 2885 966 2936 Diodor08icul.v1.
988 2892 1069 2937 15.
1102 2885 1259 2936 Ovid.
1274 2887 1407 2937 Met.

353 2976 417 3012 n.
459 2962 590 3014 Fab.
626 2963 722 3013 ult.
759 2970 814 3013 et
847 2963 990 3015 Fast.
1018 2977 1068 3014 ν.
1102 2963 1404 3028 Apollodor.

350 3039 439 3090 lib.
466 3053 552 3089 111.

415 3116 625 3165 Niveum
638 3115 790 3179 lalus]
821 3115 1058 3167 Candore
1074 3116 1283 3181 insignis
1301 3117 1406 3167 Eu-

350 3206 480 3256 ropa
497 3193 761 3243 celebrata
778 3200 878 3244 est.

414 3272 481 3318 2⁷
506 3269 783 3332 Mediasque
791 3270 995 3329 fraudes
1016 3270 1201 3320 Palluit
1226 3269 1410 3333 audax]

349 3347 482 3399 Quae
505 3346 755 3396 audacter
774 3360 837 3396 ac
853 3348 966 3397 sine
989 3349 1092 3397 ullo
1111 3354 1250 3398 metu
1271 3349 1407 3399 tauri

349 3420 558 3472 dorsum
607 3421 954 3479 inscenderet,
999 3429 1108 3473 tum
1146 3425 1408 3488 expalluit

333 3514 470 3549 cnm
494 3500 544 3549 in
565 3501 672 3549 alto
695 3499 822 3549 mari
847 3500 916 3549 nil
938 3507 1134 3564 praeter
1156 3502 1322 3551 undas
1348 3509 1408 3551 et

348 3578 546 3625 marina
589 3582 816 3626 monstra
858 3577 1080 3641 aspexit.
1161 3578 1294 3627 Hoec
1350 3584 1407 3628 et

347 3666 463 3715 quae
499 3661 788 3718 sequuntur
823 3668 852 3703 e
887 3654 1104 3704 Moscho
1137 3655 1406 3705 transtulit

349 3729 624 3793 Horatius,
669 3731 970 3795 pariterque
1014 3730 1253 3794 Ovidius,
1294 3732 1403 3781 alii-

347 3818 464 3867 que.
551 3805 769 3869 Scripsit
807 3806 1000 3856 Theod.
1046 3807 1330 3868 Mamilius,
1370 3823 1402 3858 e

345 3881 648 3947 Theocrito,
661 3885 900 3949 quoniam
918 3886 1056 3934 inter
1070 3883 1220 3949 hujus
1243 3889 1402 3949 opera

345 3959 504 4024 Idyll.
521 3974 643 4011 xix.
661 3960 916 4025 reperitur
931 3961 1251 4026 inscriptum,
1268 3964 1284 3992 ‘
1298 3963 1402 4013 Eu-

347 4052 477 4104 ropa
494 4056 509 4103 ;
526 4039 540 4062 ’
571 4040 703 4104 quod
729 4047 900 4088 tamen
922 4039 1125 4090 Moschi
1147 4053 1263 4090 esse
1298 4053 1402 4091 non

345 4122 430 4165 est
452 4114 830 4178 ambigendum.

408 4196 477 4242 29
509 4193 679 4258 Nuper
697 4194 751 4243 in
765 4191 1065 4260 pretinm]
1115 4193 1400 4257 Legentem

1490 2809 1685 2873 pariter
1717 2806 1888 2871 flores,
1919 2823 2035 2858 cum
2072 2814 2223 2871 rapta
2245 2815 2325 2859 est
2350 2824 2381 2858 a
2404 2809 2545 2874 Dite,

1490 2886 1852 2950 Proserpinam
1887 2885 2133 2936 exhibent
2152 2883 2310 2941 ovid,
2334 2886 2467 2939 Met.
2493 2900 2546 2937 v·

1484 2963 1612 3015 item
1633 2962 1886 3014 Lucanus·

1552 3045 1615 3091 33
1654 3043 1858 3092 Centum
1890 3044 2150 3104 potentem·
2179 3039 2384 3104 Oppidis
2424 3041 2545 3090 crea

1489 3119 1595 3183 ten]
1632 3119 1845 3170 Homer.
1864 3116 2200 3179 ἑκατόμπολιν.
2267 3118 2405 3167 Hinc
2426 3117 2547 3166 Vir-

1491 3197 1580 3260 gil.
1605 3196 1716 3247 AEn.
1739 3208 1828 3247 m.
1865 3196 1934 3246 de
1966 3193 2339 3245 Cretensibus:
2380 3202 2394 3223 ⁸
2413 3193 2547 3244 Cen-

1489 3281 1600 3322 tum
1636 3272 1791 3322 urbes
1827 3271 2066 3322 habitant
2098 3270 2340 3332 magnas.'
2405 3269 2545 3320 Plin.

1488 3362 1591 3399 xn.
1614 3353 1662 3399 1.
1690 3349 1707 3377 ‘
1724 3349 1822 3398 Est
1843 3348 2097 3412 Gortynae
2121 3348 2172 3396 in
2196 3347 2361 3397 insula
2382 3347 2543 3396 Creta

1477 3427 1633 3491 juxta
1666 3424 1863 3479 fontem
1891 3424 2136 3488 platanus·
2167 3437 2287 3486 una,
2329 3423 2543 3485 insignis

1482 3501 1749 3565 utriusque
1784 3501 1974 3564 linguae
2009 3499 2369 3560 monumentis,
2412 3513 2542 3548 nun-

1483 3592 1638 3642 quam
1672 3575 1798 3627 folia
1830 3575 2127 3626 dimittens:
2174 3575 2453 3640 statimque
2491 3575 2542 3625 ei

1486 3652 1709 3703 Graecioe
1757 3650 2062 3701 fabulositas
2118 3648 2297 3701 affuite
2352 3651 2537 3702 Jovem

1484 3729 1585 3779 sub
1606 3742 1668 3778 ea
1689 3743 1807 3779 cum
1829 3728 2040 3791 Europa
2061 3727 2395 3778 consedisse!

1548 3811 1609 3855 34
1646 3806 1816 3869 Pater,
1851 3820 1879 3853 ο
1907 3805 2142 3866 relictum,
2170 3804 2277 3867 tra]
2308 3803 2539 3853 Tandem

1484 3883 1639 3947 plane
1662 3881 1933 3944 deceptam
1970 3895 2026 3930 se
2060 3881 2355 3943 intelligens
2376 3880 2537 3928 Euro·

1482 3973 1571 4023 pa,
1602 3958 1679 4008 sic
1713 3958 1995 4021 ingemuit:
2031 3957 2276 4007 Miseram
2303 3970 2384 4005 me
2414 3970 2532 4022 quae

1480 4035 1661 4084 insano
1700 4035 1834 4084 tauri
1887 4033 2049 4082 amori
2093 4032 2340 4083 obsecuta
2374 4032 2536 4096 patris

1480 4111 1689 4162 domum
1712 4112 2153 4178 reverentiamque
2172 4109 2372 4160 deserui
2390 4111 2420 4160 l-
