3059 4909
535 349 665 420 192
1248 364 1317 422 Q.
1364 362 1682 414 nons'rn
1737 360 1998 412 ensem

711 506 1143 583 Demissum3
1189 507 1502 591 quamvis
1533 507 1776 594 clypeo
1802 506 2096 592 Trojano
2123 503 2338 571 refixo
2414 513 2418 518 ’

794 610 1129 694 Tempora
1154 616 1471 688 testatuS,
1496 612 1660 676 nihil
1692 611 1872 676 ultn

708 712 985 778 Nervus
1001 716 1204 795 atque
1236 719 1455 778 cutem
1485 712 1688 776 morti
1716 718 2138 777 concesserat
2165 717 2370 790 atrae;

791 814 838 881 J
843 813 1040 880 udice
1070 821 1161 892 te,
1191 834 1327 879 non
1356 814 1667 882 sordidus
1697 819 1928 880 auctor

539 1008 753 1056 umur:
785 1018 1051 1068 quanquam
1070 1006 1282 1072 detracto
1304 1005 1436 1052 scuto
1457 1016 1534 1050 res
1557 1001 1787 1062 Trojanas
1808 1001 2106 1066 testificatas,
2120 1006 2296 1063 praeter
2316 1014 2486 1050 mnas
2506 1006 2555 1050 et
2565 1001 2736 1064 pellem

538 1068 680 1131 sig-m
701 1071 793 1118 leto
813 1068 937 1118 nillil
956 1070 1241 1130 tradiderat,
1257 1072 1306 1117 te
1326 1066 1527 1127 arbitro,
1558 1079 1652 1114 non
1673 1065 1897 1127 ignobilis
1917 1067 2053 1116 testis
2070 1070 2256 1115 natum
2276 1071 2323 1115 et
2344 1067 2579 1148 veritatis.
2641 1066 2731 1115 Ve-

1460 1194 1487 1213 0
1493 1193 1822 1217 “ww“

538 1278 774 1330 ,lant—8
807 1276 920 1327 Art.
943 1281 990 1327 1.
1024 1278 1236 1328 admotas
1255 1276 1309 1325 in
1329 1281 1624 1326 auram—12
1656 1276 1876 1327 Mentel.
1896 1284 1954 1326 et
1973 1276 2127 1326 Dess.
2147 1280 2197 1326 2.
2220 1276 2292 1326 nil
2310 1277 2585 1326 utrm—14
2607 1275 2624 1303 ‘
2644 1275 2737 1323 Ju-

538 1344 643 1393 dice
664 1348 715 1392 te
735 1342 944 1404 vulgata
966 1343 1187 1390 omnium
1212 1342 1336 1391 libb.
1362 1342 1539 1399 lectis,
1563 1340 1655 1391 sed
1692 1356 1843 1406 quam
1865 1348 2162 1405 corruptam
2202 1356 2312 1391 esse
2352 1339 2510 1389 facile
2542 1337 2736 1401 videat,

540 1408 629 1473 qui
652 1406 866 1471 cogitet,
888 1406 1172 1468 Archytam
1207 1406 1292 1454 vix
1330 1420 1479 1469 posse
1516 1406 1585 1455 ad
1621 1412 1831 1458 nautam
1861 1405 2070 1456 dicere:
2095 1406 2259 1467 judice
2292 1412 2355 1457 te.
2422 1406 2576 1455 Licet
2598 1404 2734 1453 enim

542 1471 680 1534 apud
706 1472 912 1534 vulgum
930 1471 1088 1519 etiam
1109 1471 1160 1519 in
1183 1478 1332 1535 parte
1352 1469 1580 1520 inferiori
1601 1470 1773 1520 Italiae
1795 1484 2032 1534 maguam
2048 1469 2211 1520 fuisse
2226 1471 2403 1520 dicant
2419 1470 2736 1534 Pythagorae

542 1535 1069 1597 auctoritatem,illod
1094 1543 1266 1584 tamen
1300 1535 1449 1584 valde
1485 1535 1744 1586 diversum
1782 1543 1838 1585 et
1878 1549 2043 1600 prope
2077 1536 2311 1599 ineptum
2352 1534 2517 1583 videri
2561 1539 2741 1598 queat,

538 1601 912 1664 Philosophum
935 1599 1003 1648 de
1028 1600 1341 1663 Pythagora
1365 1599 1560 1661 schola,
1580 1599 1704 1648 dum
1739 1600 2038 1663 magistrum
2074 1615 2220 1649 suum
2255 1601 2512 1649 extollere
2551 1606 2607 1647 et
2646 1598 2741 1646 im·

538 1666 856 1715 mortalitate
879 1665 1088 1728 dignum
1107 1666 1379 1714 declarare
1403 1666 1534 1726 vult,
1555 1666 1758 1713 landem
1784 1666 1921 1715 illius
1947 1680 2008 1715 ac
2030 1664 2235 1726 merita,
2258 1679 2360 1713 non
2384 1664 2448 1713 ad
2467 1677 2636 1724 suum,
2648 1662 2742 1711 sed

542 1729 609 1780 ad
649 1729 879 1793 imperiti
916 1729 1152 1792 bominis,
1197 1737 1391 1790 nautas,
1421 1730 1438 1757 ⁴
1459 1728 1751 1793 judicium'
1786 1742 2048 1779 revocare.
2133 1729 2285 1782 Quod
2329 1729 2459 1778 bene
2497 1727 2739 1776 videntes

540 1795 659 1843 VV.
686 1796 807 1844 DD.
832 1801 1002 1844 nautae
1023 1793 1189 1843 adhuc
1226 1795 1341 1843 baec
1383 1794 1555 1843 omnia
1594 1794 1947 1844 attribuerunt
1984 1809 2148 1858 usque
2186 1795 2251 1844 ad
2288 1808 2364 1842 vs.
2393 1797 2476 1843 20.
2510 1790 2604 1841 sed
2644 1793 2739 1840 hoc

540 1860 678 1912 male
697 1857 835 1921 fieri,
858 1873 1020 1910 nexus
1040 1860 1412 1910 sententiarum
1436 1857 1609 1908 docet.
1675 1859 1867 1924 Itaque
1900 1860 2076 1910 Judice
2095 1874 2171 1909 me
2203 1859 2337 1922 conj.
2369 1859 2465 1907 vir.
2489 1856 2633 1907 doct.
2651 1871 2738 1919 ap.

544 1923 769 1989 Cuning.
794 1931 900 1973 tam
925 1922 1149 1975 feliciter
1176 1929 1232 1973 et
1264 1923 1747 1984 convenienter,¹ut
1785 1939 1888 1973 non
1925 1924 2179 1985 dubitem,
2198 1924 2325 1987 quin
2361 1924 2473 1973 baec
2509 1936 2633 1971 vera
2674 1923 2742 1972 sit

540 1988 723 2040 lectio.
776 1988 1097 2038 Facillimum
1119 1989 1256 2038 enim
1280 1995 1411 2046 erat,
1435 1988 1718 2050 permutari
1741 1994 1788 2037 te
1807 1996 1863 2038 et
1885 2004 1975 2044 me,
1998 1988 2229 2051 inprimis
2252 1989 2294 2036 si
2319 1988 2560 2037 librarius
2585 1994 2736 2050 puta-

543 2060 646 2117 ret,
669 2060 881 2103 nautam
903 2053 1069 2103 adhuc
1092 2053 1252 2117 loqui.
1313 2053 1486 2103 Jndice
1517 2068 1568 2103 se
1600 2054 1737 2117 conj.
1764 2069 1849 2118 ap.
1887 2054 2066 2105 Joues.
2092 2052 2230 2118 quod
2265 2060 2389 2103 tunc
2424 2052 2489 2101 ad
2529 2059 2738 2101 antece-

1531 2197 1748 2248 NOTAE

543 2306 660 2341 cum
692 2306 756 2342 eo
792 2294 986 2343 versari
1029 2293 1237 2344 solitum
1269 2301 1325 2345 et
1364 2295 1603 2360 colloqui.
1684 2293 1846 2345 refert
1879 2283 2104 2359 Diogen.
2126 2293 2298 2343 Laeli-t.
2313 2291 2406 2342 lib.
2433 2305 2557 2343 vm.
2626 2291 2738 2340 Hoc

543 2367 710 2418 Aiunt
725 2383 913 2433 nempe
926 2370 1160 2421 Minoem
1177 2372 1603 2435 regem,Creten-·
1684 2387 1808 2423 vero
1840 2374 2100 2437 posterius
2134 2370 2291 2422 ovid.
2330 2370 2467 2419 Met.
2492 2382 2592 2419 xv.
2614 2368 2742 2418 Fab:

543 2444 686 2494 sibus
716 2445 842 2496 dare
877 2448 1018 2511 leges
1050 2449 1330 2512 volentem,
1360 2448 1414 2498 in
1451 2456 1602 2499 antro

542 2538 658 2573 sese
683 2524 994 2588 condidisse,
1013 2526 1101 2577 ubi
1124 2542 1179 2578 se
1205 2542 1321 2578 cum
1338 2530 1473 2581 Jove
1495 2544 1604 2579 ser·

541 2601 853 2651 mociuatum
874 2603 1198 2668 praedicavit,
1223 2597 1391 2669 atque'
1402 2613 1478 2654 ex‘
1491 2606 1602 2669 ejus

542 2676 757 2727 consilio
781 2684 972 2728 cuncta
1003 2679 1278 2728 statuisse:
1315 2693 1472 2743 porro
1491 2680 1604 2743 jus-

541 2752 676 2801 titiae
698 2751 838 2802 fama
858 2754 1055 2804 clarum
1081 2755 1218 2819 apud
1239 2753 1444 2805 Inferos
1458 2755 1602 2818 judi-

542 2842 657 2878 cem
693 2845 725 2880 a
767 2830 997 2881 Plutone
1039 2833 1394 2883 constitutum.
1460 2833 1602 2883 Hinc

542 2918 645 2953 non
669 2904 759 2955 abs
784 2921 840 2955 re
874 2908 1099 2957 credunt
1122 2908 1282 2972 aliqui
1306 2923 1403 2973 per
1431 2910 1603 2959 Jovem

541 2980 625 3031 bic
646 2982 927 3048 significari
949 2986 1244 3048 Plutonem,
1271 2987 1360 3051 qui
1391 2986 1602 3052 quidem

541 3056 557 3083 ⁸
581 3056 796 3122 Jupiter
833 3058 1076 3124 Stygius’
1101 3077 1131 3112 a
1153 3062 1374 3126 Virgilio
1412 3062 1603 3113 dicitur

540 3132 744 3188 AEneid.
770 3148 848 3184 w.
870 3139 986 3187 638.

606 3211 894 3275 Habentque
921 3215 1124 3265 Tartara
1153 3216 1479 3282 Panthoiden]
1520 3219 1602 3268 Ex

541 3285 639 3336 hac
682 3287 843 3337 etiam
888 3290 995 3339 vita
1037 3292 1209 3341 denuo
1252 3294 1428 3354 cessit,
1465 3292 1601 3356 jam-

542 3374 645 3425 que
676 3361 729 3411 in
754 3361 942 3414 Inferis
973 3365 1122 3429 degit
1161 3366 1602 3419 celebratissimus

540 3436 630 3485 ille
667 3439 1129 3503 transmigrationis
1163 3442 1444 3492 animarum
1479 3458 1602 3493 auc-

542 3520 633 3562 tor·
663 3513 1008 3579 Pythagoras,
1028 3518 1115 3582 qui
1152 3532 1208 3567 se
1243 3516 1406 3567 fuisse
1432 3518 1603 3582 jacta·

541 3588 635 3640 bat
669 3590 1004 3654 Euphorbum
1030 3593 1256 3644 Panthoi
1279 3593 1440 3643 filium
1462 3594 1601 3658 apud

540 3665 765 3730 Trojam,
809 3676 969 3734 atque
1003 3685 1034 3720 a
1073 3670 1317 3719 Menelao
1355 3668 1604 3721 interfec-

541 3746 652 3789 tum
674 3743 889 3793 subinde
912 3746 1186 3809 revixisse,
1202 3753 1256 3794 et
1272 3743 1470 3795 factum
1493 3746 1601 3810 Py-

541 3817 840 3881 thagoram3
875 3819 1032 3886 idque
1070 3822 1393 3872 intellexisse
1431 3823 1604 3886 agnito

542 3892 730 3957 clypeo
763 3909 915 3958 quem
940 3903 1174 3959 gestarat
1196 3900 1315 3948 olim
1339 3901 1390 3949 in
1423 3900 1606 3963 Troja-

540 3983 609 4019 no
633 3970 769 4020 bello
786 3970 907 4022 dum
932 3973 1235 4037 Euphorbus
1258 3983 1416 4026 esset.
1484 3977 1605 4041 Cly-

543 4060 672 4111 peus
709 4054 886 4097 autem
923 4049 1011 4098 ille
1045 4058 1284 4116 repertus
1319 4052 1373 4102 in
1407 4054 1603 4118 templo

544 4121 653 4170 sive
675 4119 933 4185 Apollinis
974 4126 1113 4189 apud
1148 4127 1313 4178 Cariae
1336 4129 1604 4193 oppidum,

545 4198 656 4248 sive
673 4199 889 4251 Junonis
911 4202 1050 4267 apud
1081 4203 1269 4270 Argos.
1305 4207 1456 4258 Prius
1478 4205 1604 4256 illud

1683 2453 1731 2500 3.
1801 2450 1882 2498 Ex
1915 2449 1991 2499 bis
2027 2449 2185 2498 habes
2224 2447 2490 2511 explicata
2523 2461 2639 2511 quae
2662 2461 2741 2496 se-

1683 2531 1925 2590 quuntur,
1945 2525 2119 2574 iterum
2144 2527 2268 2573 Orco
2284 2524 2549 2573 demissum.
2588 2523 2746 2584 Item,

1682 2602 1893 2664 quamvis
1913 2604 2070 2666 clypeo
2097 2601 2303 2662 Trojano
2331 2600 2480 2665 refixo
2517 2600 2741 2666 Tempora

1681 2680 1895 2727 testatus.
1929 2677 2089 2726 Ovid'.
2108 2677 2200 2727 cit.
2213 2692 2289 2727 vs.
2303 2680 2416 2726 158.
2434 2676 2511 2726 sic
2527 2677 2741 2740 lo‘quen·

1681 2758 1788 2802 tem
1830 2753 2031 2803 inducit
2082 2754 2436 2818 Pythagoram
2458 2770 2472 2802 ε
2524 2759 2541 2781 ·
2566 2745 2739 2801 Morte

1681 2836 1862 2878 carent
1885 2829 2086 2884 animae,
2112 2844 2442 2895 semperque,
2463 2829 2637 2892 priore
2661 2842 2742 2875 re·

1681 2905 1807 2956 licta
1828 2904 1985 2969 Sede,
2007 2907 2149 2955 novis
2173 2905 2413 2955 domibus
2436 2907 2623 2953 vivunt
2654 2904 2739 2951 ha-

1681 2981 1954 3046 bitantque
1991 2988 2237 3045 receptae.
2253 3029 2260 3032 ,
2304 2981 2428 3044 Ipse
2466 2994 2563 3042 ego
2598 2981 2738 3043 (nam

1682 3056 1916 3121 memini)
1935 3058 2144 3123 Trojani
2178 3063 2412 3122 tempore
2447 3055 2569 3107 belli
2605 3057 2741 3105 Pau·

1684 3134 1888 3186 thuides
1926 3133 2235 3199 Euphorbus
2277 3148 2454 3183 eram:
2489 3132 2573 3181 cui
2621 3146 2741 3196 pec-

1684 3220 1799 3262 tore
1820 3213 2080 3279 quondam
2101 3210 2272 3261 Haesit
2295 3211 2347 3259 in
2385 3209 2603 3259 adverso
2626 3223 2740 3273 gra-

1686 3289 1759 3340 vis
1798 3291 1949 3340 basta
1986 3289 2196 3339 minoris
2222 3286 2437 3337 Atridae.
2505 3285 2740 3351 Cognovi

1683 3366 1921 3432 clypeum
1947 3368 2090 3416 laevae
2107 3364 2395 3429 gestamina
2415 3369 2609 3413 nostrae
2630 3363 2741 3413 Nn-

1684 3456 1780 3506 per
1802 3441 2053 3492 Abanteis
2078 3441 2272 3505 templo
2295 3440 2512 3491 Junonis
2549 3439 2602 3488 in
2645 3438 2742 3487 Ar·

1683 3519 1799 3584 gis!
1876 3535 1881 3539 ·

1750 3600 1812 3645 12
1847 3595 1992 3646 Nihil
2021 3596 2149 3645 ultra
2172 3593 2375 3652 Nereos,
2396 3591 2505 3657 ξω]
2552 3589 2740 3639 Animo

1683 3688 1889 3738 semper
1944 3674 2141 3736 vivens,
2204 3685 2426 3735 corpore
2483 3670 2741 3719 duntaxat

1682 3757 1915 3801 mortuus
1942 3764 2043 3799 non
2084 3748 2259 3799 semel.
2323 3748 2411 3796 Sic
2445 3746 2741 3810 palingene-

1684 3827 1810 3878 siam
1842 3834 1897 3876 et
1934 3825 2402 3889 metempsychosin
2426 3823 2739 3887 Pythagorae

1684 3900 1921 3966 explodit
1963 3908 2141 3949 noster
2182 3899 2366 3949 Poeta.
2411 3893 2547 3948 Vide
2592 3897 2741 3952 Pers,

1686 3979 1795 4028 Sat.
1811 3991 1889 4027 vr.
1905 3979 1984 4025 11.
1999 3975 2086 4025 ubi
2107 3982 2162 4025 et
2178 3973 2423 4025 annotavi
2439 3987 2543 4022 non
2562 3984 2740 4037 pauca.

1686 4054 1797 4103 Cic.
1820 4067 1858 4104 1.
1879 4052 1944 4102 de
1966 4052 2094 4103 Nat.
2117 4052 2282 4101 Deor.
2310 4050 2428 4099 Val.
2452 4050 2597 4102 Max.
2620 4047 2742 4098 vm.

1684 4136 1731 4182 7.
1752 4134 1850 4181 &c.
