3059 4909
577 375 706 441 126
1298 394 1365 454 Q.
1414 393 1734 445 nona'rn
1785 396 2051 447 abaco!

1437 633 1635 700 ODE
1680 636 1905 702 xm.

686 734 701 759 δ

75 723 896 901 &Cadmi-zm
916 737 1039 870 π

366 876 409 973 ἔ
572 964 823 1018 Horatius
859 972 1040 1020 amicte
1073 985 1200 1034 suae,
1221 985 1374 1037 quam
1414 970 1634 1022 Poetico
1666 971 1871 1023 nomine
1905 972 2121 1037 Lydiam
2157 972 2407 1038 nominat,
2445 973 2511 1024 ob
2541 988 2760 1026 amorem

845 1051 1066 1115 Telephi
1090 1051 1268 1103 Graeci
1290 1049 1474 1102 Poetae
1497 1058 1659 1117 atque
1680 1053 1870 1103 sodalis
1893 1055 1975 1104 sui
1995 1053 2188 1104 furiose
2210 1055 2497 1120 zelotypus.

1433 819 1537 866 AD
1589 820 1916 869 LYDlAM.

832 1141 1003 1247 cu'm
1035 1189 1127 1259 tu,
1158 1154 1397 1266 mdia,
1424 1129 1724 1266 Te‘laphi'
1913 1218 1944 1280 Ι
2111 1203 2141 1265 ;

922 1258 1260 1358 Ce‘rvicein
1291 1265 1555 1349 rosea'm
1585 1256 1810 1403 'cerea
1827 1283 2116 1403 J'elephi

837 1354 1104 1450 Latidas
1134 1354 1294 1449 bra'c
1343 1385 1448 1466 ia3
1492 1405 1536 1492 ³}
1619 1388 1634 1450 Ξ
1678 1405 1828 1449 meu
2095 1433 2119 1489 ὀ

921 1462 1219 1553 Ρέῐνεηε
1249 1454 1679 1622 dlfficilqbl‘le
1709 1495 1848 1559 tum
1892 1493 1920 1554 t
1939 1488 2154 1573 jecur.

590 1664 601 1741 ‚⁴
643 1688 690 1735 Ο
719 1668 893 1752 Lydia,
930 1691 1114 1754 quando
1131 1694 1188 1739 tu
1206 1690 1440 1739 collaudas
1467 1690 1636 1738 conum
1669 1686 2024 1738 rubicundam
2056 1688 2265 1752 Telephi,
2287 1693 2336 1737 et
2367 1689 2529 1738 molles
2560 1684 2757 1749 lacertos

577 1750 790 1818 Telephi,
811 1769 901 1819 aa,
921 1771 1072 1806 meum
1091 1756 1236 1820 hepar·
1257 1754 1489 1817 turgescit
1509 1752 1614 1802 ucri
1628 1752 1813 1827 cholera
1846 1753 2203 1818 infimumatum.
2273 1754 2392 1803 Tam
2411 1766 2557 1818 neque
2577 1756 2762 1803 mimas

1489 1899 1516 1919 O
1522 1897 1607 1917 ‘O‘
1612 1896 1849 1918 “0000“

636 1996 801 2046 Deest
831 1997 944 2046 haec
969 1997 1090 2047 Ode
1114 1996 1343 2047 Editioni
1365 1994 1625 2045 Sanadon.
1653 1995 1955 2059 Epigraplie
1980 1995 2032 2044 in
2057 1995 2364 2059 quibusdam
2390 1996 2546 2046 codd.
2569 1995 2649 2046 Aa
2668 1995 2765 2060 Ly·

569 2060 719 2123 diam,
739 2062 1306 2120 Amicam-meretricem,
1323 2063 1384 2110 de
1409 2061 1722 2121 Telefum—l
1761 2061 1895 2109 Dum
1916 2065 1972 2109 tu
1992 2061 2183 2110 Venet.
2206 2064 2354 2111 1492.
2380 2065 2523 2110 1599.
2548 2061 2767 2123 Lot-her.

569 2134 627 2174 et
671 2124 900 2177 Mancin.
966 2127 1114 2176 Liuia
1150 2126 1382 2175 nonnulli
1414 2125 1659 2173 Tor-rent.
1730 2125 1874 2188 Telefi
1910 2125 1963 2172 in
2000 2125 2116 2173 aliis
2153 2127 2504 2189 ejusdem.—2
2542 2125 2764 2175 Mentel.

569 2190 787 2239 Venett.
813 2195 956 2240 1492.
981 2195 1130 2240 1599.
1163 2190 1384 2239 Ascens.
1425 2198 1481 2236 et
1516 2188 1732 2236 Locher.
1756 2202 1936 2237 roseam
1971 2193 2035 2238 et.
2100 2190 2207 2239 Pro
2230 2205 2382 2253 cerea,
2409 2189 2547 2254 quod
2586 2204 2765 2239 omnes

568 2253 794 2302 omnium
817 2255 967 2304 codd.
989 2262 1042 2304 et
1064 2254 1183 2303 edd.
1209 2260 1336 2303 vett.
1363 2252 1610 2301 exhibent
1631 2251 1898 2300 Bentleius
1914 2253 2117 2302 emend.
2140 2269 2208 2305 ex
2230 2256 2404 2318 Capro
2428 2255 2657 2305 Graium.
2685 2254 2768 2303 ed.

570 2318 788 2366 Putsch.
825 2333 876 2381 p.
899 2322 1049 2368 2242.
1086 2320 1256 2378 lactea,
1296 2324 1351 2366 et
1390 2316 1488 2365 hoc
1520 2317 1673 2365 lacten
1706 2316 2038 2381 arripuerunt
2072 2319 2444 2383 Fnrstenberg.
2468 2317 2676 2369 Wakef.
2711 2327 2768 2368 et

568 2380 828 2433 Kidd.-s
865 2383 1048 2432 Laudes
1069 2383 1293 2448 Fraueq.
1327 2395 1403 2431 πω
1425 2395 1520 2445 pro
1543 2396 1616 2430 voe
1638 2382 1842 2433 emend.
1867 2381 2135 2447 Heinsius,
2168 2391 2224 2433 et
2258 2386 2461 2449 recepit
2497 2385 2559 2434 R.
2581 2382 2766 2447 Steph-

1557 2479 1772 2562 »ποτε

628 2611 752 2663 Ode
793 2620 877 2664 est
930 2613 1141 2665 Dicolos
1195 2612 1521 2676 Distroplios‚
1564 2616 1622 2659 ut
1770 2607 1918 2656 Cerea
1950 2607 2163 2673 bacinia]
2206 2608 2408 2666 Mollia,
2439 2615 2641 2668 tenera,
2660 2603 2767 2654 sor-

566 2690 728 2744 tertia
748 2704 924 2754 supra,
943 2691 959 2718 ‘
974 2691 1061 2742 Sic
1085 2701 1139 2741 te
1164 2688 1333 2747 Diva!
1350 2694 1449 2738 ὅτε.
1702 2688 1837 2732 tasse
1860 2683 2015 2732 etiam
2049 2683 2284 2743 candida,
2320 2683 2557 2747 politula,
2579 2680 2768 2746 nitida,

631 2769 659 2814 1
687 2765 806 2815 Cum
827 2772 900 2822 tu,
922 2766 1100 2831 Lydia,
1127 2766 1333 2829 Telephi,
1355 2763 1463 2828 esa]
1500 2764 1622 2812 Nou
1704 2772 1854 2823 pura,
1887 2766 2034 2824 puta,
2061 2758 2281 2808 formosa
2303 2759 2468 2809 instar
2483 2759 2764 2822 imaginum

562 2847 708 2889 caret
745 2850 860 2890 arte
915 2843 1160 2904 repetitio
1213 2841 1355 2890 vocis
1414 2838 1620 2901 Telephi.

564 2915 698 2964 Nam
721 2923 777 2966 et
796 2917 884 2982 qui
913 2923 1104 2975 amant,
1118 2932 1392 2983 „nunquam
1420 2917 1545 2965 satis
1569 2915 1622 2963 id

562 2991 845 3056 loquuntur
864 2994 998 3059 qnod
1033 3001 1234 3043 amant:
1286 3000 1342 3043 et
1378 2995 1622 3055 zelotypo

559 3066 686 3116 illud
729 3067 866 3118 idem
910 3077 993 3119 est
1032 3069 1375 3119 intolerabile.
1456 3067 1624 3132 Lydia

560 3143 818 3194 cervicem
845 3158 1044 3195 roseam
1060 3146 1301 3209 Telephi,
1324 3146 1619 3209 iterumque

560 3234 714 3269 cerea
752 3220 964 3271 brachia
989 3223 1206 3287 Telephi
1243 3222 1457 3273 laudare
1493 3238 1618 3291 gau-

561 3294 654 3345 det
678 3313 691 3345 z
726 3305 783 3347 at
813 3297 1034 3349 Horatio
1055 3299 1109 3349 id
1135 3301 1239 3350 ciet
1259 3299 1432 3364 bilem,
1452 3301 1616 3351 dolet·

561 3384 660 3432 que
670 3371 805 3435 quod
827 3373 1033 3423 rivalem
1051 3376 1256 3424 suumin
1275 3391 1363 3426 ore
1376 3375 1615 3443 frequen·

561 3445 665 3495 tius
698 3446 904 3497 habeat.
973 3450 1141 3508 Unde,
1165 3466 1280 3501 cuni
1305 3460 1613 3516 praesentem

557 3524 852 3573 convellere
884 3541 1108 3577 amorem
1148 3536 1393 3592 nequeat,
1425 3529 1490 3578 de
1533 3528 1614 3578 fu·

562 3605 679 3648 tura
701 3599 811 3663 ejus
837 3601 1194 3653 immutatione
1216 3618 1273 3653 se
1296 3605 1612 3654 consolatur.

624 3679 656 3724 2
691 3677 933 3729 Cer-ricem
952 3681 1150 3744 roseum]
1164 3680 1439 3731 Pulchram
1453 3684 1618 3732 instar

555 3760 776 3815 rosoe,et
792 3751 1135 3819 fragrantem:
1161 3756 1245 3806 vel
1262 3759 1394 3807 rosei
1412 3760 1621 3809 coloris.

553 3828 788 3892 Scaliger
830 3830 914 3880 hic
948 3832 1222 3882 Horatium
1265 3834 1499 3897 graviter
1542 3849 1618 3885 re·

557 3905 854 3965 prehendit,
889 3913 944 3955 et
979 3909 1177 3957 lacteam
1197 3909 1300 3958 dici
1324 3911 1617 3973 oportuisse

543 3975 842 4043 contendit,
865 3982 964 4029 non
986 3997 1182 4032 roseam.
1219 3985 1413 4034 Verum
1437 3986 1616 4050 quidni

556 4054 857 4104 adolescens
878 4069 1050 4119 amore
1076 4056 1307 4108 fervidus
1330 4074 1478 4110 rosea
1501 4077 1616 4112 cer·

557 4131 673 4179 viee
695 4138 751 4179 et
778 4130 1118 4183 rubicundula
1141 4135 1463 4186 celebretur?
1498 4138 1614 4187 Vir·

557 4205 645 4269 gil.
664 4206 866 4260 AEneid.
886 4223 925 4259 1.
964 4210 981 4238 ‘
998 4225 1147 4263 rosea
1165 4212 1368 4264 cervice
1383 4213 1623 4268 refulsit!

1704 2847 1991 2895 cereatum,
2031 2851 2145 2900 quoe
2181 2835 2292 2884 sine
2328 2833 2548 2889 ossibus,
2571 2834 2767 2898 nervis,

1703 2911 1861 2975 pelle,
1885 2910 2021 2975 pilis.
2088 2910 2223 2961 Vide
2263 2910 2400 2961 Nnn.
2437 2909 2672 2960 Marcell.
2705 2910 2764 2973 in

1704 3000 1851 3050 voce,
1871 2989 1887 3016 ‘
1907 2988 2100 3052 putus.’

1768 3067 1799 3112 3
1834 3062 1943 3128 Voe]
1967 3063 2269 3127 Interjectio
2282 3063 2511 3113 dolorem
2527 3062 2764 3112 indicans

1703 3146 1863 3206 atque
1901 3141 2327 3204 indignationem.
2389 3141 2524 3190 Sunt
2558 3139 2647 3204 qui
2688 3140 2763 3189 le-

1680 3224 1831 3280 ,gant
1850 3234 1943 3279 πω,
1964 3218 2057 3275 val,
2076 3219 2128 3267 id
2152 3226 2254 3281 est,
2276 3220 2293 3247 ‘
2310 3217 2494 3279 certe,'
2517 3218 2534 3245 ‘
2550 3217 2764 3265 hercle?

1763 3298 1796 3343 4
1829 3294 1944 3344 Bile
1964 3296 2282 3360 tumetjecar]
2332 3291 2644 3345 Intumescit
2665 3290 2765 3343 fel-

1672 3404 1676 3411 ·
1699 3370 1761 3420 lis
1787 3374 2166 3436 receptaculum
2182 3371 2353 3435 jecori
2375 3386 2649 3420 annexum.
2694 3370 2761 3419 Iu

1695 3444 1816 3496 selle
1840 3448 1931 3504 ira,
1955 3447 2008 3496 in
2034 3447 2217 3511 jecore
2240 3461 2383 3497 amor
2404 3461 2465 3496 ac
2496 3446 2681 3511 libido,
2704 3446 2759 3495 in

1695 3527 1877 3591 splene
1899 3528 2051 3590 risus,
2087 3527 2139 3576 in
2175 3529 2332 3578 corde
2361 3529 2618 3591 sapientia
2642 3542 2760 3591 pro·

1696 3606 1809 3669 prie
1864 3605 2114 3656 resident.
2183 3606 2256 3656 At
2310 3606 2562 3657 Horatius
2605 3606 2761 3657 modo

1695 3682 1961 3732 libidinem
1983 3684 2035 3731 in
2046 3684 2231 3746 jecore
2254 3684 2454 3745 statuit,
2473 3691 2531 3733 ut
2554 3697 2636 3734 tv.
2652 3683 2758 3733 od.

1699 3762 1746 3807 1.
1778 3761 1794 3787 ⁸
1813 3758 1868 3807 Si
1885 3767 2083 3809 torrere
2095 3759 2248 3823 jecur
2271 3760 2458 3825 quaeris
2479 3759 2758 3816 idoneum!

1696 3833 1839 3884 Alias
1863 3835 2198 3898 iracundiam;
2222 3847 2277 3886 ut
2303 3837 2423 3887 hic:
2471 3837 2667 3901 pariter
2701 3844 2759 3888 et

1694 3913 1964 3965 ,Iuvenalis
1985 3916 2097 3965 Sat.
2130 3930 2170 3966 1.
2190 3920 2273 3965 45.
2320 3917 2336 3943 ‘
2355 3916 2491 3968 Quid
2530 3914 2753 3966 referam

1695 4000 1892 4059 quanta
1913 3993 2103 4043 siccum
2119 3993 2274 4056 jecur
2296 3993 2476 4043 ardeat
2499 3995 2575 4043 ira
2593 3993 2630 4043 Ρ
2658 3994 2753 4045 Se·
2775 4054 2787 4065 .

1693 4071 1803 4117 cuti
1826 4067 2065 4118 videntur
2086 4068 2474 4136 Archilochum,
2493 4069 2653 4131 χολὴν
2664 4070 2753 4119 οὐκ

1695 4142 1824 4207 ἔχεις
1853 4143 1928 4208 ἐφ’
1961 4145 2127 4205 ἥπατι,
2162 4145 2299 4195 bilem
2320 4160 2413 4194 nott
2433 4145 2575 4195 habes
2595 4145 2647 4194 in
2668 4145 2750 4197 fle-

1693 4225 1824 4286 poete,
1848 4221 1985 4285 apud
2002 4222 2195 4273 Athen.
2217 4235 2305 4273 ιιι.
2326 4225 2407 4274 24.

1835 4315 1868 4335 Ι
