3059 4909
973 390 1389 441 castulum}
1441 391 1586 440 Lm.
1641 381 1827 444 mv.

564 536 918 602 Oblivioso
945 536 1128 602 levia
1151 534 1462 602 Massico

563 640 838 706 Ciboria
868 642 1107 726 exple3
1152 641 1365 706 funde
1395 642 1774 726 capacibus

655 744 1022 827 Unguenta
1051 746 1139 811 de
1167 736 1483 811 conchis:
1529 747 1681 830 quis
1712 746 1846 810 udo

736 848 1213 934 Deproperare
1243 851 1407 934 apio
1435 870 1722 916 coronas

303 1036 415 1075 em
434 1027 563 1092 reple
586 1029 799 1078 Massico
816 1028 1089 1078 decisionem
1110 1031 1340 1078 malorum
1373 1027 1604 1092 afferente
1617 1045 1634 1077 .·
1680 1034 1728 1079 ct
1748 1035 1991 1091 unguenta
2020 1031 2078 1079 de
2109 1029 2279 1093 amplis
2296 1029 2422 1079 vasis
2440 1018 2509 1087 ‘s-

292 1091 461 1150 funde.

533 1094 659 1150 Qtn's
674 1108 789 1143 vero
808 1100 940 1144 texet
960 1096 1217 1157 diligenter
1232 1095 1430 1143 corollas
1450 1109 1512 1144 ex
1534 1096 1643 1157 apio
1658 1095 1848 1144 humido
1871 1097 1945 1144 vel
1960 1102 2114 1159 myrto
2125 1101 2146 1144 ?
2206 1096 2412 1159 Ecquem
2424 1109 2511 1159 po·

1184 1207 1450 1228 “0000“ae
1457 1207 1573 1228 0600

307 1274 417 1326 Eel.
443 1290 507 1325 ιι.
532 1280 611 1327 54.
643 1290 737 1326 neu
778 1277 929 1327 Parce
967 1277 1321 1340 Cuniug.-22
1354 1275 1520 1326 Codd.
1552 1273 1788 1325 variant:
1816 1274 2029 1337 Ciberia,
2057 1274 2272 1331 Cibaria,
2297 1274 2510 1338 cibatio,

309 1334 518 1392 Ciliciis.
586 1342 681 1393 Gr.
708 1345 928 1408 Κιθώρια.
962 1343 1135 1393 strab.
1162 1356 1305 1393 xvn.
1330 1357 1382 1406 p.
1405 1346 1523 1391 ⁷99.·
1554 1341 1698 1404 imple
1718 1341 1965 1404 capacibus
1988 1356 2119 1390 unus
2146 1341 2377 1391 Lambini
2397 1356 2412 1402 3
2434 1340 2509 1402 af.-

1299 1455 1517 1507 NOTAE

302 1552 569 1618 longorum
595 1569 807 1619 operum
830 1555 985 1608 finis.’
1020 1556 1174 1608 Quod
1196 1564 1368 1605 autem

304 1633 569 1683 Maecenas
592 1640 781 1698 potens
805 1642 944 1684 esset
966 1641 1019 1683 et
1049 1634 1237 1683 idonea
1260 1634 1369 1698 lau-

305 1723 389 1758 rus
419 1709 484 1759 ad
525 1712 964 1762 averruncandum
1005 1710 1227 1774 Augusti
1267 1708 1362 1776 ful·

303 1800 441 1849 men,
483 1794 632 1851 patet
667 1802 733 1836 ex
767 1788 1036 1853 Xiphilino
1070 1789 1161 1838 cit.
1197 1788 1283 1853 qui
1316 1788 1367 1837 in

302 1863 544 1930 Augusto
567 1867 751 1917 scribit
772 1884 786 1916 ι
820 1874 835 1896 ‘
863 1868 1149 1917 Maecenati
1173 1875 1368 1918 tantam

302 1957 331 1990 a
354 1943 563 1992 Caesare
600 1944 824 1994 delatam
862 1950 1177 2008 potestatem
1212 1945 1263 1993 in
1289 1959 1367 1995 re-

306 2020 400 2069 bus
436 2020 691 2084 omnibus,
715 2028 772 2071 ut
803 2022 983 2071 literas
1015 2017 1368 2088 quascumque

302 2097 366 2146 ad
383 2097 633 2147 Senatum
655 2099 735 2148 vel
755 2099 820 2148 ad
840 2098 966 2149 alios
988 2099 1368 2162 mitteret,ipse

303 2174 445 2238 prius
483 2176 663 2240 legere
701 2184 899 2240 posset,
937 2184 991 2226 et
1030 2191 1097 2225 ex
1140 2178 1213 2225 eis
1251 2192 1367 2242 quae

303 2252 796 2303 velletimmutare.'
865 2254 935 2302 Et
957 2260 1177 2317 postea:
1216 2253 1232 2280 ‘
1253 2254 1368 2304 Cae-

299 2331 400 2378 sari
426 2331 772 2380 Maecenatem
809 2329 1068 2396 profuisse
1093 2338 1202 2380 tum
1225 2339 1369 2382 cete·

305 2408 375 2456 ris
409 2409 460 2457 in
498 2408 672 2472 rebus,
702 2416 810 2458 tum
837 2424 961 2459 vero
986 2409 1192 2475 quoties
1215 2409 1368 2458 vehe-

305 2486 528 2556 mentius
562 2486 901 2544 irascebatur,
924 2487 1058 2552 quod
1096 2487 1205 2551 ejus
1238 2487 1369 2537 iram

303 2560 570 2612 leniebat:
608 2569 665 2612 et
699 2562 834 2627 quod
871 2565 921 2612 in
953 2564 1145 2613 multos
1178 2563 1370 2626 alioqui

304 2639 485 2687 mortis
508 2638 743 2688 dicturus
764 2641 1094 2700 sententiam,
1120 2657 1151 2690 a
1178 2642 1370 2691 Maece·

302 2723 424 2766 nate
447 2723 745 2780 correptus,
782 2717 988 2767 nemine
1023 2717 1214 2781 capitis
1250 2732 1370 2768 con·

306 2791 551 2842 demnato
574 2794 750 2843 statim
773 2793 1094 2857 surrexerit,’
1117 2798 1213 2844 διο.

369 2873 432 2919 21
475 2869 721 2919 oblivioso
758 2869 883 2920 levia
926 2872 1137 2928 Massico
1177 2872 1392 2922 Cibaria·

308 2947 466 3012 exple]
508 2949 673 3012 Lat-ge
696 2956 819 3013 pota
838 2950 1010 3000 vinum
1035 2965 1064 3000 e
1088 2951 1372 3015 Campania

306 3025 537 3074 melioris
569 3034 729 3085 notae,
763 3027 901 3090 quod
939 3026 1173 3077 oblivisci
1209 3027 1374 3077 faciat

308 3116 566 3152 aerumnas
601 3103 820 3166 priores,
851 3117 1156 3170 omnemque
1183 3105 1372 3154 mentis

308 3181 672 3245 aegritudinem
703 3181 981 3245 detergeat
1015 3189 1069 3231 et
1109 3181 1373 3233 discutiat.

307 3257 392 3306 De
417 3258 648 3307 Massico
688 3271 728 3309 1.
759 3257 866 3309 od.
892 3263 939 3309 1.
975 3259 1153 3322 Exple,
1174 3259 1257 3307 vel
1282 3259 1372 3307 im-

309 3335 414 3399 ple,
441 3337 524 3383 vel
549 3334 760 3384 exhauri
794 3343 851 3386 et
885 3335 1027 3384 sicca
1065 3336 1287 3399 scyphos
1319 3342 1374 3385 et

307 3412 518 3463 calices.
599 3415 892 3477 Utrumque
936 3413 1072 3462 enim
1114 3411 1374 3476 significat

309 3504 374 3538 ea
409 3504 530 3550 vox,
566 3490 706 3554 apud
742 3491 986 3552 Ennium,
1019 3491 1228 3540 Terent.
1264 3491 1373 3540 Do·

307 3572 415 3615 nat.
443 3566 672 3617 Nonium
697 3559 1027 3618 Marcellum.

372 3646 440 3691 22
477 3643 696 3708 ciboria]
729 3645 870 3694 Vasa
907 3660 999 3695 seu
1033 3648 1219 3710 pocula
1246 3647 1372 3697 satis

308 3720 541 3782 capacia.
593 3722 673 3771 Ex
697 3721 892 3773 Athen.
920 3725 1011 3772 lib.
1032 3738 1121 3774 ΠΙ.
1146 3733 1199 3774 et
1227 3738 1304 3776 xl.
1324 3730 1375 3776 7.

310 3812 465 3860 quem
498 3798 551 3846 in
586 3799 757 3848 locum
791 3800 1125 3850 Casaubonus
1152 3802 1227 3851 ita
1250 3803 1377 3851 scri·

314 3872 418 3923 bit:
472 3875 487 3901 ‘
513 3874 717 3925 Graecis
756 3878 1091 3940 peregrinum
1133 3880 1374 3943 poculum

313 3951 500 4013 opinor
533 3957 590 4000 et
626 3967 832 4015 nomen,
871 3955 969 4003 etsi
1003 3965 1179 4018 potest
1213 3955 1377 4005 videri

311 4029 627 4093 derivatum,
645 4031 781 4080 unde
802 4039 862 4085 ‚et
883 4031 1096 4090 κιβωτός.
1128 4033 1230 4083 Sed
1258 4048 1377 4084 con-

309 4113 417 4155 stat
456 4106 510 4154 in
537 4105 765 4172 AEgypto
803 4111 1022 4173 primum
1059 4119 1235 4174 coepta
1259 4110 1375 4161 fieri

309 4183 507 4232 ciboria
549 4198 617 4233 ex
657 4185 919 4249 AEgyptiae
961 4184 1099 4236 fabae
1151 4187 1378 4246 ciboriis,

311 4259 505 4309 deinde
525 4275 589 4309 ex
610 4261 718 4311 alia
738 4263 973 4323 materia,
987 4261 1154 4326 figura
1177 4263 1379 4314 eadem.

313 4335 615 4403 Hesychius
627 4337 847 4390 diserte:
869 4340 1112 4407 Κιβώριον,
1123 4339 1380 4402 Αἰγύπτιον

1450 1553 1615 1617 ὄνομα,
1634 1553 1711 1605 ἐπὶ
1731 1553 1971 1620 ποτηρίου.
2006 1554 2245 1605 Ecclesia
2263 1569 2356 1604 usu
2381 1553 2513 1619 fecit

1451 1650 1599 1684 sunm
1626 1635 1723 1684 hoc
1748 1635 1969 1696 nomen,'
1993 1639 2091 1686 διο.
2127 1635 2430 1697 Dalecamp.
2459 1626 2512 1691 in

1449 1709 1639 1764 Athen.
1679 1713 1768 1763 cit.
1798 1713 1863 1762 τὰ
1888 1712 2098 1777 κιβώρια,
2134 1722 2188 1762 et
2221 1712 2435 1775 κιβώτια,
2457 1713 2513 1765 id

1451 1796 1552 1846 est,
1575 1791 1777 1839 arculas
1802 1790 1851 1839 in
1880 1790 2032 1854 hujus
2059 1788 2193 1839 fabae
2228 1792 2403 1854 capite
2425 1805 2515 1839 vo-

1450 1864 1640 1916 cabant
1663 1881 1750 1915 eos
1770 1866 1985 1928 loculos,
1999 1866 2183 1931 quibus
2201 1881 2376 1916 semen
2395 1881 2517 1917 con·

1452 1944 1668 2007 tinetur,
1689 1942 1880 2009 inquit.
1931 1943 2091 1993 Fabae
2113 1942 2262 1992 istius
2283 1942 2518 2007 descrip-

1450 2019 1644 2069 tionem
1705 2021 1786 2069 hic
1845 2027 2082 2069 attexere
2131 2033 2233 2067 non
2278 2017 2518 2083 pigebit-3

1450 2095 1466 2123 ‘
1485 2095 1547 2144 In
1571 2096 1783 2162 AEgypti
1820 2096 2033 2146 lacubus
2069 2105 2126 2146 et
2156 2093 2518 2159 stagnantibus

1449 2172 1597 2237 aquis
1630 2171 1753 2221 faba
1795 2173 2050 2234 nascitur,
2080 2187 2237 2235 scapo
2263 2171 2519 2235 amplissi-

1448 2265 1552 2314 ma,
1585 2251 1914 2316 longitudine
1955 2252 2019 2302 ad
2058 2251 2258 2301 cubitos
2294 2256 2519 2316 quatuor

1449 2337 1704 2390 sul-recto,
1740 2328 1892 2394 digiti
1927 2325 2287 2393 crassitudine,
2312 2325 2520 2376 arundi-

1450 2420 1632 2470 uaceo,
1651 2408 1809 2468 molli,
1823 2421 1922 2457 non
1944 2407 2259 2472 geniculato,
2272 2398 2358 2470 qui
2379 2411 2521 2456 totus

1452 2484 1596 2532 rimis
1629 2485 2215 2550 intrinsecuslpertusus
2239 2491 2395 2548 atque
2418 2481 2520 2530 dis·

1454 2561 1651 2612 tinctus
1686 2569 1786 2623 est,
1812 2568 1869 2611 ut
1895 2563 1946 2611 in
1972 2562 2094 2610 lilio.
2163 2560 2300 2609 Huic
2324 2559 2522 2608 insidet

1451 2649 1613 2705 caput
1637 2640 1861 2692 rotundo
1895 2655 2165 2704 vesparum
2193 2638 2313 2688 favo
2334 2637 2520 2687 simile.

1452 2718 1611 2768 Fabae
1653 2719 1705 2768 in
1743 2717 1959 2781 singulis
1988 2717 2148 2765 veluti
2185 2721 2522 2765 nucamenta·-

1452 2810 1566 2845 rum
1591 2795 1770 2846 loculis
1805 2795 2181 2860 aliquantulum
2210 2792 2523 2858 prominent,

1455 2873 1520 2923 ad
1563 2887 1814 2922 summum
1852 2886 2067 2922 numero
2106 2871 2329 2934 triginta.
2397 2870 2522 2919 Flos

1452 2952 1616 3015 duplo
1653 2952 1818 3015 major
1861 2964 2011 3015 quam
2053 2948 2345 3014 papaveris,
2389 2962 2522 2997 rosae

1438 3029 1649 3080 colore.
1716 3026 1882 3079 Extat
1926 3036 2082 3091 caput
2123 3040 2281 3089 super
2318 3039 2523 3088 aquam.

1453 3100 1679 3173 Singulis
1693 3094 1937 3158 ‘fabarum
1960 3106 2150 3171 plantis
2170 3105 2525 3156 adnascuntur

1452 3184 1583 3235 folia
1632 3186 1985 3248 magnitudine
2044 3184 2166 3248 pilei
2218 3180 2526 3241 Thessalici,

1453 3276 1670 3328 quorum
1719 3261 1882 3311 caulis
1935 3260 2072 3309 idem
2119 3258 2207 3324 qui
2252 3254 2525 3318 fabarum‚’

1454 3342 1552 3389 &c.
1608 3339 1690 3388 Ex
1734 3336 2098 3401 Theophrasto
2145 3334 2283 3398 apud
2332 3332 2524 3409 Athen.

1456 3418 1572 3467 init.
1595 3408 1686 3466 lib.
1710 3431 1800 3467 m.

1524 3498 1693 3547 Funde
1729 3495 1982 3560 capacibus
2028 3493 2284 3554 Unguenta
2327 3491 2385 3538 de
2416 3504 2526 3538 con-

1455 3574 1579 3638 chis]
1613 3573 1700 3624 Ne
1721 3573 1847 3638 quid
1872 3569 2119 3620 hilaritati
2157 3568 2315 3632 desit,
2339 3566 2525 3614 adhibe

1459 3660 1513 3701 et
1549 3651 1815 3713 unguenta
1853 3648 2064 3713 copiose
2102 3644 2327 3712 quidem.
2386 3642 2526 3692 Vide

1458 3743 1618 3792 supra
1639 3727 1764 3776 Not.
1788 3726 1851 3775 ad
1874 3742 1949 3774 vs.
1968 3729 2018 3775 7.
2033 3724 2186 3788 hujus
2206 3722 2367 3772 Odes.
2390 3720 2529 3769 Item

1457 3819 1573 3869 quae
1599 3811 1780 3866 postea
1805 3817 1941 3852 mox.
2509 3866 2514 3871 Δ

1521 3883 1585 3929 23
1625 3879 1853 3944 conchis]
1890 3879 1991 3928 Vel
2029 3878 2210 3941 accipe
2247 3891 2342 3939 pro
2363 3875 2529 3940 quoli-

1459 3956 1550 4006 bet
1572 3970 1692 4005 vase
1717 3962 1770 4004 et
1787 3956 2073 4004 alabastro:
2113 3954 2193 4003 vel
2218 3953 2529 4017 simpliciter

1460 4033 1697 4097 intellige
1737 4031 1971 4095 reposita
2008 4031 2207 4095 pridem
2256 4031 2307 4080 in
2345 4029 2531 4080 conchis

1459 4115 1733 4172 unguenta:
1770 4123 1886 4174 quae
1915 4114 2036 4157 sunt
2074 4107 2290 4155 odorum
2315 4108 2532 4171 permis-

1459 4190 1533 4239 tio
1556 4202 1672 4237 cum
1694 4187 1809 4236 oleo
1838 4188 1917 4236 vel
1941 4184 2268 4247 balsamo,ad
2294 4184 2559 4257 delicium·

1461 4267 1543 4315 vel
1560 4265 1622 4315 ad
1644 4266 1921 4315 sanitatem
1940 4263 2097 4313 etiam
2116 4262 2365 4326 corporis·
2394 4261 2530 4310 Vide

1461 4344 1592 4395 Ooel.
1633 4342 1857 4405 Rhodig.
1882 4352 2064 4390 xxvu.
2088 4341 2171 4388 26.
2228 4336 2334 4386 Cur
2357 4336 2531 4386 auteni
