3059 4909
1012 404 1429 463 eAnml-tuu
1483 410 1630 458 ma.
1678 408 1731 456 1.
1774 390 1885 458 22.

2412 388 2543 454 16⁷

600 561 758 626 Sive
783 559 1082 626 facturus
1111 577 1230 642 per
1258 554 1732 640 inhospitalem

595 663 999 741 Caucasum,
1024 661 1131 726 vel
1161 679 1314 744 quae
1343 658 1499 723 loca
1523 657 1871 722 fabulosus

1113 762 1384 828 Lambit
1415 759 1804 844 Hydaspes,

596 868 913 954 Namque
942 886 1051 931 me
1081 866 1274 950 sylva
1300 866 1509 947 lupus
1536 865 1606 925 in
1634 861 1911 939 Sabina,

597 973 785 1039 Dum
813 991 1029 1037 meam
1057 973 1256 1037 canto
1284 968 1603 1050 Lalagen,
1635 971 1706 1030 et
1734 965 1911 1029 ultra

2455 964 2542 1030 10

319 1168 560 1235 servidas,
592 1185 678 1220 seu
705 1185 793 1235 per
817 1172 1080 1220 Caucasum
1104 1138 1362 1233 bospitibus
1381 1169 1637 1228 carentem,
1659 1178 1742 1213 seu
1770 1166 1863 1227 per‘
1887 1161 2104 1224 regiones
2125 1174 2241 1226 quus
2265 1158 2407 1209 alluit
2431 1134 2543 1223 Ηςι-1

333 1234 501 1299 duspes
518 1235 712 1297 fabalis
732 1236 1012 1287 celebratus.
1077 1234 1334 1300 Enimvero
1354 1245 1503 1295 nuper
1522 1231 1576 1280 in
1598 1229 1779 1280 Sabinu
1795 1229 1948 1294 mlv«,
1962 1228 2075 1279 dum
2095 1240 2306 1277 cunerem
2328 1224 2546 1287 Lalagen

1243 1376 1601 1401 “W“

333 1477 535 1529 Ducer.
566 1476 762 1528 Sanad.
800 1477 943 1541 Jani,
975 1477 1193 1528 Mitsch.
1236 1478 1449 1543 Bipont.
1490 1478 1714 1543 wetzel.
1758 1475 1969 1528 Wakef.
2011 1481 2069 1526 et
2111 1473 2275 1526 Kidd.
2307 1487 2391 1523 asc
2428 1485 2545 1520 arcu

332 1543 488 1593 Harl.
525 1547 577 1593 2.
614 1546 664 1594 3.
695 1544 885 1594 Venet.
930 1542 1150 1603 Ascens.
1192 1544 1412 1594 Loclier.
1452 1551 1509 1594 et
1544 1544 1783 1609 quaedam
1820 1544 1936 1592 aliae
1975 1540 2096 1592 edd.
2148 1541 2379 1590 vene-7
2416 1540 2544 1587 Cau-

331 1623 474 1661 cason
514 1607 739 1672 Cuning.
783 1608 1028 1659 sabulosus
1070 1608 1228 1660 lectio
1263 1609 1439 1660 Grotii
1492 1610 1663 1674 Petri,
1711 1618 1845 1660 teste
1892 1608 2015 1658 Nic.
2058 1605 2296 1667 Heinsio,
2340 1601 2434 1653 sed
2481 1616 2545 1650 ea

333 1688 499 1739 prava
544 1681 600 1724 et
640 1680 825 1724 contra
864 1678 1209 1726 metrum—9
1244 1674 1459 1741 Namque
1490 1674 1616 1726 silva
1645 1690 1719 1726 me
1760 1687 1892 1725 unns
1936 1670 2240 1724 Bersmanni
2280 1676 2338 1721 et
2380 1667 2544 1750 Dess.

1329 1827 1378 1878 N
1384 1825 1546 1878 0¹1·AE

328 1918 443 1968 fleri
468 1919 651 1985 nequit
672 1919 771 1970 nisi
804 1935 870 1970 ex
904 1919 1130 1972 siderum
1155 1920 1398 1973 observa·

330 1995 495 2058 tione,
537 2004 592 2046 et
630 1989 746 2046 cum
790 2012 977 2061 magno
1021 1998 1230 2064 quidem
1276 1999 1397 2050 vitoe

327 2073 586 2137 periculo,
626 2081 741 2126 tum
773 2090 805 2124 a
846 2073 970 2125 feris
1023 2076 1396 2143 venenosisque

329 2148 658 2212 animalibus,
681 2164 799 2201 cum
836 2151 902 2202 ob
932 2152 1191 2203 ⁴volubiles
1223 2168 1395 2206 arenae

328 2228 588 2290 cumulos,
613 2243 743 2293 quos
765 2237 953 2280 ventus
975 2230 1114 2281 tollit
1132 2244 1196 2281 ac
1229 2240 1396 2282 trans-

324 2301 455 2353 fert.
492 2304 748 2357 Prudent.
766 2306 820 2356 in
844 2305 1150 2372 Apotheosi,
1177 2322 1296 2373 cap.
1318 2323 1396 2362 tv.

328 2380 582 2430 adversus
601 2382 638 2435 J
642 2381 847 2435 udaeos:
885 2386 901 2413 ‘
915 2385 1034 2436 Nee
1058 2400 1302 2450 responsa
1321 2400 1398 2437 re-

324 2454 436 2507 fert
462 2457 672 2522 Libycis
691 2460 744 2509 in
760 2461 1002 2526 Syrtibus
1024 2462 1285 2516 Ammon.'

389 2540 430 2584 6
449 2535 787 2600 Inlwspitulem
799 2539 1083 2604 Caucasum]
1102 2539 1242 2590 Asiae
1262 2554 1400 2590 mon·

327 2615 441 2661 tem
493 2612 797 2664 altissimum
846 2621 1004 2680 atque
1059 2617 1398 2668 celebratissi-

326 2704 493 2752 mum,
525 2692 606 2741 vel
627 2692 696 2752 ob
722 2694 1110 2758 Prometheum,
1149 2710 1301 2761 quem
1323 2696 1395 2747 ibi

325 2766 636 2819 fabulantur
658 2770 908 2832 (luctum,
926 2773 1137 2838 ejusque
1147 2774 1306 2838 jecur
1329 2773 1396 2824 ab

324 2845 510 2909 aquila
547 2853 806 2911 perpetuo
853 2848 1048 2898 arrodi.
1124 2850 1396 2914 Inhospita-

324 2919 444 2984 lem]
482 2918 566 2970 oh
589 2922 736 2972 nives
769 2923 1001 2973 assiduas
1037 2925 1399 2990 inhabitatum,

322 2997 460 3048 item
484 2997 552 3047 ob
565 2999 824 3063 scopulus,
841 3000 981 3050 uude
993 3001 1177 3066 virgil.
1195 3003 1395 3054 AEneid.

325 3088 403 3127 w.
429 3079 546 3125 ³66.
580 3076 597 3104 ‘
613 3075 853 3126 cautibus
869 3078 1086 3128 horrens
1105 3080 1397 3130 Caucasus-⁹

329 3149 491 3201 Mons
507 3150 765 3213 ille,inter
778 3151 880 3203 duo
902 3155 1066 3204 maria
1082 3156 1320 3219 Caspium
1340 3164 1396 3208 et

327 3227 613 3291 Euxinum,
635 3235 794 3279 tantae
815 3229 985 3281 fertur
1007 3232 1315 3297 altitudime,
1336 3242 1397 3286 ut

327 3305 446 3367 ejus
467 3309 654 3359 vertex
677 3306 744 3355 ad
768 3309 976 3357 tertiam
1002 3308 1168 3365 noetis
1193 3316 1397 3374 partem

324 3380 462 3430 Solis
486 3380 646 3432 radiis
668 3382 979 3436 illustretur.
1011 3385 1148 3435 Vide
1172 3385 1397 3439 Aristot-

325 3457 558 3508 Mereor.
591 3472 634 3509 1.
668 3461 717 3509 3.
767 3459 948 3513 Quint.
975 3461 1126 3513 Curt.
1160 3463 1256 3514 lib.
1295 3478 1398 3516 vu.

325 3533 440 3597 ejus
461 3547 586 3599 pars
606 3550 638 3584 a
660 3534 971 3600 quibusdam
992 3538 1228 3591 creditur
1248 3554 1398 3591 mons

327 3611 575 3680 Arai-ath>
605 3626 784 3663 versus
832 3613 1151 3679 Armeniam,
1194 3617 1247 3667 in
1296 3633 1398 3683 quo

327 3697 451 3752 post
472 3688 723 3739 diluvium
743 3690 943 3755 quievit
964 3705 1088 3742 area
1109 3692 1251 3744 Noe.-

394 3772 426 3816 7
471 3766 560 3817 Vel
579 3782 684 3831 que
705 3768 1068 3828 boasubulosus
1082 3770 1274 3822 lambit
1285 3771 1398 3838 Hy-

326 3847 520 3911 daspes]
544 3847 653 3898 Pe'r
670 3847 872 3898 Indiam
889 3849 1148 3900 nimirum.
1185 3852 1398 3916 Duplex

327 3933 413 3975 est
434 3925 713 3991 Hydaspes
741 3925 927 3978 fluvius
957 3930 1009 3978 in
1045 3928 1190 3980 Asia.
1245 3930 1400 3981 Alter

330 4001 520 4052 Medos
543 4003 711 4060 alluit,
732 4011 787 4052 et
804 4004 922 4054 binc
944 4007 1194 4073 Georgic.
1215 4022 1299 4060 iv.
1322 4009 1400 4060 di·

328 4079 468 4129 citur
503 4079 519 4107 ‘
542 4078 737 4133 Medus
771 4081 1089 4147 Hydaspes-²
1138 4084 1292 4139 Alter
1313 4086 1402 4137 In-

330 4154 473 4205 diam
516 4156 819 4207 citeriorem
849 4158 1055 4224 irrigat,
1081 4161 1236 4213 bodie
1269 4165 1403 4215 Rou-

328 4246 439 4296 vey,
485 4231 695 4298 fuitque
750 4236 1003 4290 terminus
1064 4240 1403 4292 victoriarum

333 4308 624 4361 Alexandri
663 4309 901 4376 Magni-3·
922 4312 978 4364 in
1014 4312 1202 4366 Indum
1236 4316 1403 4370 illabi-

1480 1930 1584 1986 tur,
1606 1922 1745 1987 apnd
1765 1920 1963 1986 Nysam
1984 1917 2162 1969 urbem
2180 1933 2197 1979 ς
2230 1913 2367 1965 unde
2389 1928 2420 1963 a
2441 1914 2544 1963 Ln-

1478 2014 1610 2050 cano
1632 1999 1720 2049 lib.
1746 2011 1870 2048 vm.
1894 2000 2108 2046 vocatur
2129 1992 2146 2023 ⁴
2171 1993 2397 2057 Nysaeus
2428 1989 2542 2053 Hy-

1479 2074 1705 2141 daspes)
1771 2074 1874 2124 Hie
1919 2085 2076 2138 porro
2107 2075 2437 2131 nuncupatur
2459 2064 2545 2125 fa·

1479 2153 1683 2213 bulosus,
1707 2152 1950 2218 quoniam
1985 2148 2149 2203 multa
2184 2145 2251 2195 de
2284 2144 2374 2194 illo
2395 2138 2546 2192 fabu-

1480 2232 1678 2294 lantur3
1713 2237 1773 2280 ut
1815 2227 1956 2294 quod
1990 2239 2198 2279 arenam
2242 2221 2418 2273 volvat
2454 2234 2545 2271 αυτ

1480 2325 1652 2372 ream;
1708 2308 1848 2374 quod
1897 2318 2126 2369 gemmas
2178 2300 2315 2351 ferat
2333 2316 2349 2349 ε
2406 2295 2545 2347 unde

1478 2390 1495 2418 ‘
1520 2386 1716 2438 aurifer
1731 2386 1745 2414 ²
1768 2381 2071 2441 Claudianus
2094 2381 2110 2410 ‘
2136 2371 2437 2442 gemmifer'
2458 2373 2546 2423 Se-

1481 2479 1629 2514 neeae
1672 2463 1828 2525 Trag.
1871 2461 1925 2509 in
1975 2455 2170 2508 Medea
2216 2452 2543 2518 appellatura

1483 2541 1620 2608 quod
1642 2545 1789 2590 tanto
1825 2535 1995 2586 sonitu
2023 2527 2255 2584 'vortices
2288 2532 2433 2593 agat,
2450 2539 2546 2577 un·

1478 2621 1574 2671 das
1612 2618 1846 2678 collidat,
1868 2625 2077 2680 spumas
2097 2609 2323 2671 attollat,
2344 2612 2403 2655 ut
2441 2618 2545 2654 nou

1478 2699 1594 2749 sine
1627 2694 1978 2761 trepidatione
2011 2688 2190 2754 procul
2231 2683 2545 2750 aspiciatur3

1477 2783 1636 2843 atque
1657 2775 1883 2837 remiges
1907 2764 2188 2823 Alexandri
2222 2761 2405 2827 Magni
2428 2756 2546 2810 red-

1477 2853 1673 2904 diderit
1695 2849 2045 2902 attonitos.ac
2079 2847 2387 2907 stupentes:
2421 2836 2547 2902 ipsis

1478 2930 1639 2981 etiam
1687 2922 2121 2993 gubernatoribus
2176 2918 2254 2969 rei
2309 2915 2547 2968 novitate

1479 3009 1764 3073 suspensis.
1784 3005 2008 3067 Arrian.
2030 3001 2125 3053 lib.
2143 3013 2223 3051 vr.
2245 2996 2403 3064 paulo
2425 2997 2548 3061 post

1477 3087 1702 3138 initium.
1979 3119 1988 3127 .
2125 3112 2130 3117 -
2627 3128 2632 3135 .

1542 3168 1576 3214 9
1607 3162 1811 3228 Sabinu]
1838 3160 1972 3211 Haec
1987 3155 2160 3208 Italiae
2176 3152 2320 3217 regio
2344 3148 2547 3214 pridem

1479 3241 1685 3292 Latium
1708 3239 1843 3289 inter
1856 3234 2139 3288 Umbriam
2162 3237 2321 3296 atque
2351 3226 2549 3277 Hetru-

1478 3319 1610 3368 riam
1634 3316 1799 3366 adhue
1820 3320 2006 3367 nomen
2029 3314 2230 3364 servat.
2244 3304 2337 3356 sed
2360 3315 2549 3366 angus·

1480 3396 1643 3449 tiores
1676 3393 1839 3444 habet
1867 3389 2032 3440 fines:
2068 3387 2121 3437 in
2142 3383 2339 3435 ditione
2363 3379 2548 3431 Ponti-

1478 3472 1603 3523 fieia
1622 3470 1940 3521 continetur.
2081 3518 2084 3525 ⁴
2537 3483 2545 3493 ·

1545 3554 1608 3602 10
1642 3549 1946 3599 Dummeum
1975 3544 2116 3592 sunto
2134 3534 2371 3597 Lalagen]
2404 3533 2550 3582 Dum

1477 3624 1705 3676 meditor
1746 3630 1802 3672 et
1854 3629 2113 3682 compono
2166 3614 2235 3664 de
2284 3607 2549 3660 amoribus

1477 3701 1614 3753 meis
1644 3700 1697 3750 in
1737 3696 1971 3758 Lalagen
2003 3703 2180 3741 versus
2222 3692 2280 3737 et
2320 3697 2549 3735 carmen.

1467 3780 1554 3828 ‘Et
1573 3778 1705 3826 ultra
1727 3772 1999 3825 Ten-minum
2017 3766 2189 3830 vagor]
2224 3763 2363 3811 Dum
2392 3765 2549 3809 oestro

1479 3853 1688 3921 poetico
1710 3860 1766 3900 et
1786 3845 2041 3897 amatorio
2072 3840 2324 3905 abreptus
2359 3837 2414 3886 in
2446 3837 2551 3900 syl-

1477 3946 1597 3982 vam
1649 3926 1915 3993 aliquanto
1970 3919 2174 3985 longius
2224 3913 2547 3982 progredior,

1478 4023 1586 4059 non
1604 4007 1883 4058 advertens
1910 3996 2073 4050 incidi
2094 3997 2148 4047 in
2169 3995 2350 4059 lupum
2371 3991 2549 4055 ingen·

1481 4092 1589 4137 tem
1610 4090 1666 4134 et
1690 4077 2046 4146 magnitudine
2066 4078 2444 4142 portentosum,
2459 4067 2548 4132 qui

1484 4171 1660 4217 tamen
1682 4173 1784 4212 non
1798 4155 1950 4208 modo
1964 4167 2068 4204 non
2079 4152 2238 4215 laesit,
2252 4147 2345 4200 sed
2362 4149 2549 4213 sponte

1482 4254 1565 4291 me
1589 4239 1717 4291 lieet
1732 4229 2127 4293 inmmsugit.
