3059 4909
555 397 685 466 318

1272 413 1339 477 Q.
1387 413 1705 463 HORATn
1757 412 2022 463 mntem

902 559 1090 642 Quid
1120 560 1377 642 mirum,
1406 562 1524 627 ubi
1556 561 1695 627 illis
1721 560 2130 627 carminibus
2160 565 2436 643 stupens

901 664 1215 753 Demittit
1243 669 1424 731 atras
1453 665 1674 730 bellua
1705 665 2049 749 centiceps

987 765 1227 845 AureS,
1253 773 1320 832 et
1345 768 1573 832 intorti
1602 767 1868 852 capillis

2664 764 2748 830 35

1070 868 1514 937 Eumenidum
1548 877 1928 936 recreantur
1958 870 2257 953 angues‘!

547 1060 720 1124 prelia
734 1065 784 1109 et
802 1059 1018 1123 expulsos
1038 1061 1288 1125 tyrannos.
1357 1057 1488 1115 Quid
1505 1059 1824 1121 stupendum?
1864 1056 2234 1121 quandoquidem
2264 1054 2470 1105 attonita
2503 1052 2746 1102 cuntiieais

552 1122 663 1175 istis
691 1124 839 1175 bestia
854 1130 1041 1176 centron
1060 1125 1283 1189 capitum,
1319 1123 1486 1185 nigras
1509 1122 1735 1186 deprimit
1751 1122 2005 1178 auriculas,
2027 1129 2165 1186 atque
2180 1122 2499 1172 demulcentur
2517 1124 2748 1183 serpentes

1471 1246 1835 1272 necnee-eece

549 1333 686 1386 Vide
725 1335 948 1398 Cuning.
988 1335 1160 1386 Auim.
1198 1351 1316 1400 cap.
1352 1345 1480 1386 xm.
1521 1346 1575 1401 p.
1612 1337 1727 1386 218.
1763 1341 1820 1384 et
1856 1335 1980 1384 Bos.
2054 1333 2227 1383 Anim.
2265 1333 2330 1383 ad
2372 1332 2503 1382 Hor.
2529 1346 2648 1394 pag.
2668 1333 2745 1381 39.

550 1401 622 1451 D.
667 1401 814 1451 hilari
850 1400 967 1450 bibit
1010 1402 1147 1464 conj.
1196 1402 1315 1452 Nic.
1361 1402 1544 1452 Heius·
1630 1401 1785 1451 Ten-sa
1827 1400 2017 1450 humilis
2059 1415 2168 1449 var.
2207 1401 2332 1449 lect.
2372 1413 2457 1461 ap.
2502 1397 2746 1448 Jones.--

550 1468 615 1515 ³4
660 1465 882 1516 Dimittit
921 1465 1074 1517 Har‘l.
1112 1470 1161 1516 2.
1200 1471 1248 1517 3.
1284 1474 1341 1517 et
1364 1467 1507 1532 Lips.
1529 1473 1578 1518 4.
1632 1465 1866 1517 Admittit
1901 1466 2108 1517 Vaiart.
2162 1464 2300 1515 Vide
2334 1462 2641 1514 Boissonad.
2682 1461 2743 1511 ad

1541 1595 1756 1649 NOTAE
1773 1595 1779 1603 '

549 1710 651 1762 qne
685 1695 977 1761 penderent
1017 1695 1244 1758 umbrae3
1291 1696 1392 1747 hoc
1430 1702 1605 1747 tamen

548 1780 664 1825 erat
699 1772 998 1836 discrimen,
1035 1773 1173 1841 quod
1213 1773 1460 1824 amatoria
1495 1773 1606 1840 qui·

547 1851 665 1901 dem
684 1851 920 1916 Sapphus
943 1853 1169 1902 carmina
1187 1851 1376 1901 eximia
1397 1865 1607 1916 prorsus

548 1934 705 1993 atque
725 1929 900 1980 divina
920 1930 1101 1995 vulgus
1129 1930 1386 1981 admirans
1408 1931 1608 1981 atiscnl·

547 2013 718 2069 taret3
756 2014 812 2058 at
846 2008 999 2071 longe
1024 2013 1199 2059 tamen
1220 2009 1489 2071 attentius,
1514 2024 1606 2060 cn-

546 2075 741 2149 pidius,
755 2084 1040 2149 jucundius
1060 2085 1303 2136 audiebat
1337 2087 1353 2114 ‘
1373 2100 1571 2150 pugnas
1591 2084 1605 2106 ’

548 2161 614 2211 ab
635 2161 816 2212 Alcaeo
849 2161 1157 2225 descriptas,
1187 2168 1241 2211 et
1275 2177 1378 2226 qua
1401 2162 1604 2212 ratione

542 2237 559 2265 ‘
576 2244 789 2287 exactos
811 2243 1061 2301 tyrannos
1073 2237 1087 2259 '
1111 2237 1396 2300 Pittacum,
1413 2238 1602 2302 Myrsi-

547 2315 676 2378 lum,
701 2314 1091 2379 Megalagyrum
1116 2314 1362 2365 insectari
1384 2329 1487 2365 non
1510 2314 1603 2365 de-

544 2382 772 2454 stiterat,
795 2391 963 2441 donec
984 2390 1190 2441 omnino
1213 2391 1601 2443 exterminaret.

608 2472 674 2518 32
713 2466 930 2518 Densum
966 2467 1190 2530 humeris,
1224 2467 1332 2533 ξω]
1384 2467 1604 2520 Confer·

542 2550 672 2607 tum,
693 2547 960 2596 turmatim
979 2553 1335 2610 aggregatum,
1355 2554 1604 2598 contente

543 2629 600 2673 et
622 2623 862 2674 certatim
888 2623 1326 2689 appropinquans,
1347 2639 1604 2690 auresque

542 2699 796 2765 arrigens,
819 2715 927 2765 prae
952 2700 1203 2769 aviditate
1227 2701 1466 2766 capiendi
1486 2717 1603 2768 quae

541 2776 847 2827 dicebantur
865 2779 931 2827 de
952 2779 1179 2842 expulsis
1203 2780 1457 2844 tyrannia,
1477 2796 1604 2847 qnos

540 2853 650 2903 odit
684 2852 865 2917 vulgus
899 2854 1139 2918 maxime,
1170 2863 1226 2906 et
1261 2857 1328 2907 de
1362 2858 1605 2909 restituta

434 2985 440 2991 -
539 2929 737 2978 civibus
770 2929 1038 2990 libertate,
1062 2946 1214 2994 quam
1240 2932 1478 2984 omnibus
1512 2949 1603 2989 au·

542 3002 722 3066 tefert,
745 3000 1007 3070 ipsiusque
1032 3006 1288 3058 interdum
1312 3008 1432 3059 vitae
1463 3012 1604 3074 peri-

539 3081 659 3130 culo
702 3080 913 3131 redimit
964 3097 1026 3132 ac
1080 3083 1323 3136 vindicat.
1411 3087 1600 3152 virgil.

537 3156 742 3209 AEneid.
766 3171 821 3207 x.
842 3161 956 3207 361.
1008 3156 1026 3185 ‘
1044 3159 1400 3214 Concurrunt:
1437 3163 1602 3215 haeret

537 3232 674 3295 pede
699 3248 810 3299 pes,
835 3234 1126 3300 densusque
1152 3238 1262 3288 viro
1287 3239 1405 3291 vir.’

598 3310 742 3360 Bibit
761 3327 875 3362 aare
890 3315 1085 3378 vulgus]
1120 3315 1278 3367 Hunc
1297 3319 1467 3369 locum
1488 3320 1598 3370 imi·

536 3392 677 3438 tatus
698 3390 1100 3443 ‚iuvenalis-Sat.
1119 3407 1197 3445 lv.
1219 3399 1303 3444 50.
1334 3396 1350 3424 ‘
1370 3395 1599 3462 Nequic·

533 3479 684 3529 quam
723 3469 916 3532 populo
954 3468 1156 3520 bibulas
1195 3470 1468 3525 donaveris
1507 3490 1597 3525 au-

533 3541 655 3593 res!

597 3623 663 3669 33
700 3620 830 3676 Quid
862 3623 1054 3689 miram,
1085 3620 1168 3675 ubi
1186 3625 1287 3676 lelt‘s
1310 3629 1599 3682 carminibus

530 3701 870 3764 “apamen-‚J
907 3701 1094 3766 Neque
1127 3717 1251 3753 vero
1289 3706 1596 3771 mirandum,

533 3778 668 3842 quod
692 3778 770 3828 ita
790 3780 989 3829 curiose
1023 3782 1222 3832 umbrae
1252 3781 1484 3849 affluant,
1507 3803 1596 3837 au-

529 3851 776 3916 diantque
809 3869 987 3904 versus
1023 3856 1188 3908 Alcaei
1227 3865 1283 3909 et
1319 3861 1593 3925 Sapphus;

530 3927 782 3991 siquidem
804 3930 867 3979 iis
891 3932 1047 3981 etiam
1071 3935 1364 3987 oblectatur
1387 3939 1595 3989 terribi-

531 4003 596 4052 lis
628 4000 921 4055 Inferorum
956 4009 1098 4058 canis
1123 4012 1589 4080 Cerberus,'atque

528 4080 854 4145 voiuptatem
890 4097 1033 4133 suam
1068 4088 1279 4139 exhibet
1315 4091 1331 4120 ⁴
1355 4089 1590 4143 demissis

529 4157 811 4220 auriculis,’
846 4160 1031 4224 quibus
1053 4161 1338 4227 depositam
1365 4169 1491 4218 iram
1526 4185 1590 4220 ac

529 4231 758 4283 furorem
782 4235 999 4286 indicat.
1067 4238 1394 4292 Contrarium
1416 4251 1593 4295 osten-

531 4308 662 4361 dunt
679 4312 697 4340 ‘
719 4310 937 4364 sublata
959 4314 1148 4381 aures,’
1171 4317 1339 4381 Epod.
1365 4332 1442 4371 vr.
1463 4321 1592 4373 Lac-

930 4450 966 4473 φ

1687 1701 1816 1747 tant.
1840 1694 1907 1745 de
1943 1693 2034 1745 Ira
2065 1693 2185 1752 Dei,
2219 1707 2336 1757 cap.
2356 1695 2406 1742 7.
2436 1691 2454 1720 ⁶
2473 1690 2628 1741 Risus
2661 1690 2747 1741 ho·

1686 1773 1812 1823 mini
1836 1772 2075 1838 proprius
2095 1769 2214 1834 est,’
2240 1765 2427 1835 inquit,
2458 1774 2475 1797 ⁴
2494 1774 2549 1818 et
2573 1773 2746 1818 tamen

1688 1849 1920 1899 videmus
1956 1849 2010 1900 in
2047 1836 2162 1898 aliis
2198 1860 2396 1913 quoque
2440 1844 2747 1895 animalibus

1687 1929 1835 1993 signa
1856 1928 2094 1994 quaedam
2116 1927 2337 1988 loetitiae,
2353 1939 2469 1976 cum
2494 1925 2561 1974 ad
2582 1925 2745 1974 lusum

1687 2005 1937 2071 gestiunt,
1989 2019 2140 2061 aures
2191 2002 2505 2065 demulcent,
2561 2001 2746 2052 rictum

1686 2083 2015 2146 contrahunt,
2035 2080 2260 2132 frontem
2285 2086 2548 2143 serenant,
2570 2080 2745 2131 oculos

1681 2161 1736 2213 in
1759 2156 2022 2212 lasciviam
2044 2157 2344 2210 resolvunt?

1747 2243 1811 2290 34
1832 2240 2004 2290 Bellica
2023 2236 2276 2302 centiceps]
2295 2238 2310 2265 ‘
2331 2236 2489 2288 Canis
2507 2237 2648 2300 apud
2664 2236 2747 2286 In-

1680 2313 1820 2366 feros
1851 2314 2150 2376 fabulosus,’
2182 2321 2239 2364 ut
2270 2313 2345 2363 ait
2379 2313 2589 2374 Studiis,
2626 2313 2750 2362 ‘im-

1682 2395 1849 2445 manis
1885 2393 2096 2445 trifauci
2127 2394 2338 2456 latratu,
2370 2392 2478 2442 tria
2514 2392 2744 2456 pandens

1682 2476 1917 2535 guttura,
1978 2471 2240 2521 horrentia
2302 2470 2528 2521 colubris
2586 2467 2748 2519 colia’

1684 2562 1960 2611 exserens3
1985 2548 2185 2613 „Vin-gil.
2215 2547 2419 2599 AEneid.
2444 2561 2520 2597 vr.
2545 2551 2662 2598 417.
2694 2551 2750 2595 et

1684 2641 1794 2691 seq.
1861 2625 2104 2676 Plutonis
2159 2639 2343 2675 canem
2400 2639 2541 2674 aerea
2600 2639 2745 2680 voce,

1683 2700 2201 2768 πεντηκοντακάρηνον,
2234 2701 2583 2767 quinquaginta
2620 2703 2745 2767 capi·

1683 2785 1804 2840 tum,
1854 2780 1870 2809 ‘
1913 2780 2243 2830 crudivorum
2288 2778 2754 2844 impudentemque-

1683 2856 2011 2923 fortemque,’
2067 2857 2301 2921 appellat
2362 2857 2631 2915 Hesiodus
2693 2858 2743 2907 in

1680 2938 2005 3002 Theogonia,
2049 2936 2297 3003 τρίκρανον
2351 2935 2472 3003 ᾅδου
2511 2937 2748 3001 σκύλακα,

1681 3015 1943 3079 tricipitem
1989 3017 2107 3066 Orci
2145 3031 2323 3079 canem,
2362 3015 2649 3079 Sophocles
2693 3016 2745 3064 in

1681 3092 1987 3142 Trachiniis.
2019 3093 2281 3144 Cerberus
2300 3093 2448 3159 quasi
2470 3092 2750 3159 κρειιιοβόρος,Ι

1680 3168 1975 3234 canticam,
2010 3170 2232 3236 Mytboi.
2273 3179 2467 3221 terrain
2503 3172 2745 3236 designat

1679 3246 1938 3297 cadavera
1995 3257 2397 3299 consumentem.
2485 3248 2740 3300 Quoniam

1680 3338 1805 3373 vero
1829 3326 2071 3376 mortales
2095 3325 2318 3376 universi
2352 3325 2550 3390 triplici
2575 3326 2744 3376 extin-

1678 3408 1909 3464 guuntur
1931 3402 2111 3453 mortis
2142 3416 2354 3468 genere,
2376 3403 2620 3465 naturali,
2642 3403 2744 3451 vio·

1676 3477 1842 3540 lento,
1882 3486 1939 3528 et
1983 3477 2227 3542 fortuito,
2270 3494 2385 3543 quae
2426 3479 2526 3528 tria
2568 3493 2740 3529 rursus

1677 3553 1877 3604 infinita
1918 3563 2059 3620 sunt,
2102 3556 2223 3605 hinc
2268 3556 2503 3606 Cerbero
2537 3556 2739 3621 quidam

1679 3630 1779 3680 tria
1817 3631 2012 3695 capita,
2049 3631 2137 3681 aiii
2173 3631 2573 3696 quinquaginta,
2618 3646 2739 3680 non-

1677 3707 1804 3756 nulii
1859 3706 2083 3773 denique
2139 3714 2348 3758 centum
2409 3705 2738 3757 affinxerunt.

1677 3783 1766 3833 Sic
1796 3784 1982 3834 Horat.
2005 3784 2157 3835 bellua
2178 3787 2429 3848 centiceps.

1731 3865 1803 3911 35
1863 3862 2056 3911 Intorti'
2086 3863 2272 3926 capillis
2317 3862 2632 3912 Eumenidum
2668 3877 2740 3911 re·

1674 3944 1895 3989 creantur
1912 3941 2118 4004 onmes]
2157 3939 2469 3989 Eumenides
2495 3953 2591 4004 per
2614 3939 2740 3989 anti·

1675 4016 1885 4079 phrasin
1915 4016 2094 4080 dictae,
2127 4017 2251 4082 quia
2286 4031 2615 4082 nequaquam
2655 4019 2737 4067 be-

1672 4092 1872 4155 nignae:
1907 4099 2011 4142 tres
2044 4101 2342 4155 censentur,
2379 4091 2593 4156 Alecto,
2631 4094 2737 4143 Me-

1674 4182 1831 4233 gaera,
1846 4169 2149 4235 Tisiphone.
2212 4172 2405 4222 Sensus
2424 4178 2536 4223 est:
2572 4172 2737 4223 Infer-

1672 4247 1818 4297 nales
1843 4248 1946 4297 iliae
1969 4248 2139 4298 Furiae
2158 4248 2414 4313 ejusmodi
2431 4250 2735 4300 carminibus

1673 4326 1887 4391 placari,
1907 4326 2061 4378 immo
2083 4334 2137 4380 et
2158 4335 2432 4392 serpentes
2448 4343 2623 4380 earum
2640 4326 2736 4380 cri·
