3059 4909
549 362 678 430 100

639 522 974 592 Perdere‘l
1021 545 1136 590 cur
1167 516 1468 611 apricum

1272 381 1340 443 Q·
1384 379 1706 431 noRA'rn
1759 379 2022 431 nac-ol

814 628 1053 695 Oderit
1081 650 1416 713 campum,
1445 628 1709 715 patiens
1739 629 2037 715 pulveris
2067 637 2267 716 atque
2301 629 2511 696 solis?

640 732 778 799 Cur
804 751 1020 817 neque
1047 732 1352 798 militaris

810 835 990 901 Inter
1019 837 1311 920 aequales
1343 824 1628 922 equitat,
1655 835 2086 928 Gallicabnec
2115 836 2365 923 lupatis

547 1050 842 1101 corrumpere
865 1037 1087 1103 Sybarim
1107 1056 1123 1087 ε
1167 1053 1311 1103 quare
1333 1039 1570 1088 Martium
1609 1038 1835 1101 Campans
1867 1038 1959 1088 soli
1994 1040 2260 1103 expositum
2295 1044 2557 1100 aversetur,
2586 1038 2746 1086 valens

546 1103 746 1152 tolerare
761 1105 999 1167 pulverem
1020 1109 1070 1154 et
1090 1110 1256 1153 oestum
1272 1121 1288 1153 .-
1322 1119 1464 1167 quure
1484 1118 1567 1153 nec
1591 1103 1828 1153 bellicosus
1849 1118 2014 1168 equum
2033 1105 2192 1168 agitat
2227 1120 2332 1155 cum
2360 1103 2573 1169 paribus,
2601 1114 2746 1167 neque

1473 1231 1531 1251 ‘O
1540 1231 1621 1252 ‘O‘
1655 1231 1769 1253 ‘m
1772 1230 1832 1252 ‘O

549 1314 809 1366 Guntlrer.
834 1330 887 1379 p.

544 1381 692 1431 veris.

912 1320 992 1365 55.
997 1319 1092 1365 -4
1125 1315 1290 1366 With.
1314 1318 1448 1381 conj.
1470 1316 1668 1365 Deserit
1688 1330 1918 1379 campum.
1973 1316 2187 1366 Crusius
2210 1315 2353 1382 conj.
2375 1312 2746 1402 inrputievtspul-

759 1380 868 1430 ‘At
893 1382 1029 1446 vulg.
1061 1390 1140 1430 est
1179 1394 1375 1443 verum,
1412 1382 1566 1429 modo
1603 1381 2027 1445 interpreterisst
2045 1381 2133 1446 qni
2170 1382 2289 1432 olim
2329 1381 2432 1431 fuit
2470 1376 2743 1444 patiens.’'

548 1445 701 1496 Zeun.
705 1451 798 1494 -5
837 1445 999 1495 Codd.
1026 1446 1348 1510 Bersmanni‚
1359 1416 1547 1495 Mald.
1576 1461 1663 1509 ap.
1688 1446 1848 1508 Cruq.
1872 1447 1975 1495 duo
2009 1447 2149 1510 Lips.
2184 1447 2302 1497 Vet.
2330 1447 2512 1496 Comb.
2538 1451 2593 1494 et
2615 1458 2744 1495 non·

548 1511 702 1560 uullae
741 1511 959 1561 Venett.
991 1511 1238 1563 militares.
1241 1516 1337 1561 -6
1371 1512 1564 1576 Vulgg.
1604 1518 1660 1561 et
1694 1512 1846 1563 Harl.
1878 1514 1927 1561 2.
1960 1517 2009 1561 5.
2044 1512 2255 1575 equitem
2287 1512 2448 1562 Brod.
2478 1515 2534 1560 et
2566 1508 2744 1560 Graev.

1539 1640 1750 1692 NOTAE

544 1734 778 1790 diebant.
868 1738 1076 1803 Sybaris
1137 1747 1308 1791 tamen
1370 1742 1492 1792 urbs
1537 1741 1603 1791 ad

545 1830 685 1865 oram
718 1816 989 1867 Tarentini
1019 1818 1158 1866 sinus
1195 1818 1314 1868 olim
1354 1819 1476 1881 sita,
1514 1833 1602 1883 po·

543 1900 660 1943 teus
699 1892 828 1944 adeo
867 1894 1088 1957 primum
1124 1893 1242 1958 flur,
1275 1902 1334 1946 ut
1370 1894 1605 1946 finitimis

541 1970 786 2036 gentibus
841 1978 1060 2035 quatuor
1121 1972 1497 2024 dominareturz
1550 1979 1606 2023 at

542 2046 735 2098 deinde
773 2048 1173 2111 proverbialiter
1194 2038 1501 2113 usurpatum
1524 2056 1607 2099 est

542 2125 659 2189 ejus
702 2138 888 2174 nomen
934 2139 1029 2187 pro
1074 2125 1419 2187 perditissimo
1461 2126 1605 2174 luxu.

539 2199 850 2249 Philostrat.
869 2199 1061 2249 Strabo
1084 2201 1175 2249 lib.
1196 2213 1271 2250 vt.
1306 2199 1496 2251 Athen.
1518 2200 1606 2250 lib.

537 2289 602 2327 u.
650 2274 919 2325 Plutarch.
953 2276 1217 2338 Lamprid.

604 2351 826 2401 Amantio
848 2350 1083 2416 Perdere]
1104 2350 1458 2416 Antiplirasis.
1503 2351 1604 2402 Ce-

542 2433 733 2491 terum,
772 2433 832 2478 ut
860 2427 1047 2477 scribit
1090 2428 1271 2492 virgil.
1295 2429 1476 2493 Eelog.
1510 2440 1602 2480 ιιι.

543 2509 656 2555 109.
723 2506 741 2534 ⁴
781 2505 1026 2571 Quisquis
1079 2520 1279 2557 amores
1327 2504 1437 2557 Aut
1494 2520 1600 2556 me·

541 2588 658 2633 tnet
681 2581 879 2640 dulces,
915 2587 1006 2633 aut
1035 2583 1338 2647 experietur
1368 2582 1605 2633 amaros.’

539 2660 787 2726 Quisquis
818 2659 955 2711 enim
976 2661 1304 2710 meretricum
1343 2660 1605 2710 amoribus

539 2751 596 2787 se
639 2735 752 2800 dat,
796 2736 941 2787 brevi
987 2750 1115 2800 opes
1171 2737 1423 2799 absumet,
1465 2736 1604 2784 vires

537 2813 770 2876 corporis
793 2812 1051 2879 animique
1088 2812 1295 2877 perdet,
1329 2819 1383 2860 et
1413 2809 1603 2860 famam

537 2887 691 2940 flocci
714 2889 909 2940 babens
928 2888 992 2940 ad
1014 2889 1235 2955 quodvis
1253 2889 1441 2940 malum
1467 2895 1603 2950 ruet,

538 2970 703 3020 omnis
739 2969 946 3019 decoris
977 2970 1261 3019 immemor.
1328 2966 1510 3030 Virgil.
1537 2967 1601 3018 de

536 3046 749 3097 Didone
773 3047 985 3096 AEneam
1017 3045 1364 3109 depereunte,
1402 3043 1603 3094 AEneid.

537 3134 617 3172 ιν.
638 3126 721 3173 86.
764 3124 780 3153 ‘
805 3122 926 3173 Nou
964 3127 1151 3185 coeptae
1186 3128 1456 3183 assurgunt
1492 3128 1602 3171 tur-

539 3213 641 3262 res,
657 3214 760 3249 non
779 3214 923 3250 arma
935 3199 1187 3264 juventus
1216 3198 1464 3259 Exercet,
1489 3212 1605 3260 por-

540 3282 706 3339 tusve,
748 3281 839 3326 aut
875 3276 1268 3347 propugnacula
1304 3274 1437 3325 bello
1458 3274 1601 3325 Tuta

535 3359 750 3414 parant3
803 3351 1035 3418 pendent
1080 3366 1243 3417 opera
1286 3351 1602 3415 interrupta,

534 3427 793 3494 minaeque
832 3429 1099 3479 Mur-orum
1134 3427 1388 3493 ingentes,
1424 3442 1599 3491 aequa-

535 3509 707 3567 taque.
728 3505 967 3554 machina
1003 3504 1169 3555 coelo.’
1246 3504 1388 3568 Lege
1420 3504 1597 3555 Plant-

534 3579 760 3631 Mercat.
795 3582 1000 3644 Prolog.
1032 3590 1089 3632 et
1120 3583 1335 3632 Terent.
1358 3581 1595 3630 Eunuch.

534 3654 655 3707 Act.
684 3670 724 3707 1.
765 3657 913 3710 Scen.
940 3661 987 3710 1.
1009 3660 1104 3709 Sic.
1145 3671 1235 3711 ιιι.
1269 3658 1373 3708 Od.
1396 3661 1475 3707 12.
1499 3657 1613 3707 ibi-⁸

534 3746 638 3796 que
663 3734 790 3784 Not.

598 3814 630 3858 3
658 3810 759 3862 Cur
787 3814 997 3876 apr-icum
1022 3811 1195 3862 Oderit
1225 3810 1460 3875 canopum]
1489 3810 1597 3861 Cur

531 3885 757 3937 honestis
779 3887 1262 3948 exercitationibus,
1285 3901 1412 3951 qrtas
1441 3894 1598 3936 antea

530 3961 918 4027 frequentabat,
941 3965 1053 4027 jam
1093 3977 1151 4010 se
1197 3964 1367 4012 mollis
1403 3962 1595 4012 subdu·

530 4040 635 4088 cit?
674 4040 902 4103 Campum
924 4041 1059 4089 hunc
1076 4040 1279 4089 Gellius
1302 4053 1377 4090 vt.
1397 4045 1445 4089 7.
1466 4040 1590 4090 scri·

528 4114 605 4163 bit
649 4114 853 4177 Populo
900 4116 1130 4164 Romano
1174 4116 1520 4166 condonatum
1563 4131 1596 4167 a

528 4190 766 4238 Tarratia
806 4190 1019 4254 Virgine
1054 4194 1286 4243 Vestali:
1324 4202 1379 4243 at
1416 4195 1594 4245 Livius

528 4262 921 4327 Tarquiniorum
962 4271 1128 4335 primo
1163 4270 1322 4323 fuisse
1354 4270 1595 4336 affirmat,

1683 1747 1740 1791 et
1789 1740 1870 1790 bis
1925 1739 2084 1804 pulsis
2146 1734 2308 1789 Marti
2363 1742 2743 1791 consecratum.

1681 1819 1934 1882 vegetius
1955 1818 2021 1868 de
2044 1818 2119 1869 Re
2134 1818 2296 1867 Milit.
2311 1830 2350 1867 ι.
2364 1820 2443 1867 10.
2464 1816 2539 1866 sic
2558 1815 2747 1867 babetz

1682 1896 1699 1924 ‘
1727 1895 1943 1945 Romani
1988 1895 2241 1958 Campum
2284 1891 2536 1941 Martium
2571 1891 2744 1942 Tiberi

1683 1973 1905 2023 vicinum
1930 1972 2259 2035 delegerunt,
2293 1970 2344 2018 in
2365 1984 2466 2034 qno
2478 1970 2745 2034 juventus,

1685 2055 1804 2114 post
1846 2048 2150 2114 exercitium
2196 2042 2470 2109 armorum,
2504 2045 2744 2096 sudorem

1684 2126 2052 2189 pulveremque
2096 2122 2342 2186 dilueret,
2384 2138 2446 2173 ac
2490 2121 2746 2191 lassitudi-

1682 2213 1800 2250 nem
1824 2214 2108 2264 cursusque
2138 2199 2365 2249 laborem
2397 2197 2623 2250 natando
2657 2199 2748 2247 de·

1684 2277 1936 2341 poneret.'
1999 2276 2269 2327 Describit
2303 2290 2425 2325 vero
2444 2276 2632 2326 Strabo
2652 2275 2747 2326 lib.

1685 2365 1726 2403 1.
1760 2353 1836 2403 liis
1870 2351 2070 2402 verbis:
2109 2353 2123 2380 ‘
2150 2354 2397 2417 Magnam
2421 2357 2746 2401 ornamento-

1683 2443 1796 2480 rum
1831 2437 2033 2495 partem
2060 2430 2288 2493 Campus
2330 2428 2555 2478 Martius
2578 2427 2748 2478 conti-

1681 2508 2093 2559 net...Etenim
2131 2506 2450 2559 admirabilis
2485 2507 2744 2572 magnitu-

1682 2584 1767 2647 do,
1788 2598 1904 2634 cum
1930 2584 2158 2649 Equitio,
2179 2584 2234 2635 id
2266 2593 2350 2636 est
2385 2583 2557 2634 Ludos
2581 2584 2743 2635 Curu-

1681 2662 1774 2719 les‚
1796 2669 1851 2710 et
1873 2662 1999 2710 alias
2022 2661 2305 2726 Equestres
2330 2674 2531 2725 pugnas
2554 2673 2745 2725 suppe-

1682 2736 1831 2800 ditet,
1860 2736 2029 2787 locum
2064 2745 2232 2787 tamen
2259 2737 2435 2788 multis
2470 2737 2611 2800 Pila,
2633 2736 2745 2787 Cir·

1683 2828 1766 2878 co,
1788 2815 2145 2878 Palaestraque
2167 2828 2223 2865 se
2255 2815 2621 2867 exercentibus
2658 2827 2743 2864 va·

1683 2904 1835 2941 cuum
1869 2891 2374 2957 relinquit-..solum
2408 2892 2583 2942 herbis
2624 2905 2744 2941 con·

1682 2975 1875 3019 sertum
1910 2970 2047 3018 omni
2083 2974 2315 3032 tempore
2347 2969 2498 3017 anni:
2533 2968 2743 3018 collium

1682 3045 1907 3111 denique
1941 3046 2164 3096 vertices
2191 3045 2399 3095 Theatri
2439 3044 2665 3108 speciem
2689 3051 2744 3095 et

1682 3132 1918 3173 ornatum
1962 3122 2271 3172 ad*alvenm
2317 3135 2480 3185 nsque
2517 3118 2743 3169 fluminis

1685 3214 1794 3266 prae
1813 3215 1870 3249 se
1886 3198 2115 3249 ferentes
2135 3198 2482 3263 spectaculum
2502 3197 2744 3259 praebent

1682 3278 1759 3329 ita
1799 3291 2071 3339 amoenum,
2109 3284 2167 3325 ut
2201 3289 2339 3339 aegre
2374 3282 2429 3324 et
2463 3273 2657 3324 invitus
2678 3274 2743 3324 ab

1682 3368 1745 3404 eo
1768 3351 2041 3403 discedas!

1742 3434 1775 3480 4
1811 3429 2013 3480 Patiens
2046 3428 2255 3492 pulveris
2287 3434 2427 3492 atque
2463 3430 2593 3494 solis,
2631 3430 2739 3495 fisa]

1680 3506 2000 3556 Plutarchus
2033 3506 2089 3555 in
2118 3506 2244 3554 Vita
2268 3505 2483 3555 Catonis
2508 3506 2744 3557 Censorii

1678 3582 1845 3637 refert
1870 3582 2032 3632 filium
2066 3583 2131 3632 ab
2156 3598 2218 3633 eo
2241 3583 2405 3633 literis
2429 3583 2743 3646 institutum,

1678 3659 1867 3710 deinde
1892 3675 2014 3709 vero
2039 3659 2282 3709 edoctum
2317 3667 2483 3708 artem
2508 3660 2743 3724 corporis

1678 3735 1974 3796 exercendi,
1988 3735 2276 3801 jaculandi,
2297 3736 2581 3798 equitandi,
2604 3738 2742 3785 calo·

1676 3825 1787 3861 rem
1827 3818 1881 3860 et
1917 3809 2077 3874 frigus
2114 3811 2391 3875 tolerandi,
2428 3811 2741 3876 rapidosque

1656 3876 1912 3952 'gurgites
1959 3902 2021 3937 ac
2078 3886 2261 3937 fluvios
2322 3887 2585 3949 tranaudi,
2640 3892 2740 3938 ὅτε.

1675 3964 1921 4031 pulveris]
1949 3963 2086 4012 Vide
2107 3964 2301 4014 Anuot.
2323 3965 2388 4013 ad
2406 3964 2512 4012 Od.
2535 3977 2575 4012 1.
2605 3978 2675 4015 vs.
2692 3968 2739 4013 8.

1740 4046 1769 4089 5
1808 4042 1909 4089 Car
1935 4055 2080 4103 mque
2113 4040 2340 4089 militaris
2370 4040 2508 4088 Inter
2535 4039 2744 4102 aequales

1673 4117 1880 4182 equitat]
1918 4117 2021 4166 Cur
2045 4131 2187 4166 more
2210 4117 2361 4166 solito
2393 4126 2601 4187 strenue
2635 4129 2739 4169 nou

1674 4195 1914 4244 decertat
1957 4192 2237 4257 equitando
2286 4207 2401 4241 curu
2451 4191 2737 4255 aequalibus

1673 4278 1836 4322 aetate
1858 4285 1920 4320 ac
1943 4267 2115 4320 studio
2131 4269 2442 4332 juvenibus?
2459 4268 2736 4334 equitandi
