3059 4909
2371 387 2503 452 345

649 558 911 636 Africa,
942 578 1159 642 neque
1184 555 1400 624 Attali
2461 548 2507 609 5

736 662 1008 746 Ignotus
1037 662 1249 727 haeres
1276 660 1529 744 regiam
1562 656 1918 741 occupavi,

982 412 1395 465 CARMINUM
1449 409 1595 459 1213.
1646 412 1723 458 ιι.
1771 392 1877 457 18.

301 825 377 877 ber
394 824 670 874 innituntur
689 823 916 873 columnis
941 828 1157 874 extrema
1177 822 1230 872 in
1250 821 1421 882 Africa
1441 820 1631 870 excisis.
1696 818 1862 882 Neque
1884 814 2045 866 Attali
2067 813 2216 864 hoeres
2234 811 2505 875 incognitus

1210 968 1571 990 COOWOO‘

303 1076 561 1137 putarunt
601 1071 695 1119 viri
721 1070 857 1120 docti
879 1084 994 1119 esse
1020 1070 1253 1134 potuisse
1293 1070 1468 1120 trabes
1511 1082 1843 1123 marmoreas,
1877 1065 1999 1114 dum
2035 1061 2247 1128 proprie
2285 1075 2502 1122 accepe-

301 1143 422 1185 runt
442 1135 511 1212 de
535 1135 767 1211 trabibus
792 1143 1073 1197 tectorum,
1093 1135 1469 1201 cubiculorum,
1494 1143 1599 1185 cet.
1664 1133 1859 1185 Trabes
1882 1130 2066 1179 ultima
2087 1129 2280 1177 recisas
2305 1125 2505 1188 Africa,

302 1217 416 1250 esse
440 1202 809 1264 intelligendas
832 1203 1043 1263 citreas,
1067 1215 1133 1250 ex
1158 1202 1366 1263 arbore,
1398 1216 1550 1265 quam
1570 1200 1751 1264 Thyan
1789 1197 1984 1257 Graeci,
2005 1195 2191 1245 citrum
2223 1192 2389 1242 Latini
2417 1206 2503 1240 vo-

301 1274 444 1325 cent,
468 1282 686 1333 quaeque
707 1267 758 1317 in
786 1266 1121 1317 Mauretania
1159 1266 1400 1317 habitarit
1427 1283 1443 1326 ς
1479 1269 1745 1316 columnas
1769 1262 2069 1326 Hymettias
2104 1260 2229 1309 satis
2268 1257 2504 1306 celebres

301 1347 436 1382 esse.
494 1333 599 1382 Sed
627 1335 698 1382 ita
721 1347 824 1382 non
842 1339 943 1393 est,
965 1333 1105 1397 quod
1128 1332 1431 1393 haereamus,
1453 1340 1511 1380 ut
1531 1331 1704 1396 potius
1723 1328 2074 1379 architectura
2092 1324 2305 1388 antiqua
2328 1323 2507 1385 vulga-

299 1404 404 1448 tam
431 1405 658 1448 tueatur.
725 1399 1029 1463 Quanquam
1067 1395 1358 1455 fatendum,
1397 1397 1776 1462 elegantiorem
1799 1406 1964 1459 prope
1990 1390 2262 1441 verborum
2281 1393 2509 1438 structu·

1297 1529 1512 1580 NOTAE

298 1632 349 1680 le
366 1629 576 1695 quidem
591 1626 875 1685 abundans,
887 1628 1073 1693 insigni
1093 1642 1216 1678 vero
1230 1643 1363 1678 mar-

298 1723 445 1759 more
470 1710 655 1757 clarus.
698 1707 836 1763 Pllu.
863 1719 1007 1757 xvn.
1032 1711 1078 1755 l.
1102 1707 1364 1757 columnas

302 1793 525 1851 quatuor
552 1784 811 1848 Hymettii
848 1785 1118 1833 marmoris
1153 1786 1218 1835 ad
1255 1800 1365 1835 sce-

300 1878 421 1913 nam
444 1861 725 1911 ornandam
747 1860 997 1911 advectas
1019 1859 1199 1910 refert.
1251 1862 1364 1912 Has

303 1956 464 2007 porro
484 1938 949 1991 centummillibus
973 1926 1235 1988 nummum
1261 1952 1366 1988 em-

304 2028 383 2070 tas
407 2020 482 2069 ait
506 2017 625 2069 Val.
645 2017 793 2067 Max.
829 2016 975 2066 Idem
998 2016 1136 2067 Plin.
1161 2029 1364 2068 xxxvl.

302 2102 351 2147 3.
368 2097 443 2146 ita
458 2090 669 2146 scribit:
704 2096 720 2122 ‘
750 2094 809 2143 1..
822 2092 1036 2143 Crassus
1049 2093 1245 2144 Orator
1262 2092 1365 2156 pri-

300 2187 414 2223 mus
459 2171 722 2236 peregrini
774 2169 1046 2219 marmoris
1101 2169 1365 2218 columnas

298 2249 487 2299 babuit
510 2249 561 2298 in
582 2247 766 2297 eodem
804 2246 998 2310 palatio
1023 2244 1366 2310 Hymettias.'

300 2327 420 2378 Val.
444 2327 591 2376 Max.
615 2340 695 2377 rx.
722 2330 769 2375 1.
831 2332 845 2354 ⁸
869 2326 965 2376 Cn.
1007 2325 1269 2375 Domitius
1307 2326 1369 2376 L.

303 2405 496 2456 Crasso
515 2404 733 2469 collegae
747 2418 860 2466 suo,
875 2403 1216 2453 altercatione
1235 2410 1368 2467 orta,

299 2481 657 2549 objecitquod
695 2482 955 2532 columnas
982 2478 1283 2543 Hymettias
1313 2477 1368 2527 in

300 2560 507 2625 porticu
523 2560 706 2611 domus
723 2556 974 2607 haberet.'
1005 2556 1200 2620 Magna
1213 2569 1370 2620 porro

300 2640 382 2704 lis,
411 2637 675 2689 fuerintne
713 2638 892 2687 trabes
929 2636 1032 2685 inae
1066 2635 1273 2700 ligneae,
1298 2649 1365 2683 an

302 2731 627 2768 marmoreae.
680 2716 876 2765 Verum
901 2712 1038 2764 enim
1061 2725 1091 2762 e
1115 2711 1256 2775 ligno
1278 2726 1368 2776 po·

301 2796 408 2845 tius
435 2792 709 2859 Hymettio
741 2807 894 2857 quam
917 2805 949 2842 e
978 2803 1231 2840 marmore
1255 2803 1370 2839 cre-

304 2870 559 2922 diderim:
582 2885 876 2936 quanquam
900 2876 955 2917 et
975 2883 1040 2917 ex
1062 2865 1238 2931 lapide
1263 2872 1372 2916 tra-

304 2949 402 2999 bes
418 2948 678 3011 extitisse,
691 2947 832 2997 clare
849 2945 1007 2995 docet
1024 2944 1162 2993 Plin.
1175 2956 1370 2993 xxxvl.

305 3032 356 3077 8.
381 3026 471 3078 nbi
494 3027 571 3076 sic
591 3024 780 3075 babet:
806 3026 822 3052 ‘
844 3022 1000 3072 Circa
1017 3023 1226 3086 Syenen
1246 3034 1371 3070 vero

303 3103 583 3155 Thebaidis
620 3101 876 3166 Syenites,
894 3113 1046 3164 quem
1082 3104 1204 3147 ante
1238 3096 1371 3161 Pyr-

268 3180 275 3185 ’
304 3181 592 3247 ropoecilon
635 3177 910 3229 vocabant.
974 3175 1170 3226 Trabes
1203 3188 1270 3223 ex
1307 3188 1371 3223 eo

304 3257 483 3310 fecere
509 3258 682 3321 Reges
706 3253 928 3320 quodam
950 3251 1232 3302 certamine
1252 3249 1373 3300 obe·

304 3338 463 3388 liscos
479 3343 731 3388 vocantes
745 3333 880 3384 Solis
895 3332 1090 3382 numini
1107 3328 1375 3381 sacratos!

307 3415 445 3465 Vide
464 3413 708 3465 Strabon.
726 3411 818 3462 lib.
835 3423 917 3461 rx,
934 3409 1022 3460 ubi
1037 3423 1103 3459 ex
1117 3409 1374 3473 Hymetto

306 3493 558 3542 advectas
573 3488 750 3541 trabes
763 3488 941 3550 longas
954 3493 1009 3536 et
1025 3484 1214 3534 densas
1236 3498 1376 3535 com·

309 3574 582 3620 memorat.
955 3612 960 3619 ,

374 3652 407 3698 4
448 3645 630 3696 Ultima
660 3641 837 3693 recisus
874 3637 1066 3703 Africa]
1099 3638 1377 3707 Columnas

308 3723 559 3789 intelligit
581 3737 610 3771 e
633 3732 889 3770 marmore
913 3714 1210 3777 Numidico,
1230 3714 1376 3777 cujus

309 3801 541 3867 pretium
573 3798 757 3862 ingens
797 3794 953 3843 fuisse
1000 3797 1225 3841 testatur
1267 3790 1378 3839 Pli-

310 3880 430 3931 nius
451 3888 655 3927 xxxvr.
679 3877 729 3922 6.
751 3871 829 3920 his
847 3868 1055 3920 verbis:
1090 3870 1106 3896 ‘
1122 3867 1200 3915 M.
1225 3867 1378 3930 Lepi-

311 3955 409 4006 dus
429 3951 602 4004 Catuli
633 3950 688 3999 in
718 3946 1002 3999 Consulatu
1031 3944 1252 4006 collega,
1276 3943 1380 4007 pri·

311 4045 424 4083 mus
446 4029 674 4080 omnium
695 4026 872 4075 limina
894 4037 923 4072 e
945 4020 1223 4073 Numidico
1244 4035 1379 4069 mar-

312 4123 458 4159 more
479 4106 533 4156 in
567 4104 719 4154 domo
750 4101 937 4167 posuit,
973 4112 1160 4162 magua
1197 4111 1380 4161 repre-

310 4181 603 4237 hensione.'
673 4181 720 4231 N
729 4178 922 4231 umidis
938 4175 1128 4226 Africae
1148 4175 1288 4241 regio
1306 4175 1380 4225 ul-

315 4265 464 4319 tima,
486 4266 544 4310 et
559 4257 780 4308 maxime
802 4253 1157 4308 occidentalis.

380 4345 412 4391 6
450 4338 622 4405 Neque
638 4333 801 4388 Attali
816 4333 1017 4395 Ignotus
1029 4332 1180 4385 hoeres
1200 4329 1383 4396 regium

1443 1628 1687 1693 occupavi]
1721 1626 1836 1678 Nec
1872 1622 2049 1673 divitis
2083 1620 2386 1684 cuiusquam
2407 1615 2510 1666 hae·

1444 1698 1723 1756 reditatem
1767 1701 1997 1767 captavi,
2031 1700 2200 1748 ullave
2236 1693 2420 1744 fraude
2457 1698 2511 1743 et

1446 1792 1560 1834 arte
1599 1783 1735 1834 mala
1768 1779 1952 1835 invasi,
1986 1776 2267 1840 opulentus
2305 1784 2510 1837 quoquo

1445 1861 1600 1911 modo
1622 1874 1733 1910 esse
1759 1860 1935 1908 volens
1954 1871 1969 1901 :
2005 1854 2141 1903 sicut
2178 1848 2507 1899 Aristonicus

1444 1936 1623 2003 (quem
1646 1949 1772 1986 sane
1796 1930 2033 1996 respexit
2062 1930 2158 1978 boc
2189 1927 2306 1976 loco
2344 1925 2511 1974 Hora-

1445 2014 1579 2080 tius)
1626 2026 1841 2079 regnum
1888 2008 2024 2059 Asiae
2070 2003 2166 2054 sibi
2213 2001 2511 2051 vindicavit.

1445 2093 1568 2145 Duo
1601 2090 1813 2142 fuerunt
1850 2086 2020 2139 Attali
2047 2080 2289 2147 Pergami
2324 2080 2512 2143 Reges.

1446 2168 1606 2220 Prior
1646 2166 1892 2218 Eumenis
1925 2161 2107 2223 frater,
2137 2157 2396 2224 posterior
2430 2171 2514 2206 au-

1448 2253 1551 2297 tem
1575 2245 1730 2295 filius.
1796 2243 1902 2293 Hic
1945 2238 2130 2290 Attalo
2174 2244 2360 2302 patruo
2398 2250 2513 2285 suc-

1449 2322 1609 2373 cessit
1633 2322 1687 2371 in
1708 2319 1853 2370 Asiae
1888 2314 2190 2380 Imperium.
2260 2314 2390 2363 Post
2419 2325 2513 2360 an-

1447 2414 1542 2449 nos
1568 2413 1688 2448 vero
1708 2397 1937 2462 quinque
1961 2394 2157 2442 instare
2174 2389 2274 2440 sibi
2292 2393 2512 2438 mortem

1449 2476 1680 2527 sentiens
1723 2471 1983 2535 Populum
2022 2469 2314 2519 Romanum
2355 2476 2513 2528 opum

1453 2567 1657 2603 suarum
1681 2549 1928 2614 regnique
1963 2543 2222 2594 haeredem
2246 2555 2514 2605 nuncupa-

1426 2634 1430 2643 ’
1454 2630 1550 2681 vit.
1587 2627 1740 2697 Quod
1763 2633 1821 2676 ut
1843 2622 2052 2688 accepit
2075 2620 2394 2670 Aristonicus
2413 2620 2516 2668 Eu-

1450 2706 1616 2757 menis
1650 2720 1716 2755 ex
1751 2702 1944 2768 pellice
1975 2698 2135 2760 filius,
2167 2696 2366 2760 regiam
2397 2695 2516 2746 stir-

1447 2798 1567 2849 pem
1601 2788 1892 2844 ostentans,
1928 2774 2227 2838 conscripto
2261 2771 2518 2834 exercitu,

1447 2860 1828 2922 Pergamenum
1864 2853 2074 2913 invasit,
2113 2852 2210 2900 ἃς.
2250 2847 2514 2912 principa-

1452 2944 1563 2989 tum
1588 2951 1650 2986 ac
1672 2931 2069 2985 dominationem
2097 2927 2238 2977 Asiae
2273 2923 2517 2986 obtinuit,

1451 3014 1628 3067 Crassi
1646 3028 1677 3062 a
1695 3010 1938 3063 Romanis
1954 3006 2096 3057 missi
2112 3004 2363 3054 Praetoris
2378 2999 2516 3052 frac-

1451 3092 1517 3141 tis
1540 3090 1731 3141 viribus
1755 3098 1811 3139 et
1836 3084 2169 3138 auctoritate.
2207 3079 2338 3130 Post
2358 3092 2518 3128 annos

1454 3182 1579 3219 vero
1603 3167 1716 3218 fere
1755 3173 1976 3232 quatuor
2011 3160 2307 3212 debellatus
2334 3171 2365 3207 a
2387 3156 2517 3207 Per-

1455 3258 1880 3313 penna,moxque
1898 3241 1964 3291 ab
1978 3237 2188 3304 Aquilio
2209 3234 2517 3288 Consulibus

1456 3324 1608 3388 plane
1651 3321 1915 3372 extinctus
1959 3323 2060 3365 est.
2141 3312 2385 3366 Justinus
2424 3310 2519 3360 lib.

1455 3413 1656 3449 xxxvr.
1681 3396 1776 3446 sub
1799 3394 1985 3444 finem:
2010 3397 2025 3420 ⁸
2045 3390 2108 3440 In
2133 3388 2257 3438 Asia
2281 3389 2396 3438 Rex
2419 3384 2519 3437 At-

1454 3475 1592 3526 talus
1629 3469 2051 3524 florentissimum
2090 3473 2145 3515 et
2186 3465 2251 3516 ab
2288 3465 2520 3514 Eumene

1456 3559 1646 3617 patruo
1691 3552 1966 3613 acceptum
2019 3556 2235 3608 regnum
2286 3539 2519 3590 caedibus

1456 3628 1693 3679 foedabat
1715 3662 1729 3679 .
1754 3660 1767 3676 .
1790 3661 1804 3676 .
1832 3658 1846 3675 .
1868 3621 2102 3676 morbum
2141 3633 2208 3667 ex
2242 3616 2378 3669 Solis
2416 3613 2521 3667 ser-

1458 3720 1584 3756 vore
1608 3702 1889 3764 contraxit,
1910 3708 1964 3748 et
1983 3696 2209 3765 septima
2231 3694 2316 3743 die
2341 3692 2523 3744 deces-

1458 3784 1544 3833 sit.
1610 3781 1781 3845 Hujus
1821 3773 2325 3828 testamentohaeres
2349 3770 2525 3835 Popn-
2603 3826 2608 3837 .

1457 3862 1538 3910 lus
1581 3858 1840 3912 Romanus
1881 3861 2003 3904 tuuc
2042 3848 2350 3903 instituitur.
2415 3846 2521 3898 Sed

1460 3944 1574 3990 erat
1596 3952 1661 3986 cx
1686 3936 1916 3985 Eumene
1946 3926 2273 3980 Aristonicus
2296 3938 2396 3973 non
2410 3923 2525 3988 jus·

1460 4025 1516 4069 to
1552 4012 1904 4072 matrimonio,
1932 4007 2026 4058 sed
2053 4021 2120 4057 ex
2143 4003 2331 4069 pellice
2353 4001 2526 4065 Ephe-

1461 4096 1541 4146 sia
1562 4090 1845 4142 citharistae
1869 4082 2138 4149 cujusdam
2162 4081 2270 4130 filia
2302 4079 2524 4144 genitus,

1462 4172 1551 4239 qui
1577 4175 1695 4234 post
1720 4171 1936 4215 mortem
1969 4159 2140 4210 Attali
2173 4157 2318 4206 velut
2354 4162 2527 4219 pater-

1461 4263 1585 4302 num
1604 4257 1819 4309 reguum
1836 4238 2012 4310 Asiam
2029 4231 2256 4298 invasit,'
2269 4236 2364 4282 διο.
2388 4230 2525 4279 vide

1463 4334 1521 4380 et
1544 4326 1684 4376 Flor.
1722 4334 1787 4374 11.
1809 4321 1891 4370 20.
1914 4315 2005 4368 ubi
2030 4313 2047 4343 ‘
2067 4307 2427 4375 Aristonicus,'
2445 4308 2525 4362 iu-
