3059 4909
957 413 1367 467 cARMmUM
1396 412 1568 462 ,ιι-Β.
1593 415 1665 461 ιι.
1709 397 1816 464 13.
1849 475 1859 482 ,
2352 396 2480 462 127

546 546 740 625 Tunc
771 578 898 625 nec
925 579 1114 625 mens
1142 558 1328 637 mihi,
1352 577 1477 622 nec
1509 556 1699 623 color
1911 609 1916 613 .
2436 557 2482 620 5

513 721 519 728 .
569 684 581 696 ·
634 661 833 728 Certa
861 663 1018 728 sede
1049 670 1315 741 manet}
1358 663 1589 727 humor
1617 661 1778 725 etin
1806 678 2009 745 genas

554 765 815 829 Furtim
844 765 1110 844 labitur,
1141 784 1422 849 arguens

639 866 862 946 Quam
891 868 1094 934 lentis
1123 870 1394 952 penitus
1423 887 1726 934 macerer
1769 867 2053 951 ignibus,
2097 920 2102 925 .

533 969 730 1047 Uror,
764 990 885 1034 seu
918 972 1047 1035 tibi
1074 970 1408 1036 candidos

633 1071 1018 1155 Turparunt
1041 1072 1352 1139 humeros
1377 1072 1755 1139 immodicae
1784 1092 1971 1139 mero
2400 1073 2486 1138 lo

295 1279 428 1339 nati,
448 1295 600 1343 neque
621 1283 751 1330 color
770 1287 902 1331 statu
906 1283 1056 1345 firmo
1077 1286 1276 1330 constat.
1348 1278 1464 1328 nam
1480 1279 1625 1330 etiam
1644 1281 1870 1344 lacryma
1879 1281 2000 1329 clam
2018 1277 2304 1327 decidentia
2317 1276 2485 1333 malas,

289 1344 624 1406 patefacientes
643 1352 871 1409 quantum
892 1347 1022 1396 inlus
1053 1347 1271 1396 absumar
1282 1344 1497 1408 flammia
1514 1347 1725 1397 secretis.
1795 1345 2080 1410 Effer-vesco,
2101 1345 2200 1392 sive
2222 1340 2396 1402 jurgia
2418 1353 2482 1388 ex

293 1407 399 1458 vino
418 1411 730 1461 inmoderata
750 1411 1075 1472 deformarent
1107 1412 1239 1460 albot
1256 1410 1347 1460 tibi
1373 1411 1589 1475 scapulas
1605 1427 1622 1458 .·
1652 1412 1754 1460 sice
1770 1411 1966 1473 juvenis
1980 1408 2220 1458 insaniens
2239 1418 2486 1456 memorem

1209 1557 1574 1578 ”MOOOONO

299 1653 625 1718 improbante
658 1656 1052 1720 Rutgersio.—-5
1091 1656 1211 1708 Tum
1246 1675 1333 1708 nec
1366 1673 1498 1709 mem
1535 1658 1755 1709 Mentel.
1779 1658 1917 1722 Lipa.
1940 1662 1989 1706 4.
2024 1664 2080 1706 et
2118 1654 2231 1704 An.
2260 1657 2308 1703 1.
2361 1654 2492 1701 calor

299 1720 435 1770 Flor.
461 1724 609 1770 1482.
632 1721 683 1770 in
703 1722 981 1786 textn,‘sed
1018 1722 1070 1770 in
1105 1724 1326 1772 Laudini
1366 1731 1648 1774 comment.
1681 1725 1922 1772 colom—6
1955 1722 2061 1771 Pro
2092 1724 2268 1780 manet,
2299 1721 2492 1766 mnam

295 1783 489 1834 habent
514 1786 661 1834 Harl.
685 1791 730 1834 l.
754 1790 804 1836 2.
829 1791 879 1835 3.
902 1791 952 1835 4.
975 1791 1024 1835 6.
1048 1787 1219 1836 Pulm.
1245 1793 1292 1837 1.
1313 1792 1365 1837 4.
1385 1787 1634 1839 Januoct.
1660 1790 1880 1850 Franeq.
1903 1787 2006 1835 duo
2028 1786 2175 1834 Vatt.
2202 1790 2258 1833 et
2276 1784 2490 1832 Tot-nes.

294 1863 376 1912 ap.
401 1849 584 1899 Lamb.
608 1865 786 1900 omnes
810 1851 1006 1913 Cruqu.
1026 1850 1162 1901 Altt.
1187 1855 1393 1901 Veneta
1417 1857 1564 1902 1492.
1589 1853 1805 1902 Locher.
1822 1851 1947 1901 Asc.
1964 1859 2016 1899 et
2037 1851 2113 1898 sic
2129 1850 2283 1898 Torr.
2305 1847 2491 1896 Heius.

295 1913 475 1975 Steph-
491 1923 547 1964 et
569 1915 698 1965 Fab.
764 1916 868 1966 Sed
890 1921 1049 1965 manet
1073 1925 1181 1965 tres
1203 1918 1349 1967 Vatt.
1374 1915 1494 1964 Urs.
1517 1918 1672 1965 Farn.
1693 1933 1777 1979 ap.
1803 1917 1979 1966 Lamb.
2002 1915 2173 1962 Pulm.
2188 1917 2238 1962 2.
2260 1916 2307 1961 3.
2341 1911 2489 1959 Harl·

296 1983 343 2027 ⁵.
376 1979 843 2043 Μεηῐε1.,ρ1ιιι·ἱωί
885 1981 1086 2030 Ber-sm.
1128 1981 1276 2031 Gott.
1305 1981 1507 2031 Venet.
1548 1985 1694 2031 1477.
1716 1984 1861 2030 1478.
1883 1987 1939 2028 et
1974 1983 2118 2029 159⁰.
2154 1979 2292 2027 Flor.
2332 1976 2492 2036 Rntg.

300 2043 476 2093 Bentl.
500 2045 657 2094 Baxt.
679 2046 810 2094 Cnn.
838 2044 920 2095 Cf.
942 2058 1030 2094 ιιι.
1052 2044 1159 2094 Od.
1185 2050 1263 2094 10.
1289 2050 1368 2095 13.

1439 2048 1507 2095 Et
1540 2045 1702 2095 Paeon
1740 2044 1935 2109 primus
1971 2058 2065 2105 pro
2101 2039 2408 2093 choriambo
2441 2038 2497 2086 in

296 2107 509 2157 Cae'snra
531 2124 630 2158 non
654 2111 898 2169 insolens,
937 2117 995 2158 ut
1014 2124 1074 2158 ιι.
1099 2109 1204 2160 od.
1230 2114 1308 2160 13.
1332 2115 1411 2160 16.
1443 2112 1588 2159 sudor
1627 2126 1717 2173 pro
1750 2111 1915 2159 humor
1947 2108 2081 2172 conj.
2112 2107 2268 2155 with.
2300 2104 2495 2167 impro-

296 2172 454 2223 bante
476 2173 719 2224 hah—8
756 2174 908 2228 Quam
930 2175 1119 2238 penitus
1140 2177 1280 2225 lentis
1302 2176 1516 2224 Locher.
1562 2190 1826 2224 concremer
1839 2174 2030 2236 ignibus
2050 2180 2156 2222 vet.
2179 2169 2349 2220 Scliol.
2382 2180 2496 2217 urar

296 2239 356 2287 ab
384 2238 595 2302 ignibus.
669 2239 812 2302 Uror,
830 2242 914 2302 esc.
934 2239 1142 2305 quidam
1163 2256 1247 2305 ap.
1271 2241 1613 2292 Febrim—lo
1646 2241 1799 2291 Harl.
1820 2244 1869 2289 1.
1909 2238 2330 2290 fleverunt—13
2349 2232 2497 2285 Harl.

1282 2403 1328 2454 N
1338 2403 1497 2455 01*AE

363 2504 393 2548 5
433 2497 564 2547 Tunc
583 2512 670 2549 nec
687 2512 816 2548 mens
835 2498 968 2554 milui,
989 2513 1072 2548 nec
1090 2501 1234 2555 color,
1248 2499 1358 2569 ξφ]

300 2576 471 2626 Variis
494 2589 550 2624 se
572 2575 1047 2639 perturbationibus
1075 2576 1261 2640 agitari
1284 2576 1359 2624 in-

300 2652 460 2711 dicat,
497 2652 713 2716 pudore,
755 2654 960 2713 timore,
987 2654 1083 2704 ira.
1150 2652 1358 2718 Oppor-

298 2736 425 2795 tune
449 2729 683 2779 Macrob.
710 2743 811 2778 vu.
837 2735 918 2779 11.
952 2730 968 2757 ‘
988 2731 1208 2786 Natura,
1243 2744 1360 2779 cum

296 2804 418 2870 quid
444 2805 491 2854 ei
526 2805 754 2854 occurrit
778 2805 993 2854 honesto
1018 2805 1212 2869 pudore
1247 2805 1360 2868 dig-

298 2896 440 2944 num,
465 2881 619 2930 imum
643 2881 869 2945 petendo
895 2888 1133 2944 penetrat
1155 2880 1359 2945 sangui-

294 2971 431 3020 nem,
467 2972 567 3021 quo
597 2965 855 3006 commoto
886 2965 1043 3022 atque
1067 2955 1251 3007 diffuso
1275 2973 1361 3007 cn·

298 3034 364 3083 tis
404 3034 648 3098 tingitur,
686 3034 909 3099 indeque
944 3032 1174 3083 nascitur
1204 3033 1362 3083 rubor

300 3140 314 3156 .
332 3143 346 3159 .
364 3141 379 3156 .
396 3145 410 3161 .
427 3109 669 3174 gaudium
713 3109 1035 3159 extrinsecus
1085 3110 1359 3173 contingit.

300 3183 386 3234 Ad
409 3186 507 3234 hoc
539 3184 766 3235 animoso
807 3193 996 3235 natura
1027 3200 1241 3235 occursu
1264 3185 1362 3235 fes·

303 3263 456 3321 tinat,
477 3276 629 3327 qnam
655 3263 863 3325 sanguis
885 3263 1200 3325 comitando,
1222 3263 1364 3325 quasi

305 3338 574 3388 alacritate
598 3338 916 3402 integritatis
945 3353 1050 3387 suae
1075 3348 1364 3403 compotem

303 3415 461 3480 tingit
495 3425 706 3478 cutem;
761 3422 816 3466 et
852 3417 974 3465 inde
1012 3416 1193 3465 similis
1227 3417 1366 3465 color

300 3493 565 3556 nascitur„
615 3493 828 3558 Contra,
853 3494 941 3558 qui
976 3499 1231 3555 metuunt,
1256 3494 1366 3557 pal-

304 3569 523 3619 lescunt.
592 3568 796 3619 Natura
830 3570 988 3632 enim,
1011 3585 1126 3618 cum
1153 3569 1276 3634 quid
1299 3568 1366 3619 de

306 3645 629 3694 extrinsecus
683 3645 1106 3708 contingentibus
1162 3645 1365 3703 metuit,

307 3722 356 3769 in
381 3723 543 3771 altum
585 3726 694 3770 tota
731 3720 1070 3784 demergitur,
1105 3720 1242 3770 sicut
1274 3736 1366 3770 nos

303 3812 508 3863 quoque
544 3812 660 3846 cnm
702 3797 939 3864 timemus
972 3797 1204 3847 latebras
1231 3813 1367 3860 quoe-

309 3874 479 3924 rimus.
547 3873 636 3922 Sic
666 3879 851 3922 natura
877 3880 990 3923 tota
1032 3873 1370 3934 descendens,

307 3957 361 3999 ut
405 3953 590 4014 lateat,
641 3949 796 3998 trabit
838 3964 1011 3999 secum
1055 3948 1368 4010 sanguinem.

310 4025 426 4075 Hoc
464 4040 588 4074 vero
636 4023 894 4086 demerso,
928 4026 1109 4073 humor
1157 4022 1370 4072 dilutior

314 4101 421 4150 cuti
446 4108 698 4162 remanet,
718 4108 773 4150 et
810 4101 929 4151 inde
968 4100 1241 4164 pallescit,’
1269 4103 1369 4150 &c.

373 4182 403 4227 7
439 4177 632 4228 Furtim
653 4177 852 4242 labitur]
886 4177 1062 4228 Invito
1087 4177 1208 4226 mihi
1231 4178 1371 4226 exci-

313 4250 442 4306 dunt
472 4256 739 4322 lacrymae,
764 4261 982 4321 propter
1011 4253 1116 4305 vim
1137 4252 1371 4318 indigna-

1442 2499 1598 2549 tionis
1621 2506 1677 2549 et
1705 2470 1997 2563 zelotypiae.
2064 2497 2215 2546 Hanc
2248 2491 2502 2544 describit

1440 2575 1637 2624 Tullius
1655 2575 1863 2624 Tusenl.
1899 2588 1976 2623 ιν.
2005 2588 2057 2623 n.
2090 2577 2172 2622 28.
2204 2571 2221 2598 ‘
2239 2571 2501 2633 aegritudi-

1408 2661 1561 2700 ‘nem
1595 2665 1660 2699 ex
1701 2665 1764 2699 eo
1801 2650 1938 2715 quod
1971 2650 2105 2699 alter
2145 2645 2378 2713 potiatur
2416 2661 2499 2709 eu,

1439 2725 1577 2790 quod
1598 2725 1708 2789 ipse
1731 2723 2092 2788 concupierit.’

1503 2807 1537 2852 9
1577 2803 1722 2858 Uror,
1743 2816 1826 2851 seu
1854 2800 1944 2851 tibi
1976 2801 2218 2855 candidos,
2238 2797 2346 2862 &ct-J
2393 2796 2501 2846 Do·

1440 2881 1548 2930 lore
1572 2880 1717 2944 gravi
1750 2877 1964 2942 afficior,
1995 2892 2110 2927 cum
2135 2876 2284 2926 video
2308 2882 2360 2925 te
2383 2873 2507 2922 mihi

1443 2958 1731 3007 adamatam
1775 2956 1956 3005 vexari
2002 2954 2304 3016 crudeliter,
2349 2958 2505 3015 atque

1443 3033 1631 3083 ictibus
1654 3033 1837 3084 laniari
1872 3032 1937 3082 ab
1966 3031 2162 3095 juvene
2198 3027 2506 3088 temulento,

1445 3117 1498 3158 et
1522 3118 1641 3173 post
1674 3117 1884 3172 epotum
1919 3107 2091 3156 vinum
2129 3104 2359 3169 petulco,
2394 3103 2504 3153 sine

1444 3187 1597 3236 modo
1620 3186 1923 3242 lascivienti,
1942 3184 2130 3235 rustice
2138 3183 2395 3247 jurganti,
2413 3182 2506 3230 im-

1445 3277 1529 3311 mo
1569 3263 1697 3311 dure
1739 3277 1800 3311 ac
1844 3261 2066 3311 barbare
2102 3270 2157 3310 te
2192 3259 2506 3309 molliculam

1448 3339 1715 3387 tractanti.
1783 3337 2029 3387 Horatius
2072 3349 2260 3398 nempe
2305 3342 2365 3384 ut
2407 3334 2506 3397 Ly·

1447 3415 1581 3464 diam
1617 3415 1969 3477 demereatur,
1995 3428 2139 3462 suum
2178 3413 2227 3461 ei
2269 3419 2507 3460 tenerum

1422 3491 1664 3556 ‘exponit
1694 3506 1938 3547 amorem,
1972 3490 2059 3554 qui
2096 3490 2208 3553 ejus
2246 3489 2508 3538 cruciatus

1448 3571 1754 3634 persentiat,
1798 3569 2048 3633 illumque
2092 3566 2309 3630 opponit
2352 3578 2507 3612 saevae

1446 3647 1626 3695 rivalis
1659 3645 1881 3706 libidini,
1918 3659 2053 3708 quae,
2090 3651 2149 3690 ut
2183 3655 2238 3688 se
2279 3639 2512 3702 expleat,

1447 3721 1627 3769 amicae
1646 3720 1782 3768 haud
1802 3719 1972 3782 parcit
1993 3734 2005 3765 :
2030 3719 2210 3779 sicque
2224 3713 2509 3778 Telephum

1447 3798 1499 3846 in
1522 3796 1770 3845 invidiam
1794 3794 2054 3842 adducere
2077 3797 2313 3839 conatur.
2368 3788 2510 3837 Hinc

1450 3881 1506 3922 et
1563 3872 1784 3937 maligne
1832 3869 2211 3932 interpretatur
2263 3878 2514 3914 comessa-

1450 3948 1619 3998 tiones
1665 3947 1801 4009 illas,
1842 3959 1940 3994 nec
1986 3959 2087 3993 non
2142 3941 2511 3997 morsiunculas

1453 4024 1762 4085 amatorias;
1819 4037 1880 4071 ac
1938 4023 2081 4070 velut
2138 4018 2278 4068 diras
2331 4019 2511 4083 plagas

1452 4108 1732 4164 trucesque
1755 4114 1817 4148 ac
1840 4098 2092 4148 belluinos
2114 4110 2309 4147 morsus
2333 4095 2511 4144 tradu-

1451 4177 1543 4238 cit,
1565 4182 1623 4224 ut
1647 4174 1860 4238 Lydiam
1885 4189 1915 4223 a
1940 4174 2166 4240 Telepho
2189 4184 2510 4238 quacumque

1448 4244 1651 4308 ratione
1672 4251 1955 4305 abstrahat.
