3059 4909
1232 403 1321 487 Ὠ.
1378 423 1694 474 Ηοιιᾼτιι
1748 421 2010 472 rusum
2041 441 2058 462 ι

878 534 1100 634 Thure
1129 525 1213 633 το)
1223 535 1442 633 111111ῐεῖ
1456 525 1776 733 &lynci-42
1810 566 1853 630 d
1893 532 2115 631 c6ram

1392 659 1455 734 ‘T
1488 645 1710 734 {nsfer
1738 670 1804 732 in
1893 668 2068 732 dem.

888 771 1213 837 Fervidus
1241 780 1460 837 tecum
1494 772 1702 850 Puer,
1732 780 1798 836 ct
1828 771 2068 840 solutis
2449 791 2460 798 ·
2687 765 2731 831 5

543 951 645 997 tam
669 947 888 1013 Glycerae
905 907 1143 1010 sacellum,
1164 952 1213 998 te
1227 948 1433 1012 plurimo
1450 947 1588 997 thure
1603 946 1872 1000 invitantis.
1948 948 2151 999 Veniant
2188 952 2339 998 uentu
2361 938 2598 1011 flagrans
2611 950 2723 994 tm

1451 1075 1816 1097 COOOOOOOOOOO

548 1186 775 1225 xxxvn.
812 1179 892 1224 60.
929 1190 980 1239 p.
1015 1180 1126 1226 185.
1164 1182 1219 1225 et
1239 1177 1357 1226 VV.
1383 1178 1505 1227 ΠΙ).
1545 1177 1610 1227 ad
1648 1177 1793 1240 Vir-g.
1821 1179 2276 1228 AEn.111.115.-3
2315 1175 2471 1225 Thure
2503 1172 2651 1223 multo
2682 1175 2731 1218 te

549 1237 754 1289 emend.
776 1240 856 1288 vir
877 1239 1083 1305 quidam
1108 1241 1288 1291 doctus
1312 1255 1397 1305 ap.
1422 1241 1645 1306 Cuuing.
1680 1243 1792 1307 ipse
1811 1253 1936 1292 vero
1958 1242 2178 1307 Cuuiug.
2237 1240 2411 1302 Thur-e,
2432 1244 2480 1289 te
2514 1238 2732 1296 multum,

1520 1357 1570 1406 N
1577 1356 1738 1407 0⁹1·AE

545 1447 643 1498 tibi
665 1448 791 1498 licet
812 1455 893 1499 tot
913 1450 1201 1501 nominibus
1216 1451 1444 1514 dilecta»,
1464 1468 1598 1517 prse-

544 1523 627 1573 fer
663 1531 856 1587 tamen,
891 1526 1125 1590 obsecro,
1159 1528 1397 1591 Glyceroe
1435 1531 1597 1578 sacel-

545 1601 668 1651 lum.
733 1602 977 1653 Quamvis
996 1604 1132 1653 enim
1158 1610 1237 1653 tot
1259 1619 1432 1655 sacras
1455 1607 1596 1656 aedes

543 1676 653 1727 illic
684 1676 890 1738 habeas,
924 1679 1264 1744 universaque
1304 1682 1468 1731 insula
1502 1683 1597 1732 tibi

544 1753 737 1804 devota
769 1755 873 1815 sit;
909 1762 964 1804 at
997 1756 1134 1819 apud
1173 1757 1450 1821 Glyceram
1474 1774 1596 1822 quo-

544 1843 646 1894 que
668 1828 960 1888 dominaris,
992 1845 1278 1897 novamque
1313 1829 1602 1897 possidebis

545 1904 730 1962 sedem,
751 1920 899 1970 quam
922 1920 1105 1971 magna
1116 1922 1261 1971 cura,
1276 1923 1471 1962 summo
1491 1917 1597 1964 stu-

547 1979 635 2030 dio
656 1983 948 2045 exornavit,
967 1989 1023 2032 et
1056 1984 1152 2033 tibi
1182 1986 1400 2048 paravit.
1467 1987 1601 2038 Illuc

545 2056 755 2119 insuper
777 2057 922 2110 thure
947 2064 1000 2107 te
1014 2059 1232 2122 plurimo
1254 2061 1460 2114 invitat.
1499 2065 1601 2114 Ve-

545 2132 598 2180 nl
620 2146 744 2197 ergo
765 2132 828 2181 ad
859 2132 970 2196 ejus
992 2136 1450 2189 consecrationem.
1515 2141 1602 2189 De

438 2249 441 2252 .
531 2202 722 2272 'Cypro
763 2209 951 2258 Strabo
990 2223 1108 2262 xiv,
1182 2212 1383 2262 Plinius
1427 2228 1480 2264 v·
1517 2220 1600 2267 sl.

546 2284 838 2348 ‘quondam
873 2279 945 2334 i'bi
978 2300 1164 2335 novem
1209 2302 1480 2350 regnorum
1520 2305 1602 2341 se-

547 2358 693 2408 dem’
724 2357 884 2409 fuisse
923 2362 1124 2412 scribit.
1190 2364 1328 2415 Vide
1360 2373 1416 2415 et
1446 2381 1603 2433 supra

555 2432 659 2484 Od.
681 2449 767 2484 ιιι.
790 2436 919 2485 Not.

612 2514 642 2560 8
679 2511 835 2561 Thur-e
853 2516 904 2562 te
923 2511 1093 2575 multo]
1125 2514 1362 2564 Floribus
1386 2516 1520 2566 enim
1544 2524 1600 2567 et

547 2587 715 2643 thure,
738 2588 908 2651 potius
944 2604 1095 2654 quam
1128 2592 1373 2653 victimis,
1407 2593 1600 2657 placari

547 2662 727 2713 Venus
748 2671 803 2713 et
826 2666 924 2715 coli
948 2667 1171 2717 amabat.
1235 2668 1382 2731 Virg.
1398 2669 1601 2719 AEueid.

545 2749 587 2788 1.
609 2743 722 2790 419.
756 2747 771 2769 ‘
790 2740 916 2803 Ipsa
949 2742 1184 2805 Paphum
1216 2741 1445 2792 sublimis
1475 2744 1602 2808 adit,

545 2815 799 2881 sedesque
824 2818 1004 2867 revisit
1037 2819 1185 2867 Laeta
1204 2833 1338 2876 suas,
1361 2820 1446 2868 ubi
1471 2829 1601 2870 tem-

545 2893 687 2957 plum
729 2895 822 2958 illi,
855 2903 1170 2959 centumque
1209 2896 1393 2945 Sabaeo
1433 2897 1601 2948 Thure

547 2971 719 3020 calent
747 2985 868 3028 arae,
891 2972 1150 3036 sertisque
1185 2973 1478 3022 recentibus
1511 2976 1601 3024 ha-

544 3046 695 3097 lant?
746 3048 880 3097 Vide
903 3049 1034 3098 Not.
1055 3050 1119 3098 ad
1143 3050 1247 3100 0d.
1272 3064 1394 3101 xtx.
1418 3067 1491 3101 vs.
1507 3054 1603 3103 ult.

611 3128 643 3173 4
674 3123 928 3191 Transfer]
958 3127 1176 3191 Propria
1196 3142 1318 3190 vox,
1352 3135 1406 3178 et
1439 3131 1603 3180 solen·

546 3200 648 3258 nis,
673 3215 700 3250 e
729 3202 857 3253 Jure
885 3202 1158 3253 Pontificio
1194 3205 1463 3267 accersita,
1483 3221 1600 3256 cum

547 3275 689 3325 tedes
712 3285 963 3328 sacratur.
1017 3278 1088 3327 At
1106 3287 1309 3340 contra,
1327 3295 1440 3329 cum
1459 3281 1601 3331 locus

546 3366 577 3401 e
617 3366 765 3401 sacro
804 3353 1034 3415 privatus
1075 3353 1326 3418 redditur,
1361 3359 1599 3407 ‘evocari

547 3442 693 3477 sacra
711 3428 726 3451 ’
760 3429 1016 3481 dicuntur.
1081 3431 1219 3480 Plin.
1243 3433 1411 3496 Epist.
1437 3447 1494 3483 x.
1516 3438 1598 3484 58.

547 3504 775 3568 Trajano
802 3503 997 3557 Pontif.
1020 3507 1164 3556 Max.
1195 3507 1270 3556 sic
1292 3508 1397 3558 ait:
1433 3516 1449 3539 ‘
1467 3510 1599 3559 Cum

546 3589 832 3646 quaererem
845 3579 975 3631 'num
997 3589 1137 3632 esset
1167 3584 1340 3646 aliqua
1362 3582 1446 3631 lex
1471 3590 1600 3633 tem-

546 3659 637 3722 plo
678 3657 842 3722 dicta,
881 3659 1097 3722 cognovi
1142 3660 1296 3708 alium
1341 3673 1457 3708 esse
1494 3660 1598 3723 bic,

546 3734 701 3783 alium
741 3734 876 3797 apud
912 3749 1004 3782 nos
1037 3748 1230 3783 morem
1251 3732 1597 3784 dedicationis

549 3810 878 3872 ...Despice
914 3824 1038 3872 ergo
1072 3810 1313 3871 Domine,
1342 3823 1406 3858 an
1442 3819 1598 3873 putes

545 3884 708 3935 aedem
732 3886 872 3934 salva
896 3885 1144 3948 religione
1172 3900 1323 3949 posse
1356 3888 1598 3937 transfer-

548 3959 632 4022 ri,'
676 3963 774 4010 ὅτε.
841 3961 980 4011 Vide
1021 3968 1077 4010 et
1117 3962 1283 4025 Epist.
1318 3966 1402 4013 ¹73.
1434 3971 1489 4013 et
1517 3969 1599 4014 ⁷4.

547 4035 779 4099 ejusdem
799 4035 936 4084 libri.
1193 4061 1201 4076 .

614 4117 643 4159 5
681 4111 914 4160 Fer-vidus
933 4114 1084 4159 tecum
1101 4110 1251 4174 Puer]
1287 4111 1479 4162 Solitns
1496 4113 1602 4165 Ve-

547 4186 686 4234 neris
730 4184 1003 4234 comitatus
1047 4184 1246 4248 pariter
1278 4187 1343 4236 ab
1378 4189 1601 4240 Horatio

546 4260 835 4322 invocatur,
856 4266 1011 4325 atque
1032 4261 1084 4310 in
1106 4260 1404 4314 dedicatum
1424 4278 1453 4314 a
1472 4265 1601 4331 Gly-

1678 1469 1802 1505 cera
1818 1453 2060 1504 sacellum
2076 1451 2325 1501 invitatur
2342 1467 2358 1511 ;
2394 1448 2630 1515 inprimis
2646 1462 2733 1496 au-

1678 1536 1782 1580 tem
1828 1530 2032 1593 Cupido
2082 1527 2216 1578 filius
2269 1528 2393 1591 ejus.
2482 1523 2734 1584 Fervida,

1679 1608 1797 1670 quia
1829 1604 2111 1671 πυροφόρος,
2129 1613 2184 1655 et
2205 1602 2375 1653 facem
2409 1607 2603 1665 gestat,
2630 1613 2728 1663 qua

1677 1681 1937 1732 indicatur
1970 1693 2052 1746 ea,
2084 1695 2185 1746 qua
2222 1680 2405 1743 pollet,
2437 1676 2510 1725 vis
2548 1688 2730 1725 accen-

1678 1756 1834 1806 dendi
1857 1757 2050 1805 animos
2079 1762 2134 1805 et
2167 1768 2342 1804 amore
2365 1750 2732 1822 inflammandi.

1679 1832 1810 1882 Puer
1829 1847 1953 1883 vero
1975 1832 2186 1891 dicitur,
2202 1840 2259 1881 ut
2275 1827 2594 1892 significetur
2609 1825 2732 1874 stul·

1680 1914 1805 1959 taet
1819 1909 2033 1974 puerilis
2053 1907 2439 1964 libidinosorum
2456 1901 2733 1969 cupiditas,

1682 1999 1745 2034 eo
1778 1985 1950 2035 studio
1976 1983 2159 2048 ‚turpia
2180 1978 2609 2039 consectantium,
2630 1991 2730 2042 quo

1683 2061 1829 2124 pueri
1850 2062 2021 2110 solent
2046 2057 2347 2122 crepundia.

1746 2135 1929 2186 Salutis
1964 2136 2154 2185 Gratia
2187 2134 2341 2197 zonis]
2390 2131 2529 2181 Plin.
2553 2144 2731 2181 xxxv.

1683 2217 1763 2262 11.
1795 2213 1873 2262 ‘A
1900 2207 2192 2279 Nicearcbo
2227 2212 2366 2274 picta
2388 2210 2564 2258 Venus
2597 2208 2731 2255 inter

1682 2290 1895 2341 Gratias
1917 2296 1972 2340 et
1995 2287 2301 2354 Cupidinem
2332 2287 2425 2351 (al.
2448 2281 2730 2350 Cupidines)

1681 2366 2014 2417 celebratur.'
2096 2365 2251 2428 Apul.
2305 2363 2395 2413 lib.
2436 2375 2516 2413 xi.
2561 2376 2613 2424 p.
2648 2364 2729 2424 4⁴¹.-

1680 2442 1699 2470 ‘
1722 2444 1893 2493 Venus
1931 2443 2066 2492 omui
2103 2441 2401 2492 Gratiarum
2440 2437 2598 2488 choro
2641 2436 2732 2485 sti·

1680 2519 1839 2583 pata!
1907 2519 2125 2569 Hesibd.
2149 2519 2200 2567 iu
2218 2518 2445 2577 Theogn.
2470 2513 2731 2564 tres-Cha·

1673 2596 1807 2646 rites
1822 2596 2052 2647 nominat
2066 2595 2321 2659 Aglaum,
2341 2593 2732 2657 Euphrosynen,

1680 2673 1906 2723 Thaliam
1920 2689 1935 2722 ε
1972 2673 2170 2737 pariter
2183 2678 2239 2720 et
2253 2669 2514 2719 Pindarus
2522 2667 2731 2731 Olymp.

1684 2747 1802 2798 Ode
1843 2748 2041 2805 ultima,
2075 2747 2160 2797 ubi
2203 2753 2256 2795 et
2297 2746 2371 2795 ait
2387 2761 2404 2814 :-
2455 2747 2472 2773 ‘
2491 2743 2599 2792 Per
2640 2756 2728 2793 eas

1681 2826 1848 2875 omnia
1869 2824 2175 2874 mortalibus
2197 2822 2307 2872 fieri
2331 2820 2525 2882 dulcia,
2549 2819 2592 2867 si
2619 2818 2730 2882 quis

1681 2900 1761 2950 vir
1796 2900 2020 2965 sapiens,
2059 2900 2100 2948 si
2147 2899 2376 2962 pulcher,
2419 2896 2464 2946 si
2503 2894 2729 2959 splendi-

1679 2977 1809 3028 dus:
1846 2977 1939 3027 sed
1961 2977 2212 3026 necDeos
2233 2975 2343 3023 sine
2360 2971 2656 3023 Charitibus
2679 2970 2728 3019 iu

1681 3055 1825 3104 0210
1845 3056 2114 3119 quicquam
2136 3052 2321 3101 moliri.
2353 3048 2544 3117 min-rm
2571 3045 2732 3109 ταμίαι

1680 3129 1833 3195 ἔργων
1852 3131 1903 3180 ἐν
1921 3131 2123 3195 οὔρανφῖ,
2145 3129 2369 3179 omnium
2401 3124 2733 3190 dispensatri-

1680 3219 1768 3258 ces
1791 3208 1842 3257 in
1867 3207 1998 3256 coelo
2020 3201 2272 3267 operum!
2320 3203 2520 3251 Seneca
2539 3200 2608 3249 de
2633 3201 2733 3248 Be-

1678 3282 1831 3332 netic..
1855 3296 1895 3331 1.
1915 3284 1962 3331 3.
1981 3280 2184 3330 ·‘Nune
2221 3279 2386 3328 dicam
2428 3290 2587 3342 quare
2626 3285 2732 3324 tres

1681 3358 2067 3423 Gratiae‚quare
2083 3370 2306 3417 sorores,
2316 3366 2475 3420 quare
2492 3352 2732 3416 implexis

1679 3434 1934 3498 manibus,
1954 3446 2113 3498 quare
2138 3431 2387 3493 ridentes,
2404 3430 2645 3494 juvenes,
2679 3435 2734 3477 et

1680 3511 1924 3576 virgines,
1945 3510 2212 3573 solutaque
2241 3522 2303 3556 ac
2339 3504 2602 3570 pellucida
2623 3519 2731 3554 ves-

1682 3588 1772 3637 te.'
1835 3590 1905 3638 Et
1944 3587 2096 3650 paulo
2134 3592 2283 3648 posta
2323 3586 2339 3612 ‘
2365 3582 2623 3633 Hesiodus
2663 3580 2733 3629 A·
2766 3595 2773 3602 ·

1678 3663 1866 3727 glaiam
1921 3662 2192 3711 maximam
2246 3667 2374 3709 natu
2428 3655 2733 3722 appellavit,

1673 3739 1897 3788 mediam
1931 3738 2321 3801 Euphrosynen,
2362 3734 2570 3784 tertiam
2602 3734 2735 3782 Tha·

1678 3814 1820 3862 liam.
1884 3814 2142 3862 Homerus
2162 3825 2343 3860 nomen
2375 3810 2462 3859 uni
2497 3810 2732 3868 mutavit,

1680 3887 1976 3938 Pasitheam
2007 3887 2294 3951 appellavit
2330 3885 2545 3951 (nempe
2577 3883 2730 3934 Iliad.

1680 3964 1775 4029 Ε.).
1837 3963 2129 4013 Mercurius
2172 3973 2276 4011 una
2305 3960 2447 4011 stat.’
2532 3957 2730 4011 Gratim

1679 4054 1835 4104 porro
1870 4039 2039 4089 solutis
2068 4037 2197 4086 zonis
2233 4037 2516 4100 pinguntur
2539 4050 2600 4085 ac
2622 4036 2732 4097 pel-

1678 4115 1865 4166 lucidis
1887 4114 2132 4174 vestibus,
2144 4113 2265 4177 quia
2281 4113 2561 4161 amicorum
2578 4111 2728 4160 animi

1682 4191 1778 4241 sibi
1801 4191 2018 4241 invicem
2042 4190 2237 4239 debent
2271 4201 2387 4237 esse
2410 4187 2727 4252 apertissimi

1684 4265 1824 4338 fuco,
1844 4266 1957 4316 sine
1978 4262 2292 4329 ambagibus.
