3059 4909
1008 374 1108 425 nn
1153 375 1438 426 Murrus
1484 376 1830 431 nonum
2319 374 2324 380 ·
2424 358 2535 425 1¹3·

326 521 493 583 Tertii
525 519 761 601 generis
791 520 945 582 Odae
980 524 1078 583 12.

402 617 529 679 Lib.
562 638 612 679 1.
642 617 776 679 Ode
859 621 915 678 3.
950 618 1059 679 ,Sic
1087 628 1145 702 te
1163 620 1329 679 Diva
1355 628 1568 699 potens
1598 617 1798 698 Cypri.

828 718 921 775 13.
965 714 1117 775 Cum
1145 725 1233 788 tu,
1262 715 1467 796 Lydia,
1493 714 1759 795 Telephi.

828 813 925 871 19.
967 811 1160 874 Mater
1189 820 1352 873 soeva
1375 810 1760 892 Cupidinum.

780 919 787 924 ’
825 911 924 970 36.
969 910 1046 969 Et
1074 910 1243 970 thure
1270 919 1332 970 et
1357 908 1576 971 fidibus
1596 909 1786 988 juvat.

503 1024 645 1067 111..
859 1007 919 1067 9.
962 1006 1170 1069 Donec
1198 1017 1404 1087 gratus
1433 1026 1593 1068 eram
1623 1007 1747 1067 tibi.

825 1104 917 1163 15.
964 1103 1124 1164 Uxor
1151 1105 1425 1186 pauperis
1456 1105 1643 1184 Ibyci.

827 1200 922 1260 19.
965 1200 1267 1269 Quantum
1297 1200 1481 1261 distat
1506 1202 1582 1261 ab
1610 1200 1853 1262 Inacho.

820 1299 923 1358 24.
968 1297 1214 1359 Intactis
1243 1298 1597 1378 opulentior.

820 1394 919 1453 25.
963 1394 1098 1463 Quo
1127 1414 1242 1468 me,
1271 1394 1529 1469 Bacche,
1559 1394 1717 1475 rapis
1757 1393 1866 1455 tui.

827 1492 926 1550 28.
972 1492 1153 1554 Festo
1181 1492 1326 1573 quid
1356 1487 1555 1575 poti‘us
1596 1491 1717 1553 die.

525 1605 625 1647 ιν.
788 1638 820 1656 .,
870 1590 923 1647 l.
966 1589 1333 1662 Intermissa,
1361 1590 1590 1664 Venus,
1619 1587 1744 1649 diu.

868 1684 929 1743 3.·
970 1684 1161 1753 Quem
1189 1696 1277 1757 tu,
1304 1685 1703 1767 Melpomene,
1737 1685 1941 1746 semel.

405 1776 751 1845 QUARTUM
781 1795 1041 1840 onnus:
1084 1791 1151 1842 ut
1181 1801 1227 1842 1.
1259 1781 1378 1842 Od.
1420 1785 1479 1842 4.
1524 1802 1662 1861 quae
1706 1790 1801 1843 est
1842 1779 2088 1841 Dicolos
2131 1778 2511 1860 Distrophos.

331 1872 560 1946 Primus
602 1875 854 1955 quisque
895 1896 1097 1937 versus
1146 1887 1242 1937 est
1285 1877 1635 1959 Dactylicus
1679 1876 2090 1939 Archilochius
2132 1874 2517 1956 Heptameter

332 1972 708 2033 Acatalectus
732 1991 747 2032 t
785 1984 1066 2033 constans
1112 1994 1146 2033 e
1190 1984 1443 2053 quatuor
1490 1974 1690 2055 primis
1729 1972 1982 2054 pedibus
2029 1970 2365 2052 Spondoeis,
2419 1971 2515 2032 vel

327 2067 597 2148 Dactylis
625 2067 1042 2145 indifferenter,
1072 2072 1233 2132 utin
1262 2092 1435 2132 versu
1481 2071 1768 2133 Heroico:
1813 2068 2031 2129 deinde
2068 2088 2102 2129 e
2152 2069 2339 2129 tribus
2368 2068 2516 2127 Tro-

326 2164 529 2238 choeis,
557 2166 652 2226 vel
682 2166 982 2247 Spondoeo
1009 2168 1217 2230 ultimo
1240 2190 1257 2239 3
1307 2170 1393 2231 sic
1417 2190 1435 2230 t

324 2261 687 2315 Solvitur-w
708 2263 843 2314 acris
863 2264 933 2330 hy
947 2290 1066 2319 -υυ
1085 2281 1192 2317 ems
1207 2282 1395 2333 grs--
1426 2274 1481 2319 ta
1499 2268 1613 2319 vice
1631 2292 1748 2321 -υυ
1771 2268 1907 2319 veris
1923 2292 2000 2320 -υ
2033 2273 2090 2318 et
2106 2265 2183 2316 Fa
2197 2289 2274 2317 -υ
2310 2262 2518 2314 voni--

404 2357 719 2419 Secundus
746 2379 885 2422 vero
912 2363 1163 2443 quisque
1190 2377 1285 2426 est
1305 2365 1746 2439 Archilochius,
1772 2375 2056 2427 constans
2073 2384 2150 2424 ex
2176 2360 2518 2423 Pentbemi-

326 2456 467 2516 meri
494 2456 776 2529 Iambica,
806 2458 870 2518 id
889 2465 1120 2533 'est,'ex
1160 2461 1364 2521 lambo
1407 2460 1503 2522 vel
1554 2460 1876 2540 Spondoeo,
1926 2461 2152 2530 lambo,
2179 2468 2241 2518 et
2268 2456 2518 2539 syllaba.

329 2552 563 2614 Deinde
591 2573 624 2614 e
652 2554 837 2615 tribus
865 2555 1187 2630 Trochaeis‚
1215 2556 1311 2616 vel
1341 2554 1643 2636 Spondaeo
1670 2554 1921 2624 ultimo;
1972 2555 2091 2614 sic:

450 2666 786 2720 Trahuntu-
830 2683 931 2735 que
952 2669 1127 2723 sicu-
1158 2684 1248 2721 cas
1268 2697 1303 2708 -
1341 2668 1508 2720 machi
1549 2692 1632 2722 -υ
1663 2683 1746 2720 nae
1774 2683 1839 2719 ca
1856 2692 1940 2721 -υ
1977 2667 2115 2718 tinas
2135 2691 2214 2702 --·

888 2758 1014 2787 -υυ
1117 2756 1238 2788 ‘w
1355 2762 1435 2772 --
1521 2758 1639 2787 ·υυ
1734 2757 1811 2786 -υ
1845 2756 1919 2785 -υ
1982 2758 2062 2771 ··-

966 2823 1046 2851 υ-
1142 2824 1223 2853 v-
1306 2828 1342 2837 -
1427 2823 1504 2853 -υ
1587 2822 1671 2851 -υ
1801 2826 1877 2836 -·-

327 2876 536 2946 Quarti
563 2878 795 2957 generis
826 2878 960 2958 Ode
989 2900 1111 2940 una
1136 2900 1155 2941 t

405 2974 533 3034 Lib.
559 2993 609 3035 1.
639 2974 773 3035 Ode
801 2978 863 3035 4.
947 2976 1209 3038 Solvitur
1238 2979 1390 3059 acris
1411 2978 1622 3059 hyems
1650 2987 1818 3058 grata
1844 2975 1973 3037 vice
2000 2975 2152 3037 veris
2180 2983 2242 3034 et
2269 2971 2516 3033 Favoni·

405 3071 740 3140 Qum-rum
765 3090 1023 3133 onnus:
1061 3083 1130 3133 ut
1159 3093 1207 3133 1.
1236 3074 1355 3134 od.
1386 3076 1445 3134 5.
1473 3077 1612 3154 quae
1640 3082 1733 3134 est
1760 3073 2027 3133 Tricolos
2043 3067 2519 3147 Tetrastrophos.

327 3168 505 3229 Primi
532 3170 751 3248 quique
779 3169 900 3230 duo
930 3190 1137 3232 versus
1180 3181 1324 3231 sunt
1361 3169 1764 3280 Asclepiadei,
1808 3169 2003 3249 qualis
2031 3167 2165 3228 ille:
2215 3165 2517 3226 Maecenas

328 3266 514 3325 atavis
542 3265 700 3325 edite
725 3266 991 3345 regibus.
1073 3265 1455 3326 Scanduntur
1482 3266 1641 3325 enim
1670 3266 1793 3326 sic.

468 3377 646 3429 Quis
667 3379 775 3427 mul
797 3406 878 3416 --
900 3383 956 3426 ta
980 3376 1186 3441 gracilis
1208 3400 1363 3430 -w-
1407 3382 1461 3426 te
1485 3387 1619 3440 puer
1641 3376 1693 3424 in
1714 3399 1864 3429 -w-
1905 3389 2021 3425 rosa
2041 3398 2119 3427 υ-

515 3441 682 3493 Perfu
702 3470 781 3480 --
824 3457 909 3493 sus
929 3441 1142 3507 ltquidis
1162 3465 1318 3495 -w-
1360 3448 1517 3505 urget
1539 3440 1641 3492 odo
1663 3464 1813 3494 -w—
1855 3439 1996 3491 ribns
2012 3463 2100 3492 υυ

402 3540 634 3602 Tertius
691 3549 889 3601 autem
947 3540 1200 3620 quisque
1246 3549 1340 3600 est
1387 3538 1802 3600 Pherecratius
1876 3536 2169 3597 Heroicus
2234 3532 2519 3593 Trimeter

327 3638 744 3698 Acatalectus:
775 3646 1057 3699 constans
1086 3657 1119 3697 e
1149 3637 1471 3717 Spondaeo,
1502 3636 1787 3717 Dactylo,
1814 3644 1875 3695 et
1907 3631 2242 3713 Spondae03
2295 3629 2380 3689 sic
2400 3642 2423 3688 τ

841 3751 1009 3802 Grato
1028 3779 1063 3789 -
1078 3778 1110 3789 -
1147 3751 1353 3815 Pyrrha
1374 3750 1468 3801 sub
1489 3775 1609 3804 -υυ
1652 3756 1804 3799 antro
1825 3774 1907 3784 --

411 3849 675 3918 Quartus
701 3866 841 3909 vero
873 3848 1124 3929 quisque
1169 3859 1263 3907 est
1306 3846 1676 3928 Glyconius:
1728 3842 1919 3924 qualis
1958 3840 2092 3900 ille:
2150 3835 2248 3897 Sic
2276 3845 2336 3898 te
2362 3834 2519 3898 Diva

330 3953 537 4023 potens
568 3944 771 4025 Cypri.
853 3943 1173 4005 Scanditur
1193 3938 1351 4003 eniin
1378 3941 1493 4003 hoc
1517 3938 1732 4001 modo.

584 4056 681 4107 Cui
703 4054 771 4106 fla
795 4084 872 4098 --·
916 4072 1034 4108 vam
1056 4056 1415 4121 religas-w—
1452 4070 1654 4107 comam
1678 4078 1793 4122 υυ

925 4148 1005 4159 ·····
1069 4145 1222 4175 -υυ-
1282 4145 1436 4174 ὐν-
1497 4146 1575 4173 υ-

921 4214 1000 4225 --·
1062 4210 1219 4239 -υυ-
1281 4210 1438 4240 -υυ-
1497 4210 1588 4238 uu

1059 4279 1134 4290 ..-
1197 4275 1319 4304 -uu
1382 4278 1458 4289 ....

1154 4344 1234 4354 --
1295 4341 1448 4371 -υυ-
1509 4340 1597 4369 w
