3059 4909
976 423 1395 472 eARmNUM
1450 425 1592 471 mn.
1644 424 1721 474 ιι,
1765 409 1833 473 5.

2385 384 2534 476 275

572 567 734 635 Jam
765 576 833 634 te
865 576 1207 654 sequetur,
1235 569 1474 656 (currit
1505 570 1684 635 enim
1712 569 1918 657 ferox„

573 673 797 751 AEtaS,
826 680 893 738 et
921 673 1038 752 illi,
1068 692 1238 757 quos
1265 674 1390 737 tibi
1425 672 1758 749 demserit,

660 775 980 861 Apponet
1012 783 1273 857 annos)
1294 779 1442 864 Jam
1474 783 1782 862 proterva
1868 763 1881 777 ⁸

2434 777 2520 843 15

749 880 996 946 Fronte
1024 887 1204 965 petet
1236 882 1485 964 Lalage
1514 881 1864 960 maritnm3

573 983 840 1064 Dilecta
872 988 1185 1068 quantum
1218 1004 1354 1049 non
1384 983 1639 1049 Pholo'e
1670 983 1899 1066 fugax,

571 1087 730 1153 Non
761 1086 1069 1153 Chloris:
1115 1089 1273 1154 albo
1302 1089 1401 1155 sic
1432 1089 1707 1152 humero
1736 1089 1979 1165 nitens,

656 1191 753 1256 Ut
780 1211 948 1276 pura
975 1197 1302 1258 nocturno
1334 1191 1592 1257 renidet

738 1293 938 1360 Luna
968 1296 1158 1373 mari,
1189 1293 1565 1361 Gnidiusve
1596 1295 1824 1380 Gyges
1850 1315 1868 1375 3

2429 1292 2518 1358 20

310 1501 382 1574 ret
399 1503 508 1561 post
528 1501 592 1547 te.
658 1496 790 1546 Nom
812 1501 1033 1561 properat
1053 1502 1174 1546 «εἰπε
1194 1496 1438 1546 vehemens
1451 1513 1468 1545 .·
1500 1502 1639 1562 atque
1654 1479 1729 1545 ilii
1748 1498 1891 1548 addet
1910 1511 2055 1546 annos
2137 1512 2188 1545 os
2207 1495 2297 1545 tibi
2318 1497 2516 1544 detrax-

308 1569 418 1613 ent.

487 1563 614 1612 Mox
631 1563 803 1612 audaci
822 1563 957 1612 vultu
973 1562 1155 1626 Lalage
1175 1563 1331 1611 einim
1352 1568 1547 1626 quoeret.
1615 1563 1792 1613 Amata
1812 1564 2059 1626 plunquam

2129 1561 2262 1610 holo&
2277 1561 2408 1610 tiron
2432 1559 2517 1607 ob-

309 1627 522 1691 horrem,
541 1629 618 1678 vel
641 1628 832 1678 Chloris
857 1629 1102 1692 splendens
1134 1628 1325 1677 humero
1359 1629 1579 1690 candido,
1617 1644 1710 1677 non
1732 1643 1862 1678 secus
1893 1643 1948 1677 oc
1969 1627 2106 1677 Lumo
2127 1628 2257 1676 claro
2286 1627 2429 1676 micat
2465 1626 2517 1674 in

1231 1734 1594 1761 ederet-‘moe

305 1827 457 1874 colore
482 1823 692 1889 qnidam
713 1825 867 1875 codd.
902 1839 987 1890 ap.
1024 1823 1207 1876 Lamb.
1233 1834 1289 1875 et
1318 1825 1463 1875 Harl.
1487 1829 1669 1876 6.-13
1703 1824 1931 1874 Bentleii
1955 1823 2136 1874 Graev.
2163 1822 2311 1874 Leid.
2334 1830 2388 1873 et
2415 1823 2517 1872 Re·

309 1889 413 1953 gin.
440 1891 656 1954 Franeq.
685 1889 799 1941 Alt.
827 1896 875 1941 1.
898 1890 1009 1941 Alt.
1027 1894 1080 1942 2.
1104 1906 1134 1942 a
1154 1906 1224 1941 m.
1253 1906 1359 1941 sec.
1380 1899 1435 1941 et
1457 1892 1578 1941 vet.
1604 1891 1783 1941 Comb.
1798 1895 1976 1940 curret.
2026 1890 2132 1939 Pro
2144 1887 2296 1949 ferox
2308 1886 2518 1939 Wakef-

309 1956 686 2019 ediditsugox5
719 1957 940 2006 Mentel.
965 1957 1123 2015 velox,
1146 1956 1474 2021 improbante
1495 1955 1785 2007 ,ἰωή-14.
1810 1960 1869 2004 15
1905 1955 2084 2004 Bentl.
2110 1954 2246 2018 conj.
2281 1957 2402 2017 quod
2422 1953 2514 2002 tibi

304 2021 551 2084 demur-it,
581 2022 660 2086 Ap

310 2086 464 2150 Conj.
511 2102 597 2151 ap.

310 2151 604 2203 Helinstad.
655 2154 835 2204 Fronte

752 2029 799 2072 ee
832 2037 1006 2086 onnus,
1042 2023 1142 2086 vel,
1173 2036 1288 2085 quos
1313 2029 1349 2072 t.
1374 2023 1421 2071 d.
1446 2022 1510 2072 A.
1543 2036 1708 2072 annos.
1775 2023 1928 2070 Dese.
1961 2024 2012 2071 2.
2048 2026 2103 2070 ut
2142 2020 2237 2079 illi,
2270 2035 2404 2083 quos,
2436 2021 2519 2082 qv.

677 2102 821 2138 ones.
856 2088 1077 2152 Apponet
1119 2087 1316 2151 an'mos‚
1368 2088 1404 2138 i.
1449 2104 1496 2137 e.
1542 2089 1875 2139 animose—16
1920 2085 2068 2135 Unus
2108 2085 2416 2135 Bersmanni
2462 2089 2519 2133 et

867 2153 1140 2216 petit.-17
1175 2154 1379 2204 Delecto
1415 2153 1715 2203 Helmstad.
1754 2152 1952 2201 solenni
1993 2152 2268 2202 varietate.
2314 2147 2521 2200 Wakefi.

290 2218 442 2276 ferox
463 2233 560 2283 pro
569 2218 757 2282 fugax«
815 2219 953 2268 Vide
975 2218 1041 2269 ad
1063 2234 1135 2268 va.
1160 2223 1376 2270 lxm—19
1412 2219 1562 2269 Harl.
1585 2224 1634 2269 2.
1654 2224 1706 2268 5.
1743 2219 1811 2268 Ut
1828 2234 1879 2281 p.
1902 2233 1953 2267 n.
1976 2213 2304 2269 renitet—20
2341 2215 2520 2265 Gnidi-

306 2298 453 2348 ioeque
476 2285 642 2351 Gyges
663 2285 858 2335 Venet.
881 2288 1029 2335 1492.
1053 2285 1285 2335 Florent.
1310 2289 1457 2335 1482.
1486 2286 1702 2335 Locher.
1726 2292 1782 2334 et
1808 2283 2025 2335 Ascens.
2063 2283 2324 2333 Cnidiusve
2350 2281 2516 2346 Gyges

1302 2415 1520 2467 NOTAE

371 2521 434 2566 13
467 2517 585 2566 Jam
605 2521 651 2566 te
672 2514 915 2579 sequetur]
962 2515 1152 2580 Lalage
1176 2529 1290 2578 qnae
1314 2522 1368 2565 te

306 2600 617 2658 sequentem
657 2592 808 2642 modo
856 2591 1010 2655 fugit,
1055 2591 1243 2641 deinde
1288 2593 1369 2643 vel

305 2670 598 2734 fugientem
641 2677 697 2720 te
733 2676 1096 2733 prosequetur,
1133 2669 1223 2718 nbi
1265 2667 1370 2718 fer·

307 2748 477 2798 ventis
503 2753 635 2796 aestu
650 2745 944 2812 juventutis
984 2747 1170 2809 agitari
1197 2760 1373 2809 coepe·

308 2826 394 2875 rit.
464 2824 631 2877 Quod.
651 2823 858 2889 quidem
885 2823 1032 2873 brevi
1056 2823 1180 2874 fiet:
1216 2825 1232 2852 ‘
1254 2839 1370 2873 cur-

309 2903 378 2951 rit
402 2902 540 2952 enim
574 2899 723 2951 ferox
757 2900 920 2964 aetasss
960 2901 1153 2951 labitur
1183 2902 1371 2952 celeri-

310 2985 409 3033 ter,
443 2978 599 3026 immo
634 2978 651 3004 ‘
669 2975 846 3040 volat,'
878 2983 935 3026 ut
960 2976 1034 3026 ait
1054 2978 1194 3028 Tull.
1217 2977 1370 3028 Tuae.

309 3067 347 3103 ι.
373 3068 424 3103 ιι.
444 3058 530 3104 76.

372 3131 536 3180 Ferox
555 3129 698 3195 oetas]
731 3130 1012 3195 Juvenum,
1037 3147 1151 3196 quae
1176 3133 1372 3190 valens,

310 3210 461 3271 acriS,
510 3207 714 3271 ardens,
773 3209 1068 3271 vehemens,
1111 3211 1373 3274 petulans,

306 3287 468 3347 elata,
501 3286 747 3349 superba,
786 3300 849 3335 ac
885 3284 982 3335 nisi
1018 3283 1246 3335 libidinis
1281 3286 1371 3335 sti·

310 3365 474 3413 mulos
498 3368 608 3411 tum
631 3360 855 3411 maxime
879 3361 1158 3426 prurientis
1177 3364 1373 3413 virtute

314 3438 553 3503 fregerit,
598 3439 754 3488 etiam
796 3437 966 3497 ferox,
1001 3438 1273 3500 indomita,
1315 3446 1372 3489 et

310 3516 590 3580 impotens.
624 3513 812 3579 Apage
833 3528 957 3566 vero
971 3515 1257 3580 ctuquinm
1279 3515 1372 3565 du·

309 3594 563 3642 bitantem
607 3592 853 3656 numquid
900 3594 1215 3657 transposita
1267 3595 1373 3643 sint

309 3669 704 3734 epithetaista3
744 3669 1095 3734 utlegendum
1119 3671 1219 3721 sit:
1253 3676 1374 3737 cetos

296 3750 478 3813 fugax,
502 3757 577 3810 et,
599 3748 775 3798 Pholo'e'
794 3748 960 3818 ferox.

308 3850 314 3855 ·
376 3832 436 3877 14
476 3827 578 3887 Illi,
614 3841 728 3891 quos
762 3826 853 3876 tibi
881 3825 1120 3891 demwrit,
1155 3825 1376 3890 Apponet

305 3904 481 3967 annos]
514 3905 655 3952 Dum
704 3910 763 3953 tu
807 3903 954 3952 annis
1000 3903 1273 3953 decresces
1317 3910 1374 3953 et

306 3981 626 4031 imminueris
649 3978 863 4043 viribus,
887 3980 978 4028 illa
989 3986 1194 4030 crescet
1217 3987 1374 4044 atque

310 4065 577 4122 augescet.
641 4057 719 4106 Tu
744 4056 879 4104 enim
897 4056 963 4105 ab
987 4062 1143 4106 aetate
1167 4056 1374 4120 perfec-

311 4144 364 4186 ta
390 4133 558 4198 vergis
579 4131 644 4182 ad
667 4133 896 4183 senium:
937 4125 1026 4182 ill'a
1041 4134 1106 4183 ad
1127 4149 1373 4184 annorum

312 4213 586 4276 oetatisque
619 4210 938 4274 firmitatem,
961 4226 1113 4275 quam
1148 4213 1373 4264 nondum

310 4294 507 4357 attigit,
526 4298 790 4355 properat.

377 4374 441 4420 16
473 4370 678 4434 Lalage]
723 4368 852 4418 Eam
875 4368 1036 4434 ipsam
1056 4368 1224 4420 aetatis
1248 4367 1372 4419 flore

1451 2514 1690 2564 decoram
1716 2513 1892 2563 laudat
1926 2527 1964 2564 1.
1994 2513 2100 2563 Od.
2125 2518 2206 2564 22.
2244 2528 2345 2576 qno
2371 2518 2519 2576 patet

1451 2592 1605 2642 Oden
1653 2593 1802 2641 istam
1849 2591 1914 2639 ab
1959 2590 2183 2640 Horatio
2223 2597 2343 2655 post
2386 2589 2518 2639 hanc

1451 2683 1564 2718 esse
1584 2667 1857 2730 scriptam.

1519 2750 1579 2796 17
1615 2745 1809 2795 Dilecta
1829 2751 2071 2811 quantum,
2093 2742 2201 2808 Bra]
2248 2744 2376 2793 Cum
2396 2756 2517 2792 vero

1451 2824 1644 2887 Lalage
1678 2823 1976 2887 juventutis
2008 2823 2206 2887 pariter
2240 2836 2301 2870 ac
2335 2818 2516 2869 formae

1453 2903 1832 2967 perfectionem
1859 2903 2053 2967 adepta
2082 2901 2255 2961 fuerit,
2275 2908 2382 2950 tum
2407 2913 2520 2949 cer-

1454 2987 1507 3031 te
1564 2981 1755 3030 multos
1808 2988 2070 3030 amatores
2114 2975 2346 3036 habebit,
2390 2980 2519 3040 quot

1454 3073 1715 3122 nunqnam
1769 3058 1971 3108 Chloris
2021 3055 2384 3118 pulcherrima,
2437 3053 2517 3103 vel

1453 3136 1691 3200 speciosa
1728 3133 1926 3185 Pholoe
1964 3131 2221 3182 Chloridis
2255 3131 2380 3193 filia,
2401 3145 2517 3195 qnae

1455 3221 1629 3264 tamen
1653 3229 1716 3264 eo
1738 3212 1975 3275 diligitur
2012 3210 2252 3275 ampliuS,
2285 3223 2385 3273 quo
2412 3221 2518 3255 ma·

1455 3290 1531 3353 gis
1557 3297 1793 3338 amantes
1825 3285 1962 3352 fugit
1992 3299 2179 3349 aspera
2203 3290 2259 3333 et
2293 3282 2520 3345 repellit.

1454 3369 1545 3417 De
1595 3368 1692 3417 hac
1746 3365 1884 3430 Cyro
1929 3362 2187 3419 adamata,
2241 3361 2519 3425 ipsumque

1453 3449 1752 3510 spernente,
1782 3456 1820 3493 1.
1845 3439 1949 3491 od.
1969 3443 2053 3489 33.

1519 3525 1584 3571 19
1625 3521 1694 3570 Ut
1737 3532 1859 3581 pura
1901 3520 2126 3581 nocturno
2158 3513 2345 3581 renidet
2382 3509 2522 3560 Luna

1453 3597 1603 3661 mori]
1656 3598 1783 3647 Tam
1809 3595 2001 3654 nitens,
2025 3605 2176 3655 qnam
2202 3591 2346 3638 Luna
2370 3587 2521 3636 nullia

1454 3675 1716 3733 infuscata
1756 3671 1977 3732 nebulis,
2014 3667 2143 3717 sudo
2177 3667 2326 3721 coelo,
2363 3673 2523 3714 noctu

1452 3753 1694 3818 splendet
1719 3765 1781 3801 ac
1804 3750 1934 3799 mari
1952 3745 2313 3811 navigantibus
2330 3742 2523 3793 formo-

1457 3844 1514 3879 sa
1538 3834 1778 3893 apparet.

1522 3911 1588 3955 20
1625 3904 1894 3954 Gnidiusoe
1940 3900 2126 3967 Gyges]
2161 3900 2320 3948 Velut
2361 3898 2521 3948 etiam

1456 3982 1711 4033 formosus
1752 3981 1842 4031 ille
1884 3994 2014 4043 puer
2053 3978 2252 4042 Gyges,
2289 3975 2523 4039 virginea

1457 4060 1638 4125 specie
1693 4058 1935 4122 inclytus,
1978 4054 2221 4105 oriundus
2264 4068 2293 4100 e
2346 4050 2522 4100 Gnido

1457 4139 1588 4188 urbe
1625 4137 1795 4187 Cariae
1824 4132 2101 4193 maritima,
2134 4131 2287 4181 hodie
2324 4128 2450 4178 Cobo
2469 4127 2523 4177 di

1460 4217 1614 4266 clu'o:
1652 4214 1738 4265 ubi
1763 4211 1982 4261 Veneris
2012 4207 2212 4273 effigies
2251 4206 2402 4256 valde
2437 4217 2522 4254 ce-

1456 4295 1630 4344 lebriS.
1656 4290 1791 4341 Vide
1816 4302 1856 4338 1.
1872 4287 1980 4341 Οὐ.
1996 4292 2076 4336 30.
2099 4288 2375 4336 Formosus
2400 4281 2519 4330 olim

1458 4384 1647 4436 pueros
1688 4369 1739 4417 in
1781 4366 1979 4416 deliciis
2011 4363 2193 4423 fuisse,
2231 4362 2312 4411 vel
2350 4372 2378 4407 e
2404 4358 2522 4406 Vir-
