3059 4909
972 378 1384 427 οΑιὶΜιΝυΜ
1441 380 1591 430 mn.
1644 381 1757 430 ιιι.
1800 366 1862 430 4.
2381 367 2509 432 401

742 524 1097 608 Divosque
1124 525 1578 609 mortalesque
1612 528 1841 592 turbas
1892 537 1899 542 “

829 626 1119 711 Imperio
1154 630 1320 711 regit
1349 650 1515 718 unus
1548 650 1764 712 aequo,

654 727 976 812 Magnum
1007 729 1127 792 illa
1155 736 1465 794 terrorem
1496 733 1804 797 intulerat
1830 733 1875 797 J
1882 733 1991 797 ovi

655 830 905 894 Fidens
922 830 1271 914 juventuS,
1302 832 1566 897 horrida
1593 833 1911 905 brachiis,
2420 840 2511 903 50

743 932 1150 1017 Fratresque
1183 933 1526 998 tendentes
1553 954 1769 1020 opaco

828 1035 1069 1100 Pelion
1100 1037 1507 1120 imposuisse
1540 1036 1859 1121 Olympo.

303 1219 351 1264 et
370 1215 578 1265 homines
596 1214 723 1264 solus
751 1216 990 1276 gubernat
1025 1221 1257 1278 potestate
1288 1218 1520 1279 legitima.
1586 1221 1701 1269 Jove·
1736 1225 1910 1270 metum
1942 1199 2181 1281 ingentem
2219 1223 2513 1272 incusserant

305 1279 535 1331 inmanes
554 1281 631 1331 iun·
655 1280 856 1340 juvenes
876 1280 1070 1331 lacertis
1098 1281 1285 1347 confisi,
1306 1288 1351 1332 et
1377 1284 1570 1344 fratres
1601 1285 1771 1335 Pelion
1791 1287 2103 1349 superaddere
2122 1288 2282 1337 conati
2313 1289 2514 1352 Olympo

1234 1427 1593 1449 “OOOOCOO‘OO

308 1524 516 1575 Wakef.
540 1531 596 1576 et
616 1526 777 1576 Kidd.
801 1527 1055 1591 probante
1084 1527 1145 1576 L.
1167 1527 1293 1578 Bos.
1319 1527 1488 1580 Anim.
1513 1528 1566 1577 iu
1592 1527 1724 1579 Hor.
1749 1544 1801 1592 p.
1824 1533 1908 1580 42.
1954 1535 2005 1579 et
2024 1530 2158 1579 orbes
2180 1530 2384 1579 emend.
2411 1530 2513 1579 Cu-

306 1592 453 1654 ning.
527 1591 788 1655 Ventosqne
824 1598 871 1642 et
903 1593 1074 1641 imbres
1106 1595 1241 1656 conj.
1277 1606 1362 1656 ap.
1398 1591 1593 1643 Jones:
1652 1595 1711 1645 V.
1734 1595 2004 1644 umbrorum
2039 1609 2274 1657 regnaque
2312 1594 2514 1643 emend.

307 1655 447 1705 idem
469 1654 652 1707 Jones.
688 1656 1015 1720 improbante
1046 1657 1318 1708 sant—4⁷
1353 1647 1505 1706 Harl.
1529 1663 1577 1707 1.
1597 1664 1647 1707 5.
1671 1664 1720 1708 6.
1766 1674 1945 1709 omnes
1988 1659 2263 1709 Pulmanni
2298 1667 2353 1707 et
2390 1660 2515 1708 Tor-

311 1721 493 1782 rentii‚
525 1721 715 1771 Bland.
741 1726 788 1771 1.
809 1727 863 1772 2.
887 1725 940 1771 8.
960 1726 1011 1772 4.
1045 1721 1171 1771 Div.
1209 1722 1302 1771 sil.
1336 1721 1480 1772 Car-r.
1517 1730 1574 1773 et
1609 1722 1773 1773 Mald.
1809 1724 2043 1788 Cruquii,
2083 1725 2225 1787 Lips.
2254 1727 2299 1772 1.
2322 1727 2371 1772 2.
2392 1727 2441 1773 8.
2465 1727 2516 1773 4.

308 1786 467 1835 Dess-
489 1789 542 1835 2.
567 1786 795 1836 Bentleii
836 1787 1080 1836 Petrens.
1119 1795 1175 1835 et
1200 1787 1399 1836 Battel-
1422 1787 1638 1838 Venett.
1666 1793 1809 1839 1478.
1834 1793 1977 1839 1479.
2015 1789 2140 1837 Vet.
2175 1788 2355 1839 Cotnb.
2389 1789 2517 1837 Rut-

309 1865 448 1915 gers.
468 1851 734 1901 Schrevel.
774 1852 964 1915 Delph.
996 1858 1052 1900 et
1094 1851 1267 1914 vulgg.
1296 1857 1417 1900 ante
1450 1852 1686 1904 Lambin.
1724 1860 1936 1911 turmam
1989 1852 2141 1903 Harl.
2164 1857 2215 1903 2.
2240 1857 2289 1902 3.
2309 1857 2358 1903 4.
2391 1852 2516 1902 Aer.

309 1930 489 1965 omnes
527 1915 777 1977 Lambini,
819 1916 978 1966 Mart.
1019 1916 1253 1980 Cruquii,
1280 1916 1556 1966 Pulmanni
1588 1918 1860 1969 Gemblac.
1898 1924 1945 1968 1.
1988 1932 2080 1980 pro
2121 1933 2170 1967 v.
2209 1919 2246 1967 l.
2284 1918 2514 1966 Bentleii

310 1980 495 2030 (ἔτην.
523 1980 672 2031 Leid.
693 1989 749 2031 et
773 1981 957 2043 Regin.
993 1981 1213 2031 Mentel.
1251 1982 1471 2047 Franeq.
1493 1984 1644 2033 Dess.
1665 1986 1711 2033 1.
1741 1982 2038 2033 Helmstad.
2061 1983 2163 2032 duo
2188 1983 2519 2043 Bersmauni,

312 2046 534 2096 Venett.
571 2050 716 2096 1492.
755 2050 900 2096 1590.
948 2045 1171 2096 Ascens.
1222 2046 1442 2100 Locher.
1494 2047 1677 2098 Basill.
1729 2047 1881 2099 Fabr.
1940 2048 2122 2098 Heius.
2165 2048 2348 2110 Steph.
2388 2047 2517 2096 Fal).

311 2110 492 2162 Bentl.
509 2110 929 2175 Coning.8auad.
950 2112 1299 2163 But-Jones.
1319 2111 1454 2162 Sivr.
1476 2111 1845 2178 Jani,Bipont.
1860 2112 2074 2164 Mitseh.
2097 2112 2517 2163 Comb.Wetzel.

311 2173 524 2226 Wakef.
545 2182 601 2226 et
622 2175 783 2227 Kidd.
806 2177 989 2227 turbas.
1020 2180 1037 2207 ⁴
1053 2176 1188 2227 Sunt
1205 2178 1291 2241 qui
1317 2192 1389 2226 vs.
1410 2182 1494 2229 43.
1519 2182 1744 2242 turmam,
1766 2178 1853 2228 hie
1875 2178 2032 2227 etiam
2057 2178 2281 2227 habeant
2304 2181 2518 2233 turmas,-

311 2240 441 2291 item
464 2241 553 2305 qui
590 2241 663 2291 ibi
704 2242 907 2305 turbant,
942 2242 1025 2293 hic
1060 2242 1242 2301 turbas,
1276 2242 1416 2307 quod
1450 2256 1574 2293 sane
1610 2257 1712 2292 non
1749 2242 2040 2293 ferendum.
2105 2243 2280 2293 Facile
2316 2248 2430 2290 erat
2463 2241 2517 2290 in

310 2307 326 2333 ‘
347 2305 548 2355 turma'
579 2313 634 2356 et
665 2308 681 2335 ‘
703 2307 856 2356 turba
873 2306 887 2329 ’
922 2308 1256 2369 permutatio.
1325 2308 1554 2358 Praestat
1575 2308 1709 2358 haud
1733 2307 1890 2357 dubie
1915 2322 1988 2357 vs.
2014 2312 2091 2357 18.
2113 2313 2290 2367 turum,
2324 2313 2379 2356 et
2403 2307 2454 2356 h.
2480 2307 2516 2354 l.

315 2370 494 2423 turba?
526 2370 797 2422 Sunt—50
829 2375 844 2400 ‘
862 2372 1290 2433 Fidens‚juventus
1310 2372 1521 2436 horrida,
1546 2372 1619 2422 br.
1639 2375 1720 2436 ᾄσ.
1755 2380 1901 2422 recte
1924 2372 2284 2435 distinguitur,
2303 2386 2424 2432 non,
2458 2379 2518 2420 ut

315 2429 487 2494 multi,
509 2437 666 2487 etiam
683 2437 843 2487 Baxt.
877 2438 1059 2488 Fidens
1073 2436 1445 2501 juventusssq‘c.
1477 2438 1747 2490 sant—51
1787 2438 1932 2487 Unus
1956 2438 2147 2487 Bland.
2172 2436 2404 2502 Cruquii,
2442 2436 2516 2485 in-

1311 2567 1523 2620 NOTAE

313 2681 453 2731 enim
490 2680 809 2733 credendum
851 2681 1084 2748 Cruquio
1123 2682 1380 2746 inter-pre·
1455 2648 1626 2733 fessos
1650 2683 1894 2747 AEgyptia
1916 2683 2072 2732 tellus
2096 2678 2345 2744 Ceperit,'
2364 2682 2465 2727 διο.

317 2759 471 2820 tanti,
506 2758 876 2823 Tyrannidem.
915 2758 984 2808 ob
1018 2772 1195 2807 vocem
1228 2758 1386 2820 urbes,

219 2897 228 2908 Ι
314 2833 511 2883 Inferis
553 2835 692 2884 haud
754 2835 1175 2890 convenientem,
1217 2835 1385 2899 inquit

319 2912 408 2961 ille
427 2929 447 2957 x
478 2912 764 2975 quasivero
778 2911 1050 2976 jungenda
1063 2919 1236 2961 essent
1254 2913 1386 2969 haec,

315 2989 473 3050 urbes,
511 3002 751 3053 regnaque
786 2989 965 3040 tristia.
1033 2989 1195 3038 Immo
1230 2989 1382 3041 Jovis

316 3064 604 3128 Imperium
628 3065 868 3116 extendit
891 3064 1056 3118 Poeta
1073 3065 1139 3115 ad
1159 3066 1384 3130 Superos

316 3139 645 3207 Inferosque,
669 3149 725 3193 et
746 3142 923 3192 orbem
949 3145 1084 3194 hunc
1109 3158 1202 3193 seu
1220 3158 1381 3208 mare,

315 3226 640 3281 terramque,
655 3219 706 3267 in
727 3234 829 3282 qua
854 3219 1026 3268 urbes.
1061 3220 1193 3271 Quoe
1212 3222 1384 3269 omnia

275 3327 286 3334 ae
317 3293 690 3355 complectitur
737 3296 813 3344 his
857 3295 1090 3357 vocibus,
1137 3296 1385 3360 Divosque

321 3370 633 3433 mortalesque
655 3370 818 3419 turbas
842 3371 971 3434 regit
1007 3386 1159 3434 unns,
1180 3373 1386 3422 scilicet

319 3444 551 3508 Jupiter.
584 3446 772 3509 virgil.
807 3445 924 3495 AEn.
958 3451 1103 3496 ι.’65.
1152 3447 1169 3474 ‘
1192 3447 1385 3497 Divum

320 3528 479 3584 pater
498 3529 657 3586 atque
680 3522 938 3572 hominum
963 3523 1115 3572 Rex!

383 3600 452 3646 49
485 3597 724 3658 Magnum
758 3599 846 3647 illa
891 3602 1118 3647 terrorem
1159 3599 1386 3649 innuerat

1525 2765 1591 2810 50
1611 2762 1792 2809 Fidens
1798 2760 2047 2824 juventus,
2070 2757 2266 2806 horrida
2288 2753 2520 2817 brachiis]

1460 2836 1647 2901 Virgil.
1693 2836 1897 2887 AEneid.
1941 2848 2020 2886 vt.
2058 2840 2173 2884 582.
2228 2833 2245 2861 ‘
2270 2832 2523 2882 Immania

1461 2913 1566 2962 vidi
1592 2915 1853 2977 Corpora:
1890 2912 1979 2977 qui
2011 2912 2247 2961 manibus
2281 2923 2520 2972 magnum

1459 2989 1756 3039 rescindere
1790 2989 1973 3039 coelum
2008 2986 2275 3052 Aggressi,
2299 2985 2527 3050 superis-

1464 3081 1565 3131 que
1586 3067 1771 3118 Jovem
1795 3064 2075 3115 detrudere
2093 3062 2298 3127 regnis.’

1526 3148 1587 3193 51
1627 3144 1915 3206 Fratresque
1947 3144 2210 3203 tendentes,
2225 3138 2331 3203 ξω]
2362 3137 2525 3188 Intel-

1462 3220 1628 3282 ligunt
1661 3220 1891 3270 nonnulli
1925 3220 2086 3269 Otum
2126 3225 2182 3268 et
2211 3217 2525 3282 Ephialtem,

1462 3299 1478 3325 ‘
1506 3296 1719 3345 Aloidas
1764 3293 2030 3359 gemin08,’
2088 3307 2217 3357 quos
2273 3296 2527 3341 memorat

1463 3373 1649 3435 Virgil-
1680 3386 1799 3421 mox
1831 3372 1923 3421 cit.
1957 3369 2049 3420 sed
2073 3369 2327 3434 Gigantas
2348 3381 2527 3417 omnes

1464 3449 1649 3500 eodem
1675 3457 1824 3512 patre
1851 3448 1933 3497 vel
1966 3448 2150 3498 eadem
2185 3455 2350 3497 matre
2380 3446 2529 3510 geni·

1465 3531 1568 3588 toS,
1584 3526 1814 3590 adeoque
1830 3524 2037 3594 fratres,
2051 3523 2230 3573 melius
2248 3529 2329 3572 est
2344 3522 2530 3585 accipi.

1466 3602 1548 3651 De
1565 3602 1645 3650 his
1661 3600 1845 3662 Vir-gil.
1871 3599 2066 3660 Georg.
2084 3613 2122 3648 1.
2141 3601 2256 3646 280.
2281 3598 2296 3624 ‘
2322 3598 2389 3645 Et
2408 3611 2528 3643 con-

318 3674 455 3738 aovi,
478 3672 587 3737 ξω]
637 3674 737 3724 Illa
771 3674 1056 3736 Gigantum
1094 3666 1275 3726 turma*
1294 3677 1387 3725 im·
1456 3678 1668 3741 juratos
1682 3677 1867 3726 coelum
1884 3674 2177 3725 rescindere
2195 3672 2403 3722 fratres.
2427 3673 2531 3721 Ter

321 3752 463 3801 mani
504 3750 692 3801 robore
730 3751 952 3816 praedita
991 3752 1200 3815 Jovem‚
1245 3758 1392 3802 cete-

321 3845 513 3895 rosque
536 3832 676 3880 Deos
709 3831 915 3893 terruit,
940 3845 1000 3880 ac
1035 3836 1050 3859 ‘
1078 3830 1392 3894 periculum'

322 3907 448 3957 inde
471 3908 487 3936 ‘
509 3906 716 3971 fulgens
750 3907 1067 3957 contremuit
1097 3908 1277 3957 domus
1298 3906 1391 3956 Sa·

323 3984 467 4035 turni
492 3985 681 4033 veteris
691 3983 724 4034 ι’
747 3991 807 4034 ut
822 3990 903 4032 est
928 3997 994 4034 ιι.
1014 3984 1119 4035 od.
1141 3989 1219 4033 12.
1252 3983 1391 4033 Vide

322 4059 549 4110 Hesiod.
572 4061 841 4124 Theogou.
866 4060 1027 4112 ovid.
1048 4061 1185 4111 Met.
1201 4062 1255 4111 v.
1275 4065 1393 4111 321.

324 4137 341 4165 ‘
367 4138 726 4201 Emissumque
763 4137 866 4186 ima
893 4137 961 4187 de
993 4138 1118 4188 sede
1148 4137 1394 4202 Typhoea

323 4221 483 4266 terrae
497 4213 770 4264 Caelitibus
786 4211 974 4264 fecisse
989 4220 1185 4265 metum
1199 4231 1214 4265 z
1239 4229 1391 4265 cunc·

327 4301 514 4358 tosque
550 4291 758 4344 dedisse
796 4293 975 4356 Terga
1009 4293 1184 4360 fugae;
1225 4293 1394 4345 donec

462 4373 637 4439 velpa.
656 4376 706 4424 et
730 4373 847 4425 Ver.
872 4374 1001 4425 Clas.

1346 4374 1527 4424 Horat.

1468 3760 1589 3803 sunt
1631 3751 1806 3801 conati
1845 3752 2109 3815 imponere
2155 3748 2304 3797 Pelio
2338 3748 2529 3798 Ossam

1464 3828 1703 3886 Scilicet,
1742 3834 1899 3891 atque
1938 3825 2088 3875 Ossae
2118 3823 2414 3875 frondosum
2450 3823 2529 3871 iu-

1465 3907 1677 3956 volvere
1722 3905 2044 3968 Olympum:
2098 3903 2206 3953 Ter
2247 3908 2400 3966 pater
2443 3916 2531 3950 ex·

1469 3991 1697 4036 structos
1720 3984 1921 4049 disjecit
1944 3982 2160 4033 fulmine
2186 3981 2424 4034 montes.’

1537 4066 1602 4111 52
1635 4063 1808 4113 Pelion
1829 4060 2104 4125 imposuisse
2129 4058 2352 4124 Olympo]
2384 4059 2533 4107 Mon-

1475 4145 1557 4187 tes
1579 4138 1838 4188 montibus
1863 4151 2129 4201 aggerere.

1541 4214 1732 4278 Pelion]
1770 4213 1925 4262 Mons
1959 4211 2262 4273 Thessaliae,
2304 4209 2534 4272 Olympo

1474 4299 1530 4341 et
1553 4291 1700 4343 Ossae
1724 4291 1968 4354 attiguus.
2035 4289 2292 4352 Olympus
2316 4287 2535 4335 Thessa-

2297 4367 2407 4417 20
