3059 4909
968 389 1385 440 οΛιιιιιΝυΜ
1437 389 1579 437 mn.
1631 389 1675 437 1.
1718 373 1823 438 16.
2360 370 2488 435 141

556 533 817 601 Tristes
846 542 924 601 ut
950 535 1103 600 irae:
1148 552 1560 618 quas-neque
1585 530 1881 597 Noricus
1967 534 1976 545 “

557 637 865 703 Deterret
893 639 1098 717 ensi&
1124 657 1244 702 nec
1273 656 1452 701 mare
1481 635 1902 716 naufragum,
2406 632 2491 695 10

647 738 797 805 Nec
827 759 1054 805 saevus
1082 741 1282 823 ignis,
1311 759 1436 804 nec
1463 738 1804 803 tremendo

726 843 999 928 Jupiter
1027 844 1175 928 ipse
1202 861 1398 907 ruens
1427 841 1735 907 tumultu.

300 1024 379 1073 bro
412 1026 603 1088 pulsant
632 1025 840 1090 cymbala
858 1030 1014 1083 acuta,
1032 1023 1154 1073 sicut
1186 1028 1350 1072 moesta
1383 984 1689 1083 indignatio}
1711 1036 1861 1085 quam
1898 1037 1980 1071 nee
2012 1021 2203 1083 gladius
2223 1035 2285 1070 ex
2319 1018 2490 1094 Illyrio

296 1090 496 1153 collibet,
517 1105 604 1140 nec
622 1105 753 1140 mare
774 1089 1041 1151 suffragiis
1061 1087 1304 1150 infestum,
1326 1102 1408 1136 nec
1428 1087 1537 1136 dira
1550 1086 1775 1151 flamma,
1810 1102 1894 1136 nec
1913 1089 2015 1150 ipse
2034 1084 2229 1149 Jupiter
2249 1086 2489 1134 horrisono

1217 1215 1578 1237 OOOOOOO‘O‘O‘

302 1303 413 1348 144.
447 1299 654 1363 profert
682 1301 949 1352 Gesnerus
972 1302 1234 1365 exempla,
1265 1308 1325 1352 ut
1360 1302 1457 1351 hoc
1480 1312 1583 1350 non
1608 1315 1738 1365 opus
1774 1313 1888 1350 esse
1924 1297 2130 1362 probet,
2156 1311 2218 1346 ea
2251 1296 2352 1345 huc
2386 1311 2488 1373 non

302 1366 648 1427 conveniunt3
681 1381 799 1415 nam
822 1367 873 1415 in
897 1366 960 1415 iis
995 1373 1113 1430 post
1135 1367 1424 1430 subjectum
1448 1372 1900 1416 commemoratum
1922 1362 2239 1440 simp-liciter·
2262 1371 2492 1426 sequitur

300 1444 393 1479 non
411 1431 502 1488 sic,
523 1445 616 1479 non
637 1436 755 1492 tam,
788 1447 880 1495 pro
912 1429 1134 1481 formula
1154 1432 1591 1495 comparationis3
1621 1430 1711 1480 sed
1747 1431 1797 1478 h.
1821 1430 1854 1478 l.
1886 1444 1979 1478 non
2014 1443 2084 1477 su:
2112 1432 2356 1489 gemmant
2379 1428 2495 1476 Cor.

302 1508 418 1554 (ενα,
442 1495 701 1545 Mtes'ut
719 1497 824 1547 iroe.
864 1497 1183 1547 Felicissime
1206 1495 1409 1546 emend.
1426 1497 1605 1547 Bentl.
1636 1495 1695 1544 Si
1713 1495 1959 1558 geminant
1973 1510 1994 1553 ‚⁰
2028 1506 2180 1559 quem
2204 1499 2494 1556 sequuntur

305 1558 515 1609 Cun.·et
534 1559 726 1610 Sanad.
747 1569 805 1610 ut
826 1575 1008 1610 sensus
1027 1562 1125 1611 sit:
1166 1561 1285 1611 Non
1310 1577 1456 1626 aeque
1481 1561 1701 1626 Cybele,
1730 1576 1831 1609 non
1858 1559 2064 1622 Apollo,
2098 1570 2199 1607 non
2233 1558 2491 1633 Bacchus,

302 1632 402 1673 non
426 1625 778 1687 Corybantes,
811 1625 853 1674 si
889 1634 1044 1676 aclita
1066 1642 1170 1676 aera
1195 1628 1477 1690 geminant,
1497 1634 1726 1676 mentem
1750 1624 2007 1689 quatiunt.
2071 1622 2157 1673 Sic
2197 1636 2369 1671 omnia
2388 1637 2493 1698 ‘ex-
2562 1626 2567 1633 '

303 1688 516 1750 pedite!
547 1690 683 1739 Jam’.
751 1689 810 1740 Si
839 1692 1083 1752 geminant
1105 1691 1298 1741 habent
1319 1693 1477 1741 etiam
1515 1691 1731 1740 Mitsch.
1754 1689 1973 1739 Wetzel.
2009 1688 2225 1751 Bipont.
2253 1694 2310 1736 et
2336 1685 2494 1735 Krdd.

303 1751 647 1814 Sit-geminant
674 1755 864 1818 Delpli.
900 1756 1069 1804 Boud.
1109 1757 1378 1813 Schrevel.
1417 1758 1579 1807 Baxt.
1612 1756 1822 1805 Talbot.
1859 1754 2013 1815 Pine,
2049 1754 2271 1827 Juveuc3
2309 1752 2492 1800 Franc.

307 1817 484 1868 Comb.
508 1826 563 1868 et
588 1817 791 1869 Wakef.
861 1821 1169 1869 cnon-ibant„
1207 1821 1259 1868 iu
1294 1822 1549 1871 nonnullis
1572 1820 1855 1870 eodm—12
1887 1819 2141 1881 Scaliger,
2162 1816 2316 1893 Poet.
2336 1829 2418 1892 yx.
2441 1819 2494 1864 7.

306 1883 511 1933 mallet:
546 1884 744 1947 Jupiter
763 1885 1037 1934 horrisonus
1071 1887 1297 1949 ιιιιιιιαιιι,
1331 1887 1430 1946 vel,
1463 1887 1706 1935 tremenda
1741 1883 1977 1934 Fulminis
2005 1883 2242 1932 horrisom
2263 1895 2497 1930 'rutam—

1298 2017 1511 2069 NOTAE

308 2111 486 2160 furiosi
520 2111 836 2171 discurrunt,
864 2127 1013 2178 quam
1035 2114 1112 2162 ira
1135 2120 1362 2165 mentem
1440 2115 1720 2180 Phrygiam
1738 2113 1962 2175 detulit;
1998 2111 2191 2177 quique
2214 2109 2305 2159 abs
2324 2122 2382 2158 se
2404 2121 2495 2156 no·
2549 2184 2552 2187 -

308 2188 460 2236 variis
483 2187 710 2236 motibus
727 2189 976 2240 concutit.
1046 2191 1362 2255 Corybantes]
1441 2194 1657 2244 minavit
1690 2207 1779 2243 eos
1802 2191 1889 2257 qui
1910 2190 2097 2240 Matris
2123 2185 2391 2238 sacrificiis
2414 2187 2491 2235 in·

308 2262 465 2313 Rheae
505 2262 800 2327 sacrificuli,
832 2266 984 2316 iidem
1007 2269 1097 2332 qui
1122 2268 1362 2327 Curetes,

308 2353 372 2388 ex
393 2339 652 2389 Strabone
676 2339 765 2390 lib.
790 2355 848 2392 x.
879 2350 936 2393 et
960 2345 1166 2395 Lucret.
1188 2345 1277 2396 lib.
1297 2359 1360 2397 ιι.

310 2414 436 2465 dicti
458 2416 540 2464 vel
565 2431 595 2465 a
617 2416 770 2480 κόρυς,
788 2419 948 2481 galea,
964 2419 1048 2469 vel
1072 2435 1102 2469 a
1124 2419 1364 2485 κορύπτω,

310 2491 526 2540 comibus
549 2498 688 2555 peto,·
722 2494 847 2543 item
883 2497 1206 2559 caputjacto,·
1230 2498 1311 2546 vel
1334 2512 1365 2546 a

309 2567 514 2630 κρύβειν,
553 2569 634 2618 vel
670 2568 930 2633 κρυβάζειν·
965 2574 1204 2638 quoniam
1223 2573 1366 2637 adju-

311 2652 495 2694 verunt
513 2645 709 2695 Rheam
733 2647 787 2696 in
803 2648 1164 2699 abscondendo
1179 2657 1331 2712 partu
1349 2667 1363 2698 ε

312 2721 390 2768 vel
414 2735 446 2769 a
473 2723 673 2784 κρούειν,
697 2724 906 2787 pulsare,
926 2731 981 2774 et
1002 2725 1278 2790 strepitum
1303 2740 1365 2776 ac

311 2799 532 2846 sonitum
589 2799 840 2859 reddere5
887 2802 1126 2867 quoniam
1165 2817 1232 2852 ex
1269 2803 1368 2853 Lu-

311 2882 437 2924 cret.
468 2870 563 2924 citss
597 2880 611 2904 ‘
636 2878 913 2940 pulsabant
934 2879 1122 2928 aeribus
1144 2878 1286 2941 aera,’
1311 2884 1368 2929 et

310 2965 375 3000 ex
399 2951 644 3015 Apollod.
667 2954 755 3004 lib.
780 2969 819 3004 ι.
837 2957 939 3005 τοῖς
963 2954 1122 3019 δόρασι
1152 2957 1241 3006 τὰς
1281 2957 1368 3006 ἆσ-

312 3027 444 3078 ultas
461 3028 761 3095 συνέκρουον,
781 3033 932 3082 hastis
939 3035 1122 3096 clypeos
1136 3034 1368 3097 percutie-

313 3106 449 3156 bmzt:
486 3107 562 3156 sic
587 3110 823 3158 nimirum
847 3111 863 3138 ‘
878 3111 1027 3162 Jovis
1051 3112 1194 3161 illum
1214 3111 1368 3175 Vagi-

313 3189 418 3232 tum
446 3185 499 3233 in
518 3184 681 3234 Creta
697 3186 955 3249 quondam
984 3189 1270 3238 occultasse
1292 3186 1369 3237 fe·

312 3262 660 3325 runtur,...Ne
672 3263 1052 3315 Saturnnseum
1068 3264 1212 3314 malis
1229 3279 1372 3314 man·

314 3336 464 3385 daret
487 3336 750 3401 adeptus?
816 3340 1026 3389 Lucret.
1069 3353 1133 3390 ιι.
1171 3343 1285 3390 636.
1319 3347 1375 3390 et

312 3412 469 3475 paulo
493 3419 653 3461 ante:
686 3414 703 3442 ⁴
726 3415 997 3478 Tympana
1024 3422 1169 3465 tenta
1192 3422 1375 3465 sonant

312 3489 521 3552 palmis,
544 3496 602 3538 et
623 3490 864 3552 cymbala
887 3491 1081 3541 circum
1116 3492 1374 3549 Concava,

314 3565 688 3629 raucisonoque
729 3566 990 3615 minantur
1025 3581 1221 3616 cornua
1251 3581 1374 3617 can-

316 3646 388 3698 ιιι,
410 3642 480 3691 Et
499 3641 729 3705 Phrygio
751 3643 984 3692 stimulat
1007 3657 1223 3694 numero
1246 3658 1375 3694 cava

317 3718 448 3767 tibia
486 3725 712 3782 mentes,
766 3720 993 3786 Telaque
1048 3727 1376 3785 praeportant

317 3794 530 3844 violenti
573 3795 721 3859 signa
758 3795 978 3846 furoris?
1044 3795 1240 3846 Omnes
1284 3812 1374 3846 au-

316 3876 422 3920 tem
446 3886 479 3920 a
502 3871 695 3921 Graeco
717 3872 942 3936 origines
964 3887 1146 3936 parum
1168 3871 1375 3922 satisfa-

321 3947 485 4008 ciunt,
528 3955 587 3996 et
625 3949 776 4012 longe
799 3948 983 4011 petitae
1008 3964 1070 4000 ac
1102 3963 1376 4013 perperam

320 4021 557 4073 confictae
594 4024 852 4076 videntur.
917 4027 1088 4090 Magis
1131 4032 1272 4078 certe
1311 4027 1378 4077 ad

322 4113 427 4148 rem
447 4108 528 4148 est
548 4100 682 4165 quod
707 4099 872 4151 refert
901 4102 1055 4152 Diod.
1092 4103 1253 4153 Sicul.
1291 4117 1373 4155 vr.

324 4178 402 4223 11.
434 4175 763 4240 Corybantes
782 4178 950 4227 dictos
972 4192 1001 4227 a
1023 4178 1248 4242 Cybeles
1268 4179 1374 4230 filio

327 4251 641 4317 Corybante,
657 4254 744 4319 qui
760 4269 905 4306 sacra
922 4255 1106 4307 Matris
1131 4256 1296 4307 Deum
1318 4259 1372 4307 in

1440 2270 1771 2321 cumbebant.
2475 2302 2484 2309 .

1505 2353 1539 2397 9
1561 2346 1743 2396 Tristes
1761 2343 1944 2407 κείνω]
1970 2343 2114 2395 Nihil
2137 2356 2284 2407 aeque
2307 2341 2499 2391 violen-

1444 2429 1551 2472 tum
1569 2431 1652 2474 est
1671 2429 1728 2472 ut
1743 2423 1906 2472 iratus
1925 2434 2069 2470 amor
2093 2434 2153 2469 ac
2175 2417 2343 2468 tristis
2360 2416 2500 2481 quod

1443 2513 1497 2547 se
1519 2499 1696 2562 sperni
1714 2497 1929 2559 sentiat,
1948 2496 2208 2559 aliumque
2228 2490 2498 2557 praeferriz

1444 2584 1573 2627 tunc
1638 2583 1874 2626 extrema
1924 2587 2146 2640 qumque
2169 2606 2172 2611 ·
2200 2571 2515 2632 meditatur,-

1445 2659 1604 2716 atque
1647 2651 1806 2701 etiam
1850 2656 2021 2701 tentat
2057 2663 2121 2699 ac
2158 2647 2372 2697 molitur
2408 2660 2505 2695 sae-

1445 2742 1578 2791 prus.

1511 2805 1681 2868 Neque
1706 2805 1913 2854 Noricus
1932 2804 2160 2853 Deterret
2193 2798 2345 2862 eneis]
2373 2799 2503 2847 Per·

1446 2881 1521 2945 git
1546 2882 1826 2932 ostendere
1855 2882 1946 2931 irae
1971 2879 2328 2945 pertinaciam,
2349 2891 2503 2942 quam

1448 2972 1547 3012 nec
1578 2957 1771 3023 frangit
1793 2972 2047 3006 armorum
2071 2963 2164 3007 ant
2183 2955 2366 3005 mortis
2387 2954 2504 3003 hor-

1447 3051 1555 3100 ror,
1589 3052 1683 3087 nec
1707 3036 1902 3100 ignium
1938 3042 2030 3085 aut
2063 3032 2210 3085 Jovis
2232 3033 2394 3096 ipsius
2427 3037 2506 3080 to·

1449 3114 1621 3163 nantis
1642 3112 1818 3177 fragor
1839 3127 1899 3160 ac
1924 3119 2110 3162 metus.
2181 3110 2384 3159 Noricus
2427 3121 2506 3156 eu-

1447 3189 1541 3253 sis]
1573 3190 1776 3254 Optimi
1801 3190 2000 3240 scilicet
2022 3201 2170 3238 enses
2186 3184 2512 3243 fabricantur

1453 3267 1504 3315 in
1525 3281 1589 3315 ea
1609 3267 1818 3329 regione
1832 3264 2017 3329 Illyrii.
2055 3264 2408 3314 Plin.xxx1v.
2426 3264 2506 3309 14.

1454 3347 1469 3371 ‘
1488 3341 1629 3392 Alibi
1652 3356 1785 3391 vena
1810 3341 2099 3390 bonitatem
2117 3340 2251 3389 hanc
2273 3341 2509 3402 praestat,

1454 3427 1512 3468 ut
1533 3420 1585 3468 in
1606 3418 1844 3471 Noricisz
1880 3417 2003 3468 alibi
2041 3416 2263 3479 factura,
2303 3423 2362 3466 ut
2395 3415 2508 3464 Sul·

1453 3509 1605 3545 mone
1628 3495 1795 3559 sque!

1519 3576 1585 3621 10
1641 3573 1747 3623 Nec
1785 3586 1916 3622 mare
1949 3571 2251 3632 naufragum,
2284 3568 2390 3630 θα]
2424 3565 2512 3615 Sic

1453 3650 1543 3713 qui
1586 3648 1652 3698 ad
1690 3649 1937 3698 ultionem
1977 3645 2278 3710 parandam,
2321 3644 2402 3690 vel
2441 3642 2508 3689 ad

1455 3723 1794 3788 quaerendum
1822 3721 1961 3786 quod
1997 3721 2331 3769 vehementer
2372 3722 2514 3765 amat

1454 3798 1746 3859 contendit,
1763 3811 1856 3861 per
1871 3796 2029 3846 maris
2051 3793 2351 3844 discrimina
2372 3806 2515 3857 qnae·

1455 3875 1604 3936 libet,
1627 3888 1721 3937 per
1743 3875 1865 3935 tela,
1894 3886 1991 3936 per
2022 3872 2169 3937 ignes
2202 3869 2513 3935 intrepidus,

1457 3965 1518 4001 ac
1555 3963 1697 4000 caeco
1720 3951 1861 3999 velut
1883 3949 2080 4014 impetu
2102 3948 2303 4012 rapitur
2318 3953 2374 3996 et
2392 3961 2511 4010 pro-

1457 4033 1641 4091 perat:
1675 4040 1777 4076 nec
1811 4026 1916 4075 ulla
1950 4033 2171 4090 unquam
2199 4023 2512 4082 reverentia,

1457 4118 1555 4153 nec
1579 4117 1770 4167 pavore
1793 4102 2139 4152 tonitruorum
2159 4116 2219 4152 ac
2241 4098 2508 4150 fulminum

1457 4179 1755 4231 retardatur
1778 4184 1867 4229 sut
1886 4180 2198 4231 deterretur.
