3059 4909
973 409 1385 462 cARMmuM
1439 417 1585 466 mn.
1619 419 1680 468 J.
1725 404 1833 470 25.

2368 410 2496 477 179

565 548 739 613 Cum
769 551 895 615 tibi
924 551 1212 635 flagrans
1243 574 1448 634 amor,
1479 564 1548 623 ct
1577 511 1813 638 libido,
1915 643 1930 650 ᾖ

565 648 740 728 Quae
771 653 942 719 solet
969 661 1217 720 matres
1247 657 1493 723 furiare
1524 681 1872 744 equorum,

559 751 809 817 Saeviet
838 756 1014 821 circa
1031 756 1229 841 jecur
1258 759 1647 826 ulcerosum
1676 782 1696 844 ς

1077 859 1239 923 Non
1269 862 1415 925 sine
1445 870 1709 945 questu,

2410 772 2493 836 15

560 953 752 1021 Laeta
783 957 958 1040 quod
986 961 1200 1042 pubes
1229 962 1469 1029 hedera
1496 966 1743 1034 virenti

296 1162 448 1212 Limoe
468 1164 868 1227 intemnenstrum

899 1172 1082 1233 quando
1115 1170 1394 1221 libidinosus
1413 1175 1573 1239 ardor,
1606 1176 1686 1239 qui
1706 1177 1857 1226 suevit
1890 1193 2028 1241 equas
2052 1182 2243 1230 reddere
2261 1182 2494 1245 furiosas,

296 1227 672 1291 inflammabitur
688 1234 752 1281 ad
772 1234 919 1297 hepar
939 1239 1073 1284 tuum
1094 1236 1323 1285 ulceribus
1344 1239 1535 1300 plenum
1548 1256 1569 1298 ,-
1603 1241 1728 1290 haud
1747 1242 1917 1316 ubsque
1938 1245 2084 1309 luctu,
2107 1261 2160 1295 eo
2180 1250 2301 1309 quod
2320 1247 2495 1305 juven·

1214 1396 1427 1417 “NG“
1432 1397 1458 1416 O
1463 1398 1580 1419 &OQ

296 1517 396 1565 que
421 1506 594 1555 secuti
633 1515 754 1557 sunt
779 1508 994 1558 Mitscli.
1026 1517 1081 1559 et
1103 1512 1438 1565 Wakefi—IT
1473 1519 1489 1546 ‘
1510 1518 1686 1567 Bentl.
1710 1518 1892 1568 virente
1914 1532 1943 1568 e
1967 1532 2059 1567 suo
2083 1518 2201 1568 cod.
2225 1518 2399 1567 Graev.
2440 1517 2496 1592 et

295 1566 431 1618 Mar.
457 1570 600 1620 Vict.
643 1586 693 1634 p.
715 1577 862 1621 2604.
897 1582 1087 1637 putans
1112 1578 1269 1627 etiam
1295 1580 1344 1628 id
1386 1597 1500 1630 esse
1523 1583 1891 1631 consuetudini
1930 1582 2140 1632 Horatii
2161 1590 2214 1631 et
2239 1582 2496 1645 Augustei

293 1635 470 1682 saeculi
493 1638 909 1701 convenientius,
932 1653 1081 1704 quam
1104 1642 1299 1695 virenti.
1364 1646 1469 1696 Sed
1507 1662 1624 1696 cum
1666 1647 1721 1696 in
1757 1648 1873 1710 ipso
1915 1648 2139 1698 Horatio
2178 1648 2339 1697 multa
2374 1652 2496 1694 sunt

1284 1808 1500 1886 Nom:
1538 1829 1544 1834 ·

290 1906 579 1973 improprie
607 1917 662 1962 et
683 1919 1088 1979 καταχρηστικῶς·
1127 1920 1352 1981 quando-

289 1983 501 2046 quidem
517 1997 700 2039 ventus
716 1994 1160 2056 septemtrionalis
1175 1996 1230 2046 in
1246 1996 1353 2047 Ita-

289 2058 412 2109 liam
456 2076 784 2129 nequaquam
835 2084 865 2117 a
916 2071 1139 2121 Thracia
1193 2075 1352 2124 venit.

290 2135 467 2199 Epod.
517 2154 643 2190 xur.
688 2148 737 2194 8.
778 2147 794 2174 ‘
821 2146 974 2197 Nunc
1017 2163 1177 2205 mare,
1221 2165 1355 2202 nunc

288 2212 448 2273 syliiae
462 2214 709 2268 Threicio
730 2218 987 2283 Aquilone
1012 2224 1231 2286 sonant‚'
1253 2229 1354 2275 διο.

354 2289 636 2341 ΒαοεΙιαπτο
658 2297 814 2356 magis
843 2298 927 2346 sub
958 2300 1244 2365 interlunia]
1277 2304 1357 2353 Eo

287 2367 532 2426 tempore
571 2369 704 2431 quod
747 2372 1026 2424 intercedit
1059 2377 1197 2427 inter
1228 2378 1358 2430 duas

287 2437 484 2502 Lunae,
525 2452 755 2494 veterem
791 2454 850 2498 et
891 2463 1112 2512 novam3
1157 2453 1211 2502 id
1256 2462 1356 2517 est,

287 2527 406 2562 cum
433 2516 589 2567 Luna
609 2532 710 2568 non
734 2532 973 2586 apparet,
1011 2534 1119 2576 tum
1158 2529 1356 2579 crebrae

288 2600 409 2640 sunt
449 2599 810 2661 tempestates,
844 2607 898 2651 et
934 2600 1229 2663 frigidiores
1274 2622 1359 2655 ve-

287 2666 744 2736 hementioresque
763 2676 921 2725 venti.
947 2679 1286 2743 Tlieopbrast.
1303 2682 1360 2732 li·

287 2740 425 2792 bello
451 2743 521 2792 de
539 2745 741 2799 Ventis.
763 2747 1139 2818 χὲιμερινῶτεραι
1159 2758 1256 2805 τῶν
1271 2775 1359 2816 μη-

287 2820 381 2866 νῶν
398 2819 452 2867 αἱ
475 2818 682 2872 σύνοδοι.
713 2824 1010 2890 Inter-lunia]
1028 2830 1226 2880 Plinius
1240 2845 1359 2883 xvr.>

286 2897 368 2943 39.
386 2896 541 2959 dicit,
563 2898 899 2951 interlunium
924 2906 1049 2954 alios
1073 2905 1230 2955 Luna
1255 2908 1356 2958 coi·

286 2977 399 3024 tum
439 2967 598 3036 (fluia
620 2990 808 3041 nempe
837 2975 961 3030 tunc
993 2981 1081 3030 Sol
1114 2997 1230 3032 cum
1258 2986 1356 3033 Lu-

284 3063 349 3098 na
366 3052 706 3114 conjungitur
719 3062 775 3102 et
790 3059 1131 3119 congreditur
1148 3074 1164 3107 t
1205 3060 1357 3111 Grae-

284 3124 334 3173 ci
367 3124 572 3174 σύνοδον
604 3130 684 3178 vel
723 3131 962 3197 συνόδων)
1000 3134 1126 3190 elios
1155 3137 1358 3187 silentis

285 3193 453 3250 Lunee
489 3203 773 3265 appellare.
839 3208 910 3256 Et
941 3220 1106 3259 xvm.
1133 3213 1214 3260 32.
1257 3213 1273 3240 ‘
1297 3212 1358 3262 In

289 3277 459 3339 coitu,
485 3279 621 3342 quod
643 3280 974 3333 interlunium
1000 3295 1208 3347 vocent,
1240 3303 1358 3338 cum

224 3386 231 3389 -
291 3365 553 3414 apparere
571 3355 819 3406 desierit!
851 3360 967 3409 Hoc
993 3375 1149 3423 porro
1171 3363 1355 3426 Virgil.

289 3427 307 3460 ⁴
326 3428 501 3478 Lunae
516 3430 773 3481 silentium
793 3438 830 3494 3¹
856 3434 1015 3498 Apul.
1041 3439 1057 3465 ‘
1077 3437 1357 3501 Illuninm,’

289 3503 465 3553 Varro
507 3505 523 3532 ‘
544 3506 1028 3558 intermenstruum'
1073 3522 1359 3578 nuncupat.

293 3581 463 3645 Lege,
486 3582 531 3630 si
557 3592 725 3645 vacat,
749 3586 879 3638 Coel.
904 3588 1127 3653 Rbodig.
1154 3604 1252 3642 xx.
1273 3597 1355 3643 32.

360 3663 432 3708 14
472 3660 724 3714 Quaesoke
736 3665 1104 3724 matresfuriare
1120 3672 1361 3735 equorum]

230 3745 239 3752 ·
294 3733 429 3783 Rem
450 3734 685 3796 explicat
712 3738 899 3800 virgil.
921 3740 1116 3805 Georg.
1140 3757 1221 3794 111.
1243 3748 1360 3794 266.

290 3808 306 3834 ‘
328 3809 554 3859 Scilicet
581 3820 702 3860 ente
733 3826 910 3864 omnes
932 3815 1078 3866 furor
1099 3825 1182 3870 est
1202 3819 1361 3882 insig-

290 3881 375 3930 nis
399 3896 687 3946 equarum:
714 3889 784 3936 Et
801 3897 1024 3941 mentem
1046 3893 1224 3942 Venus
1248 3894 1361 3956 ipsa

291 3956 484 4018 dedit:
520 3960 620 4007 ἅτε.
686 3960 940 4016 Prudent.
986 3973 1170 4014 contra
1212 3966 1359 4028 Sym·

291 4033 536 4082 maehum
561 4048 602 4081 1.
626 4037 705 4084 15.
737 4036 753 4063 ‘
769 4035 989 4090 Advena
1017 4054 1144 4104 quos
1183 4040 1358 4103 profu-

295 4123 391 4171 gus
429 4108 670 4173 gignens,
702 4120 758 4162 et
779 4115 968 4178 equina
990 4116 1150 4166 libido
1173 4117 1359 4166 Intulit

291 4183 508 4237 ltaliae:
558 4186 742 4238 Tuscis
781 4203 1001 4253 numque
1044 4192 1130 4240 ille
1177 4191 1359 4256 puellis

291 4259 510 4312 Primus
545 4261 849 4328 adhinnivit,
882 4266 1118 4318 simulato
1152 4266 1359 4319 numine

1433 1922 1698 1971 moechus!
1736 1909 1742 1914 ’
1763 1922 1881 1971 Huc
1900 1921 2057 1971 etiam
2079 1919 2308 1985 pertinet
2326 1918 2495 1966 audax

1435 2002 1490 2044 et
1512 1997 1719 2059 elegans
1740 2009 1799 2044 ea
1823 1996 1984 2045 dictio
2005 2010 2157 2060 quam
2177 1995 2228 2042 in
2251 1993 2497 2042 Pisonem

1436 2072 1650 2122 adhibet
1685 2072 1901 2134 ΤιιΙΙίιιε,
1933 2085 1987 2120 n.
2021 2075 2102 2121 69.
2133 2072 2149 2098 ‘
2174 2070 2359 2136 Itaque
2401 2069 2490 2117 ad-

1435 2148 1697 2198 missarius
1731 2149 1848 2209 iste,
1884 2149 2033 2196 simul
2065 2156 2220 2211 atque
2244 2144 2440 2195 audivit
2464 2159 2495 2193 a

1437 2225 1752 2290 Philosoplro
1766 2226 2084 2287 voluptatem
2100 2230 2374 2286 tantopere
2385 2221 2497 2270 lau-

1426 2300 1565 2370 dari,
1603 2302 1725 2350 nihil
1766 2301 2063 2364 expiscatus
2100 2305 2214 2348 est:
2258 2299 2332 2347 sic
2377 2312 2497 2346 suos

1436 2390 1616 2425 sensus
1662 2377 1978 2439 voluptarios
2021 2388 2197 2424 omnes
2242 2372 2497 2433 incitavit,

1437 2453 1512 2501 sic
1536 2453 1599 2501 ad
1634 2454 1772 2501 illius
1804 2453 1936 2500 lianc
1956 2450 2242 2499 orationem
2266 2448 2497 2497 adhinni-

1441 2527 1537 2587 vit,
1571 2535 1630 2577 ut
1667 2542 1769 2575 non
1814 2525 2370 2589 magistrum.virtutis‚
2404 2523 2497 2572 sed

1440 2610 1704 2652 auctorem
1736 2602 1962 2650 libidinis
1993 2616 2024 2649 a
2055 2614 2110 2648 se
2142 2599 2286 2647 illum
2319 2599 2499 2648 inven-

1444 2686 1549 2728 tum
1577 2680 1955 2729 arbitraretur-⁹
2053 2693 2057 2697 ·

1507 2759 1567 2803 15
1604 2754 1783 2804 Sceviet
1796 2747 2062 2813 circajecur
2075 2750 2353 2813 ulcerosum]
2368 2748 2496 2797 Cum

1441 2837 1495 2879 te
1541 2830 1765 2880 libidinis
1805 2836 1925 2893 aget
1967 2827 2111 2877 furor
2164 2826 2298 2881 talis,
2333 2825 2498 2889 qualis

1440 2920 1554 2956 esse
1577 2908 1710 2955 solet
1731 2906 1939 2970 equina,
1960 2902 2398 2965 inflammabitque
2413 2901 2499 2964 je-

1440 2997 1533 3030 cur
1567 2988 1749 3043 tuum;
1786 2989 1891 3031 tum
1932 2987 2079 3030 certe
2116 2980 2294 3027 mirum
2319 2978 2370 3026 in
2396 2991 2499 3026 mo·

1438 3058 1561 3107 dum
1605 3058 2014 3108 discruciabere.
2079 3053 2251 3115 Jecur]
2294 3053 2358 3102 In
2397 3066 2498 3116 quo

1440 3135 1628 3184 amoris
1654 3134 1805 3183 sedes
1840 3140 1921 3183 est
1954 3138 2112 3195 atque
2131 3130 2395 3189 libidinis3
2432 3143 2500 3177 ex

1438 3210 1659 3259 Platone
1698 3218 1754 3259 et
1794 3210 1923 3259 aliis.
1997 3208 2291 3271 Ulo'erosum]
2347 3207 2500 3255 Intus

1438 3286 1654 3336 libidine
1678 3286 1837 3335 mults
1862 3285 2109 3345 saucium,
2143 3284 2401 3345 tectisque
2426 3280 2501 3329 ul-

1436 3362 1642 3412 ceribus
1686 3366 2009 3425 corruptum.
2079 3362 2219 3411 Non.
2261 3355 2501 3407 Marcell.

1439 3439 1669 3502 ‘Ulcus,'
1708 3439 1894 3504 inquit,
1939 3441 2117 3488 ‘tecta
2146 3444 2225 3485 est
2249 3443 2303 3482 et
2325 3434 2501 3483 clausa

1437 3512 1764 3578 malignitas-³
1833 3513 1904 3561 Et
1924 3511 2134 3562 Servius
2157 3526 2225 3560 ex
2249 3510 2501 3568 Varrone,

1436 3592 1451 3617 ‘
1470 3589 1670 3638 Vitium
1708 3589 1964 3638 obscoenae
1999 3586 2226 3636 libidinis
2249 3585 2390 3633 ulcus
2414 3596 2500 3631 vo·

1439 3663 1626 3713 catur.'.

1506 3744 1569 3789 16
1605 3741 1720 3788 Non
1740 3739 1843 3786 sine
1877 3741 2060 3800 questu,
2086 3735 2229 3783 Μία
2262 3733 2385 3795 quod
2413 3745 2504 3794 pu-

1441 3816 1537 3878 bes,
1558 3816 1666 3877 esa]
1696 3814 1882 3875 Neque
1906 3811 2101 3875 poteris
2126 3810 2356 3858 dolorem
2376 3822 2501 3856 cou-

1443 3889 1630 3945 tinere,
1647 3888 1772 3951 quin
1790 3892 2028 3949 erumpat
2046 3887 2097 3934 in
2115 3883 2503 3949 querimoniam,

1439 3963 1581 4027 quod
1606 3963 1831 4024 juvenes
1864 3961 2087 4012 vetulam
2123 3968 2178 4011 te
2213 3957 2500 4018 fastidiant,

1438 4047 1848 4089 marcescentem
1892 4035 2269 4100 posthabeent3
2303 4033 2501 4084 adoles·

1438 4116 1673 4174 centulas
1720 4120 1895 4163 autem
1933 4120 2094 4164 aetate
2128 4113 2355 4163 virentes
2394 4123 2503 4162 sec·

1441 4199 1637 4242 tentor.¹
2261 4231 2268 4238 .

1510 4272 1569 4321 17
1622 4269 1815 4319 Hedera
1868 4265 2045 4318 virenti
2098 4264 2316 4315 Gaudeat
2361 4265 2501 4326 aeque
