3059 4909
950 362 955 369 ’
997 402 1411 453 mmmmm
1462 399 1610 451 mn.
1659 400 1711 451 1.
1755 382 1863 450 16.

2401 383 2533 451 139

1321 543 1549 597 1⁴01*AE

330 643 639 706 Metropolis
659 643 837 707 Troja.

391 719 620 783 Achillei]
652 719 876 771 Achilles
908 716 1215 771 fortissimus
1237 719 1384 771 Grae-

328 811 520 861 corum,
552 789 637 846 vel
674 810 766 845 suo
800 793 1006 845 nomine
1039 794 1173 859 apud
1210 809 1385 845 omnes

325 872 572 922 famosus.

389 952 452 998 35
484 948 613 997 Post
629 952 783 996 certas
796 945 1003 1010 hyemes]
1034 946 1165 997 Post
1183 953 1383 997 certum

326 1038 574 1075 annorum
629 1022 854 1088 spatium
908 1021 1031 1073 fatis
1093 1023 1423 1076 decretum.-

1465 643 1686 694 Chalcas
1712 656 1893 708 augur,
1928 656 1961 692 e
1993 654 2261 706 passerum
2294 653 2530 703 numero,

1465 726 1589 787 post
1610 733 1771 770 annos
1793 719 1973 769 decem
1994 717 2207 781 Trojam
2227 731 2528 781 expugnan-

1465 794 1585 845 dam
1604 794 2011 861 diruendamque
2029 793 2368 857 predixerat.

1535 873 1659 923 Uret
1690 873 1929 924 Achaim
1960 871 2103 934 Ignis
2134 870 2308 920 Iliacas
2344 868 2525 934 domos]

1460 949 1665 1002 Achaia
1719 948 1947 1001 Grauius
1992 962 2132 1013 pars.
2171 946 2525 1010 synecdoche.

1461 1025 1685 1079 Quidam
1708 1026 1906 1090 legunt,
1926 1025 2217 1086 Pergameas
2236 1024 2410 1074 domos.

1191 1214 1388 1283 ODE
1452 1212 1667 1281 XVI.

293 1264 665 1401 ata-{v

835 1384 1263 1434 PALmomA
1310 1368 1416 1433 Af)
1462 1344 2006 1432 TYNDARJDEM.

314 1517 591 1571 Satisfecit
610 1518 916 1585 Tyndaridi‚
937 1518 987 1568 h.
1009 1535 1057 1571 e.
1084 1519 1338 1570 Gratidiae
1372 1518 1747 1584 Unguentariae
1782 1517 2168 1581 Neapolitanae‚
2190 1515 2369 1566 amicae
2390 1529 2522 1580 suae,

376 1615 535 1664 quam
557 1599 611 1649 iu
636 1599 831 1664 Epodis
849 1600 943 1650 sub
965 1600 1194 1651 Canidiae
1209 1602 1416 1651 nomine
1432 1600 1719 1652 miserrime
1741 1600 2080 1650 laceraverat.
2115 1595 2407 1663 (Canidiam
2431 1609 2521 1645 ve-

373 1681 883 1732 hementerlaeserat
904 1682 1072 1732 Poeta
1106 1697 1145 1734 1.
1177 1683 1290 1734 Sat.
1326 1687 1375 1733 8.
1411 1688 1521 1732 tum
1544 1680 1713 1747 Epod.
1747 1695 1804 1732 v.
1837 1688 1894 1732 et
1927 1693 2029 1731 vn.
2065 1691 2192 1746 qnos
2214 1678 2373 1729 libros
2396 1682 2519 1726 ante

374 1760 516 1810 hunc
539 1760 767 1824 scriptos
790 1762 937 1825 ponit
958 1762 1192 1813 Bentleii
1212 1763 1364 1815 ratio.
1412 1762 1550 1813 Haec
1564 1762 1685 1814 Ode
1703 1761 2029 1813 Palinodiam
2050 1761 2287 1812 continet
2304 1758 2387 1809 vel
2407 1771 2522 1807 ver·

375 1856 489 1891 sam
530 1857 561 1891 e
602 1842 789 1892 Groeca
823 1843 1128 1906 Stesichori,
1161 1844 1244 1892 vel
1277 1843 1567 1894 imitatione
1598 1858 1914 1909 expressam,
1937 1843 2074 1909 quod
2112 1841 2308 1892 indicat
2330 1850 2518 1889 nomen

376 1928 391 1952 ⁸
409 1922 764 1990 Tyndaridis,’
797 1930 851 1974 et
883 1925 1077 1989 primus
1115 1940 1315 1976 versus.
1372 1925 1428 1975 Si
1451 1926 1658 1975 omnino
1680 1924 1949 1975 Canidiam
1974 1939 2018 1973 s.
2039 1921 2331 1973 Gratidiam
2357 1916 2517 1981 respi-

377 2005 475 2067 cit,
494 2003 560 2053 de
594 2020 695 2070 quo
719 2004 963 2070 viderint,
987 2005 1074 2070 qui
1096 2003 1372 2071 affirmant,
1395 2006 1507 2056 haec
1542 2004 1837 2068 Palinodia,
1869 2005 1937 2055 ad
1970 2003 2126 2053 filiam
2147 2003 2282 2052 illius
2313 2001 2518 2052 directa

376 2084 605 2137 videtur.
669 2085 807 2136 Nam
831 2086 1098 2161 Canidiam
1113 2086 1224 2150 jam
1246 2102 1397 2137 auum
1421 2083 1553 2139 fecit
1573 2087 1624 2136 iu
1648 2086 2020 2152 superioribus.
2057 2082 2236 2149 (ἕσσει.)

571 2197 674 2264 o!
727 2155 1011 2316 Μζτμ
1041 2161 1306 2308 pp'mhr,
1348 2157 1492 2268 fiiia
1520 2157 1883 2313 pdlcyrffir,
1961 2266 1988 2303 ‘

576 2299 795 2379 Quem
826 2291 1314 2415 criminosisgcu
1386 2324 1518 2390 que
1554 2304 1741 2370 voles
1769 2302 2050 2369 modum

378 2478 424 2524 0
432 2476 650 2539 formoso
666 2475 903 2539 genitrice
923 2482 1039 2526 nota
1052 2477 1331 2543 formosior,
1360 2492 1497 2543 quem
1511 2477 1703 2529 libuerit
1705 2477 1864 2551 finem
1891 2475 2028 2543 dabis
2055 2472 2298 2537 injuriosis
2317 2472 2514 2528 Iuvabit,

1231 2607 1592 2629 OOOOOOOOOOOO

376 2704 501 2756 Ode
525 2705 680 2755 tertia
704 2704 846 2756 Libri
870 2705 1036 2770 quinti
1060 2706 1112 2756 in
1136 2704 1236 2756 Ed.
1259 2705 1538 2756 Sanadoni.
1604 2707 1729 2756 Duo
1751 2705 1905 2755 co'dd.
1935 2701 2224 2765 Torrentii,
2253 2698 2512 2750 Polimdia

316 2769 560 2820 Gratidiae
582 2773 644 2820 od
668 2770 984 2837 Qndoridem
1002 2772 1205 2821 amicam
1218 2787 1242 2831 ,·
1288 2771 1479 2821 vetusti
1501 2769 1625 2821 libri
1647 2786 1731 2835 ap.
1752 2771 1788 2824 J
1792 2771 1894 2833 ani,
1917 2786 2033 2822 cnm
2058 2768 2272 2819 Locher.
2294 2764 2511 2814 Ascens.

315 2843 367 2885 et
401 2836 622 2887 Venett.
658 2836 739 2886 Aa
759 2839 989 2896 amicom5
1054 2837 1166 2895 aiii,
1186 2836 1267 2887 Aa
1299 2837 1732 2902 Tyndaridem—2
1765 2834 1876 2886 Ait.
1898 2840 1947 2887 2.
1985 2835 2137 2892 Quem
2166 2830 2511 2882 lacrimam-

1299 2966 1514 3019 NOTAE

370 3064 608 3115 Metrnm
640 3063 774 3114 idem
798 3063 935 3129 quod
953 3062 1070 3114 Ode
1093 3078 1172 3115 tx.
1193 3081 1368 3131 supra.

372 3142 727 3206 Qnaecumque
760 3143 937 3191 valent
969 3139 1034 3191 ad
1061 3143 1369 3207 placandum

305 3217 459 3280 iram,
493 3217 609 3266 hoec
645 3216 857 3267 adhibet
891 3218 1141 3268 Horatius
1169 3220 1233 3269 ad
1277 3219 1371 3269 mi·

307 3294 579 3358 tigandnm
631 3293 838 3344 offensae
895 3296 1084 3359 puellm
1127 3297 1373 3347 animum.

307 3372 600 3434 scripserat
623 3371 743 3421 oiim
777 3371 986 3421 lambos
1008 3360 1099 3422 aut
1120 3373 1368 3423 adversus

304 3446 495 3509 ipsam,
550 3454 643 3497 ant
685 3455 866 3497 contra
918 3455 1135 3499 matrem
1189 3449 1366 3513 ipsius.

306 3523 428 3573 Jam
452 3524 632 3573 voleus
654 3523 826 3574 redire
848 3524 900 3573 in
924 3525 1143 3588 gratiam
1166 3539 1281 3575 cum
1304 3539 1369 3576 ea

305 3612 461 3662 quam
493 3598 787 3663 deperibat,
827 3603 874 3650 1.
915 3598 1114 3651 fatetur
1151 3615 1208 3651 se
1242 3615 1366 3666 pec·

304 3690 479 3725 casse:
513 3679 564 3726 2.
590 3690 688 3726 non
712 3691 808 3741 per
838 3684 1160 3727 contemtum
1193 3692 1251 3727 se
1284 3677 1364 3727 fe·

302 3752 432 3801 cisse
462 3753 753 3817 quicquam,
790 3752 882 3802 sed
917 3766 1013 3817 per
1048 3754 1195 3816 iram,
1227 3766 1364 3803 asses

303 3827 409 3876 ritz
445 3831 495 3876 3.
521 3827 802 3877 vindictam
828 3826 999 3877 offert.
1057 3829 1225 3877 Porro
1247 3842 1363 3892 quae

304 3902 390 3964 sit,
421 3916 644 3968 qnaeque
683 3910 900 3952 vocetur
936 3904 1102 3953 amica
1134 3904 1224 3952 iila
1260 3917 1364 3952 non

305 3986 528 4029 constat.
588 3979 829 4029 Gratidiae
871 3994 1059 4030 nomen
1105 3980 1368 4043 reperitur

303 4054 360 4103 in
393 4056 700 4119 quibusdam
744 4055 1012 4106 codicibus
1047 4055 1366 4120 inscriptum.

306 4131 410 4181 Alii
462 4136 640 4183 volunt
686 4135 818 4184 hanc
861 4149 974 4185 esse
1016 4134 1360 4199 Tyndaridem

303 4208 461 4274 illam,
483 4210 551 4260 ad
584 4226 739 4277 qnam
774 4211 893 4262 Ode
922 4226 1145 4278 sequens
1167 4227 1362 4264 nuncn-

306 4293 427 4353 pata
447 4296 547 4337 est.

1515 3072 1544 3117 1
1572 3069 1781 3118 Omotre
1801 3064 2120 3131 pnlokmfils’a
2137 3058 2403 3127 pulchrior]
2421 3058 2509 3108 Ai-

1450 3151 1549 3193 unt
1564 3145 1773 3210 qnidam
1786 3145 2039 3208 scriptum
2048 3140 2297 3192 dicaciter
2310 3146 2432 3186 ante
2442 3136 2508 3185 ab

1448 3218 1679 3270 Horatio
1698 3218 1895 3270 suisset
1931 3224 1946 3247 ‘
1964 3218 2013 3268 Ο
2039 3224 2205 3266 matre
2228 3215 2369 3277 turpi
2400 3211 2508 3261 filia

1447 3296 1686 3362 turpior!
1752 3295 2015 3362 Quicquid
2054 3295 2143 3358 sit,
2179 3294 2288 3358 jam
2326 3290 2508 3341 laudat

1448 3376 1658 3439 egregie
1677 3375 1919 3439 pueliam,
1934 3373 2100 3422 sciens
2115 3371 2242 3421 nihil
2263 3367 2377 3419 fere
2398 3380 2509 3417 mu·

1446 3450 1565 3499 lieri
1580 3450 1866 3515 jucundius
1900 3462 2033 3512 esse,
2062 3462 2216 3513 quam
2248 3444 2415 3496 forma
2448 3450 2507 3493 et

1446 3525 1834 3591 pulchritudine
1854 3523 2217 3575 commendari.
2268 3519 2505 3571 Imitatio

1445 3617 1571 3653 vero
1585 3608 1668 3653 est
1685 3601 1989 3663 Stesichori,
2006 3599 2092 3664 qui
2114 3611 2230 3647 cum
2249 3595 2505 3645 Helenam

1445 3680 1705 3747 quandam
1742 3679 1974 3729 Siculam
2012 3674 2206 3745 laynbis
2230 3670 2506 3734 proscidis-

1443 3762 1544 3819 set,
1567 3755 1825 3820 Apollinis
1848 3751 2056 3802 oraculo
2077 3748 2272 3813 primus
2297 3744 2504 3796 Palino-

1444 3832 1582 3882 diam
1622 3844 1834 3891 canens,
1868 3828 2133 3877 oculorum
2160 3836 2326 3889 usum,
2348 3836 2500 3889 quem

1443 3909 1710 3969 amiserat,
1731 3905 1948 3969 recepit.

1508 3988 1542 4033 2
1569 3984 1721 4040 Quem
1741 3980 2006 4032 criminosis
2026 3993 2235 4042 cumque,
2255 3976 2365 4042 ξω]
2393 3977 2504 4027 Cri·

1444 4061 1601 4110 minis
1640 4074 1699 4110 se
1741 4073 1904 4123 reum,
1957 4070 2267 4122 poenamque
2323 4055 2501 4105 subire

1440 4135 1727 4202 quamlibet
1772 4151 1828 4199 se
1884 4142 2124 4199 paratum
2176 4130 2456 4196 profitetur
2480 4146 2497 4191 ς

1441 4215 1674 4277 ejusque,
1702 4227 1854 4278 qnam
1889 4212 2041 4276 loesit,
2072 4209 2290 4260 arbitrio
2311 4215 2500 4259 cuncta

1441 4290 1720 4354 permittit.
