3059 4909
1054 347 1467 399 csnumtm
1526 349 1692 398 ms..
1717 350 1768 399 ι.
1811 334 1917 401 12.

2345 332 2358 342 ’
2453 337 2583 404 119

644 492 877 573 Liber;
923 499 992 558 et
1021 488 1231 559 saevis
1261 494 1749 578 inimica.virgo

648 595 943 678 Belluis3
988 615 1110 661 nec
1138 603 1229 673 te,
1259 596 1612 662 metuende
1636 601 1819 662 certa

1165 698 1433 763 Phoebe
1462 701 1734 782 sagitta.

645 797 893 863 Dicam
924 804 991 863 et
1018 798 1330 878 Alciden,
1361 819 1741 885 puerosque
1772 799 2016 883 Ledae3

647 900 858 965 Hunc
888 902 1099 985 equis,
1130 901 1317 966 illum
1348 920 1655 985 superare
1685 902 1925 985 pugnis

643 1003 1007 1069 Nobilem:
1055 1023 1338 1088 quorum
1370 1004 1569 1068 simul
1600 1004 1757 1069 alba
1784 1005 2008 1070 nautis

1157 1107 1370 1172 Stella
1398 1106 1680 1183 refulsit,

643 1208 896 1274 Defluit
926 1210 1116 1274 saxis
1144 1211 1429 1293 agitatus
1452 1211 1715 1286 humor,

646 1310 1021 1376 Concidunt
1046 1315 1246 1391 venti,
1276 1314 1670 1399 fugiuntque
1699 1313 1933 1388 nubes,

645 1413 994 1491 Etminax
1021 1415 1232 1500 (quod
1264 1417 1364 1481 sic
1399 1413 1705 1500 voluere)
1732 1424 1949 1501 ponto

1163 1516 1363 1584 Unda
1393 1520 1742 1586 recumbit.

381 1690 560 1740 delibus
582 1690 758 1752 infesta
771 1710 787 1742 .·
820 1708 967 1758 neque
983 1699 1052 1756 te,
1090 1692 1278 1759 Apollo,
1308 1695 1417 1744 telis
1449 1693 1826 1745 ineluctabilibus
1846 1694 2170 1755 fomidande.
2239 1686 2419 1743 Cam
2438 1690 2586 1741 etism

384 1754 656 1819 Herculem,
689 1772 774 1806 nec
793 1773 884 1807 non
903 1759 1040 1824 filios
1060 1759 1224 1816 Ledoe,
1244 1761 1444 1809 alterum
1465 1761 1618 1822 equis,
1650 1761 1850 1809 alterum
1879 1761 2057 1823 pugnis
2086 1761 2356 1816 illustram·
2387 1770 2586 1821 quorun

381 1819 514 1869 sidus
533 1823 785 1871 candidum
816 1823 899 1872 ubi
917 1824 1125 1886 primum
1145 1825 1307 1872 nautis
1339 1825 1521 1881 illuxit,
1542 1823 1708 1873 statim
1727 1825 1980 1874 <concitata
2011 1827 2140 1873 unda
2170 1824 2371 1886 scopulis
2391 1821 2585 1881 decidit,

385 1885 630 1946 quiescunt
663 1888 809 1950 renti,
828 1889 992 1938 nubila
1013 1894 1308 1950 armarunt,
1322 1894 1372 1938 et
1390 1889 1540 1938 maris
1560 1889 1679 1938 irati
1691 1889 1939 1939 subsidunt
1948 1889 2152 1954 fluctus,
2168 1888 2384 1951 quoniam
2400 1884 2584 1946 trajan-

1313 2014 1342 2034 O
1345 2015 1676 2036 ‘mum

382 2100 445 2146 28
479 2097 656 2146 Sidera
663 2097 864 2159 fulgent
888 2098 1112 2147 Florent.
1136 2101 1281 2146 1482.
1308 2104 1365 2147 et
1386 2099 1606 2149 Venett.
1634 2098 1779 2148 1483.
1804 2101 1948 2150 1486.
1972 2102 2247 2149 lame-81
2284 2096 2583 2155 Insolenter

384 2162 586 2210 variant
609 2163 774 2212 Codd.
796 2163 849 2211 in
872 2163 925 2212 h.
951 2178 1026 2211 vs.
1060 2165 1180 2225 quod
1200 2163 1269 2212 sic
1288 2163 1474 2212 voluere
1496 2162 1619 2214 Aer.
1646 2164 1839 2227 Por-ph.
1874 2165 2059 2216 Lamb.
2079 2171 2322 2229 quintum.
2357 2161 2580 2212 Mentel.

384 2237 438 2275 et
458 2229 533 2275 sic
555 2226 676 2275 Ald.
700 2227 950 2277 Glarean.
972 2228 1148 2276 Lamb.
1172 2228 1317 2277 Torr.
1357 2228 1514 2290 Cruq.
1558 2228 1761 2279 Fabric.
1796 2229 1925 2278 Fab.
1962 2230 2121 2293 Rutg.
2152 2229 2334 2293 Stepb.
2370 2227 2482 2291 quia
2514 2226 2584 2275 sie

382 2293 566 2341 minere
585 2294 898 2341 vetustiores
922 2293 1165 2353 Bentleii,
1205 2306 1383 2341 omnes
1407 2292 1564 2355 Cruq.
1588 2300 1783 2356 praeter
1806 2309 1982 2355 unnim,
2006 2295 2179 2345 Pulm.
2204 2299 2251 2345 l.
2272 2299 2322 2343 4.
2359 2293 2511 2343 Harl.
2537 2295 2583 2342 l.

383 2359 430 2406 2.
451 2360 499 2404 3.
521 2360 572 2406 4.
590 2361 642 2406 5.
667 2360 718 2408 6.
749 2364 856 2408 tres
882 2358 1082 2407 Bersm.
1102 2359 1269 2421 Lipss.
1295 2357 1398 2407 Alt.
1418 2361 1468 2407 2.
1499 2357 1571 2406 sic
1592 2359 1665 2408 Di
1697 2360 1883 2408 voluere
1903 2360 2099 2410 Muret-
2122 2360 2341 2410 Venett.
2366 2357 2584 2407 Ascens.

1370 2502 1584 2553 NOTAE

382 2619 560 2663 tatem.
629 2617 710 2665 De
752 2616 938 2667 bellica
980 2616 1095 2681 ejus
1139 2616 1336 2665 virtute
1377 2631 1437 2666 ac

380 2691 571 2752 praeliis
603 2691 724 2741 vide
762 2693 922 2742 Diod.
952 2694 1112 2743 Sicul-
1146 2693 1237 2743 lib.
1260 2707 1315 2743 v·
1336 2696 1436 2743 ὅτε.

385 2766 506 2815 item
532 2767 662 2817 iufra
684 2781 746 2817 ιι.
772 2765 877 2818 Od.
900 2773 982 2819 19.

440 2848 507 2894 22
546 2845 613 2894 Et
648 2846 786 2894 soevis
821 2845 1015 2895 inimica
1055 2845 1195 2908 virgo
1232 2844 1438 2910 Belluis]

378 2919 552 2970 Diana
577 2922 830 2981 venatrix,
852 2922 1035 2970 eodem
1058 2936 1174 2971 cum
1197 2920 1438 2986 Apolline

379 3003 534 3061 partu
568 2997 734 3060 edita,
765 2998 916 3049 Jovis
940 2997 1067 3060 filia,
1089 3011 1350 3047 nemorum
1375 3013 1461 3047 ac

380 3074 634 3139 sylvarum
676 3077 809 3138 Dea,
841 3090 964 3125 arcu
995 3082 1052 3126 et
1074 3075 1276 3138 sagittis
1298 3074 1437 3124 feras

379 3151 565 3201 sectari
592 3159 812 3203 assueta.

441 3232 505 3277 23
542 3230 647 3278 Nec
689 3234 755 3288 te,
791 3231 1036 3278 metuende
1073 3234 1223 3291 certa,
1265 3227 1437 3278 Phoebe

375 3306 583 3370 sagitta]
620 3305 758 3355 Arcu
783 3306 915 3355 euim
940 3316 993 3355 et
1018 3306 1221 3368 sagittis
1246 3306 1436 3368 valere,

378 3384 662 3443 praesertim
683 3382 748 3432 ob
767 3382 974 3432 Nioben
1000 3397 1114 3431 cum
1140 3381 1253 3430 filiis
1274 3383 1435 3432 inter-

377 3455 588 3520 fectam,
601 3473 806 3522 semper
820 3458 1051 3509 creditus
1066 3458 1275 3523 Apollo.
1309 3459 1437 3510 Dic·

381 3542 460 3582 tus
498 3544 674 3585 sutem
714 3536 962 3599 Phoebus,
1001 3537 1145 3603 quasi
1181 3540 1280 3599 φῶς
1313 3535 1440 3598 βίον,

378 3609 463 3659 lu'x
480 3611 612 3660 vito.

439 3692 504 3738 25
524 3687 752 3750 Alciden]
777 3688 1032 3739 Hercules
1052 3690 1126 3738 ita
1142 3689 1332 3746 dictus,
1349 3706 1438 3739 seu

378 3764 511 3827 quod
545 3772 685 3814 esset
717 3764 882 3814 Alcaei
907 3780 1085 3830 nepos,
1117 3780 1209 3815 seu
1235 3765 1329 3815 ἆπδ
1347 3768 1436 3825 τῆς

378 3839 548 3901 ἆλκῆς,
570 3859 600 3890 a
622 3840 802 3891 robore.

441 3920 715 3981 Puerosque
735 3918 903 3982 Ledoe]
927 3917 1216 3979 Castorem,
1241 3925 1295 3966 et
1312 3919 1435 3968 Pol-

376 3993 559 4056 lucem,
581 3994 733 4042 alium
757 3996 1005 4057 equestri,
1028 3994 1182 4043 alium
1208 3994 1434 4057 pedestri

377 4067 627 4132 inclytum
655 4083 844 4130 pugna.
894 4069 1054 4121 Ovid.
1079 4070 1222 4120 Fast.
1247 4084 1300 4120 v.
1320 4074 1436 4121 700.

378 4147 393 4174 ⁴
415 4145 730 4209 Tyndaridas
760 4144 985 4206 fratres}
1017 4144 1101 4196 hie
1137 4161 1312 4210 eques,
1349 4147 1435 4196 ille

284 4240 289 4245 ·
382 4222 554 4287 pugil.’
575 4224 583 4230 ’

1582 2621 1647 2666 27
1683 2617 1892 2673 Quorum
1927 2615 2070 2666 simul
2112 2614 2220 2664 elba
2255 2614 2438 2673 nautis,
2476 2611 2582 2677 ενα]

1519 2693 1654 2742 Vide
1699 2692 1915 2742 Homeri
1955 2692 2151 2756 Hymn.
2183 2691 2235 2739 in
2272 2690 2582 2739 Dioscuros.

1520 2771 1589 2821 Et
1606 2786 1767 2836 supra
1784 2770 1889 2822 od.
1906 2784 1991 2821 ιιι.
2010 2785 2086 2819 vs.
2105 2774 2152 2819 2.
2176 2768 2240 2817 ad
2259 2766 2419 2817 verba
2437 2768 2581 2830 haec;

1517 2849 1535 2877 ‘
1562 2848 1733 2897 lucida
1755 2847 1964 2898 sidera?
2003 2846 2170 2896 Aiunt
2190 2857 2376 2906 nempe
2397 2842 2581 2893 Astro-

1517 2924 1621 2988 logi
1646 2924 1894 2987 propitius
1913 2938 1975 2973 ac
1992 2923 2247 2971 salutares
2265 2934 2382 2969 esse
2402 2920 2581 2970 stellas

1519 3002 1768 3064 geminas,
1789 3015 1890 3051 non
1915 3000 1988 3049 ita
2003 3013 2127 3048 vero
2150 2996 2419 3047 solitarias.

1581 3082 1647 3127 29
1673 3077 1865 3142 Defluit
1884 3077 2016 3125 saxis
2031 3074 2245 3136 agitatus
2261 3071 2451 3135 humor]
2474 3070 2585 3119 Un-

1520 3156 1589 3205 da
1612 3170 1853 3219 spumans
1877 3156 2086 3219 jactata
2108 3153 2160 3200 in
2185 3150 2423 3214 scopulos
2446 3154 2504 3197 et
2526 3147 2580 3197 in

1518 3233 1680 3282 altum
1722 3231 1928 3281 sublata
1964 3228 2169 3291 defluit,
2201 3242 2319 3276 cnm
2358 3224 2578 3288 primum

1514 3309 1805 3359 faventibus
1847 3309 2066 3358 Castore
2104 3313 2160 3355 et
2200 3305 2412 3354 Polluce
2450 3308 2580 3351 tem-

1517 3392 1692 3450 pestas
1714 3385 1945 3434 sedatur.
2012 3384 2131 3442 Vel,
2161 3396 2297 3445 aqua
2331 3393 2426 3443 per
2457 3378 2581 3442 hye-

1515 3477 1652 3511 mem
1670 3463 1790 3526 gelu
1808 3467 2061 3511 concreta
2077 3465 2131 3508 et
2153 3457 2290 3506 saxis
2310 3455 2581 3504 adbaerens

1516 3545 1627 3590 tum
1663 3539 1941 3591 resolvitur
1960 3551 2021 3585 ac
2042 3533 2175 3596 fluit,
2196 3548 2310 3582 cum
2341 3531 2580 3580 oriuntur

1518 3616 1706 3665 Castor
1743 3620 1799 3663 et
1839 3613 2046 3671 Pollux,
2083 3622 2205 3658 vere
2241 3606 2498 3664 nimirum,
2526 3607 2591 3653 et·

1519 3690 1834 3738 ascendente
1858 3686 2191 3736 Geminorum
2214 3680 2404 3729 sidere.
2449 3679 2580 3730 Qui·

1515 3764 1634 3813 dam
1669 3763 2101 3822 interpretantur,
2122 3757 2305 3819 defluit,
2327 3752 2492 3803 fluere
2523 3759 2581 3803 et

1517 3839 1703 3902 agitari
1726 3835 1916 3886 desinit
1939 3849 2072 3899 aqua
2088 3833 2262 3892 maris,
2280 3839 2402 3880 ante
2421 3831 2472 3879 in
2498 3844 2581 3878 ru·

1516 3929 1613 3978 pes
1634 3914 1771 3963 illisa
1792 3927 1886 3976 per
1904 3910 2264 3974 impulsionem
2287 3916 2579 3968 ventorum,

1517 3999 1574 4041 et
1590 3990 1990 4040 concitationem
2014 3985 2279 4036 fluctuum.

1583 4072 1643 4117 31
1687 4067 1824 4123 Quod
1866 4065 1936 4113 sic
1969 4061 2178 4124 voluere]
2222 4062 2329 4110 Pro
2364 4073 2456 4109 sua
2486 4074 2578 4124 po·

1514 4152 1709 4195 testate
1732 4155 1885 4209 atque
1913 4143 2132 4204 benigno
2158 4139 2334 4188 favore
2360 4138 2410 4185 in
2436 4137 2579 4186 nevi·
2628 4166 2632 4171 ·

1515 4230 1698 4288 gustes
1721 4221 1795 4270 sic
1810 4221 2012 4285 jussere
2042 4215 2241 4281 placari
2262 4215 2432 4263 omnia
2454 4220 2578 4263 unte
