3059 4909
1011 415 1422 465 οΛιιΜιΝυΜ
1477 414 1622 462 mn.
1669 412 1713 462 1.
1756 395 1820 463 8.

411 542 767 649 Temperat
795 581 912 628 ora
936 562 1208 627 fraenis?

2391 394 2517 460 101

580 665 716 732 Cur
745 665 927 731 timet
954 663 1204 730 flavum
1230 664 1529 729 Tiberim
1561 669 1832 744 tangere
1849 653 1906 723 'i'
1928 679 2046 726 cur
2076 660 2328 726 olivum

406 769 743 852 Sanguine
772 768 1079 852 viperino

581 868 868 935 Cautius
898 869 1111 935 vitat?
1159 887 1372 952 neque
1390 867 1538 952 jam
1566 865 1778 933 livida
1806 870 2020 950 gestat
2049 867 2254 933 armis

403 971 724 1050 Brachia,
755 991 941 1055 saepe
972 971 1182 1048 disco,

2434 867 2520 932 10

577 1075 780 1159 Saepe
812 1080 993 1140 trans
1019 1073 1210 1138 finem
1234 1072 1469 1158 jaculo
1493 1072 1750 1139 nobilis
1777 1073 2101 1158 expedito
2117 1075 2149 1138 'l

303 1257 481 1316 sroeaia
502 1258 680 1322 lupatis
697 1261 967 1309 moderatur
984 1273 1204 1322 equorum
1232 1272 1317 1307 ora
1341 1255 1670 1308 Gallicorum?
1702 1273 1845 1321 quare
1867 1259 2108 1319 formidat
2136 1254 2414 1320 contingere
2433 1256 2519 1309 ‘1⁹2‘-

318 1322 462 1373 berim
485 1326 694 1374 luteum?

726 1340 869 1387 quare
889 1326 1037 1373 oleum
1068 1324 1346 1385 diligentius
1377 1323 1535 1386 fugit,
1569 1339 1705 1386 quum
1726 1325 1902 1387 viperae
1922 1329 2165 1374 wuorm?
2195 1338 2280 1374 nec
2300 1323 2519 1384 ddncepe

313 1386 566 1442 liventibus
585 1390 776 1440 lacertis
806 1404 941 1439 arma
973 1394 1153 1454 portat,
1167 1389 1451 1452 frequenter
1484 1389 1636 1452 disco,
1655 1390 1936 1453 frequenter
1957 1391 2049 1441 telo
2069 1391 2197 1441 ultra
2218 1394 2391 1441 metam
2408 1403 2517 1452 pro,-

1236 1520 1414 1543 0000„

1418 1520 1597 1542 OOOOOO

313 1617 515 1680 equitat,
546 1615 683 1679 quod
717 1624 1031 1681 receperunt
1065 1618 1241 1669 Bentl.
1273 1618 1487 1682 Bipont.
1513 1617 1721 1669 Wakef.
1744 1620 1964 1672 wetzel.
2003 1619 2206 1670 alit—⁷
2241 1619 2428 1680 Vulgg.
2464 1622 2520 1669 et

315 1682 468 1733 Harl.
519 1686 569 1731 3.
610 1686 660 1731 6.
707 1683 865 1732 etiam
904 1683 1182 1746 Temperet3
1236 1683 1413 1734 Graev.
1458 1684 1722 1748 Temperat,
1759 1686 1892 1749 quod
1933 1691 2242 1749 receperunt
2275 1683 2518 1733 iidem.—

316 1752 377 1798 10
411 1746 636 1798 Locher.
661 1754 718 1797 et
741 1748 931 1799 Venet.
952 1752 1094 1799 1491.
1130 1748 1329 1811 nee-jam
1351 1748 1647 1800 liviam—12
1685 1749 1833 1799 Harl.
1852 1755 1903 1800 2.
1941 1751 2064 1800 Vet.
2104 1749 2287 1800 Comb.
2324 1754 2380 1797 et
2415 1746 2520 1797 Ve-

1156 1946 1164 1957 ἢ
1204 1949 1209 1954 .
1304 1878 1514 1929 No'rAE

312 1990 539 2042 studium
580 1991 739 2044 nobili
780 1993 891 2043 viro
927 1993 1149 2045 maxime
1188 2007 1373 2044 conve·

310 2067 446 2127 nire,
467 2068 655 2118 asserit
676 2068 832 2118 Plato
858 2071 909 2118 in
937 2069 1182 2120 Lachete.
1250 2070 1373 2119 Plu·

310 2142 524 2191 tarchus
564 2150 738 2193 autem
780 2143 964 2208 refert,
995 2144 1136 2196 Julio
1177 2146 1379 2197 Caesari

310 2219 583 2284 equitandi
622 2234 769 2269 usum
805 2219 1007 2271 facilem
1032 2221 1164 2271 adeo
1191 2239 1222 2272 a
1244 2238 1370 2288 pue-

310 2295 433 2344 ritia
455 2293 635 2358 fuisse,
659 2304 716 2346 ut
741 2294 945 2346 reflexis
968 2298 1020 2348 iu
1043 2306 1246 2363 tergum
1264 2315 1371 2352 ma·

311 2376 465 2426 nibus
487 2390 677 2442 equum
710 2380 1219 2430 cursu'veIocissimo
1252 2395 1371 2432 con-

310 2452 521 2503 citaret.

375 2533 408 2578 6
456 2529 647 2579 Gallica
677 2546 763 2580 nec
796 2530 976 2595 lupatis
1013 2533 1259 2597 Temperat
1288 2550 1373 2584 ora

300 2602 505 2671 frenis]
542 2606 683 2656 Hinc
723 2608 946 2670 peritum
985 2610 1251 2673 equitandi
1291 2626 1373 2659 os-

314 2682 486 2732 tendit
530 2683 770 2746 Sybarin,
812 2685 899 2749 qni
943 2685 1171 2736 Gallicos
1216 2687 1373 2735 etiam

313 2772 470 2824 equos
491 2757 703 2810 domare
727 2761 1095 2810 consuevisset.
1161 2762 1293 2812 Nam
1319 2774 1375 2813 et

311 2835 361 2888 lli
380 2837 565 2888 Romae
596 2839 646 2885 in
680 2838 870 2902 pretio,
893 2843 949 2888 et
979 2830 1181 2888 feroces
1214 2838 1373 2890 fuisse

314 2913 672 2976 perhibentur,
714 2929 841 2979 qnos
892 2915 1083 2978 lupatis
1140 2915 1373 2966 coerceri

313 3005 441 3054 opus
464 2998 595 3042 erat.
651 2990 933 3055 Apuleius:
958 2994 973 3021 ‘
991 2991 1239 3045 Jumenta
1254 2993 1373 3043 Gal·

314 3067 505 3132 licam,
531 3068 721 3133 quibus
760 3082 1011 3131 generosa
1033 3068 1232 3121 soboles
1255 3083 1375 3133 per-

312 3142 462 3194 hibet
487 3157 789 3208 generosam
813 3142 1159 3209 dignitatem!

376 3218 603 3285 Lupum]
624 3220 823 3271 Fraenis
842 3220 1188 3286 asperioribus
1212 3221 1375 3272 instar

311 3294 604 3360 lupinorum
625 3295 876 3347 dentium.
927 3297 1059 3346 Haec
1085 3299 1241 3347 etiam
1268 3300 1373 3363 lupi

314 3373 641 3425 dicebantur.
722 3373 883 3424 Ovid.
921 3375 1077 3427 'Pi-ist.
1123 3377 1202 3427 ιν.
1241 3381 1291 3428 6.
1322 3384 1373 3429 4.

312 3449 327 3474 ‘
347 3449 416 3500 Et
439 3449 647 3513 placido
674 3447 832 3498 duros
853 3449 1047 3513 accipit
1069 3466 1158 3502 ore
1191 3453 1374 3516 lupos!

326 3520 331 3525 ’
373 3531 406 3576 8
443 3528 545 3577 Cur
566 3527 898 3592 timetflavum
923 3528 1130 3579 Tiberim
1150 3533 1369 3598 tangere]

314 3603 418 3656 Cur
441 3619 497 3654 se
519 3604 584 3653 ad
610 3606 926 3655 natationem
947 3619 1049 3656 non
1068 3616 1299 3672 exercet,
1314 3615 1374 3659 ut

314 3681 468 3731 ante?
501 3681 615 3731 haec
651 3682 787 3732 enim
821 3682 972 3731 valde
1009 3685 1169 3748 utilis,
1190 3693 1245 3734 et
1269 3686 1373 3750 pri-

313 3755 427 3808 dem
464 3756 943 3809 commendabatur.
1004 3759 1091 3810 Sic
1125 3761 1376 3811 Horatius

310 3831 398 3883 ille
422 3833 607 3884 Cocles
647 3846 678 3883 e
705 3841 866 3897 ponte
907 3834 1120 3885 sublicio
1143 3836 1197 3887 in
1218 3837 1374 3887 Tibe·

310 3909 407 3959 rim
429 3909 672 3960 desiliens
697 3909 762 3959 ad
787 3925 905 3961 suos
936 3919 1164 3962 armatus
1200 3919 1374 3965 trana-

310 3987 403 4036 vit.
468 3986 559 4037 Sic
601 3987 773 4038 Julius
815 3989 992 4039 Caesar
1036 3989 1371 4042 Alexandriae

310 4060 448 4111 circa
485 4062 661 4127 pontis
700 4065 1152 4128 oppugnationem,
1174 4080 1293 4115 cum
1319 4068 1371 4118 in

309 4151 446 4187 mare
468 4138 783 4204 desiluisset,
806 4141 975 4190 nando
1002 4155 1096 4205 per
1118 4142 1371 4194 ducentos

310 4229 492 4278 passus
531 4217 702 4267 evasit
739 4217 804 4267 ad
845 4218 1132 4282 proximam
1166 4234 1372 4287 navem,

308 4291 445 4341 elata
467 4291 681 4358 quidem
703 4293 838 4345 laeva
858 4308 1028 4361 manu,
1046 4309 1111 4348 ne
1128 4296 1373 4349 madefie-

1458 2001 1571 2044 reut
1616 1995 1795 2053 libelli,
1836 2009 1965 2060 quos
2009 1993 2255 2054 tenebat;
2304 1992 2520 2055 paluda-

1454 2079 1683 2121 mentum
1730 2086 1851 2120 vero
1895 2070 2154 2121 mordicus
2195 2069 2419 2131 trahens,
2450 2084 2516 2119 ne
2587 2124 2592 2129 ⁴

1452 2150 1619 2215 spolio
1640 2151 1892 2214 potiretur
1910 2146 2083 2199 hostis.
2129 2146 2342 2197 Sueton.
2376 2145 2518 2198 Hinc

1452 2241 1518 2277 ex
1544 2227 1725 2276 eodem
1747 2226 1965 2276 Sueton.
1990 2224 2256 2288 Angustus
2297 2230 2529 2288 nepotes.
2569 2228 2576 2234 ’

1451 2304 1629 2354 docuit
1652 2310 1853 2354 natare.
1920 2303 1991 2352 Et
2008 2301 2163 2352 Plato
2187 2301 2254 2349 de
2279 2301 2406 2364 Leg-
2430 2301 2522 2353 lib.

1450 2395 1539 2430 111.
1567 2380 1872 2444 probrosum
1895 2381 1990 2445 ait,
2009 2380 2052 2429 si
2077 2379 2190 2444 quis
2214 2385 2394 2428 natare
2418 2393 2521 2429 non

1453 2456 1739 2508 didicisset.

1520 2533 1723 2581 Flavum
1764 2531 1994 2596 Tiberim]
2037 2530 2144 2580 Hic
2175 2527 2358 2578 fluvius
2395 2528 2527 2583 olim,

1454 2607 1646 2677 Albula
1680 2607 1871 2670 dictus,
1907 2613 2090 2670 postea
2120 2604 2322 2654 Tiberis
2345 2619 2405 2653 ac
2426 2603 2519 2670 Ti·

1455 2685 1664 2735 berinus
1690 2693 1899 2735 vocatus
1920 2690 2020 2748 est,
2045 2682 2110 2732 ab
2130 2681 2281 2744 liujus
2301 2679 2524 2730 nominis

1458 2765 1604 2824 Rege
1636 2765 1689 2812 in
1713 2778 1777 2813 eo
1804 2762 2086 2812 submerso.
2145 2757 2364 2810 Eustath.
2404 2758 2523 2808 Fla-

1454 2841 1588 2906 vum]
1628 2843 1715 2891 Sic
1739 2838 1941 2891 AEneid.
1959 2853 2062 2890 vn.
2081 2842 2160 2888 31.
2192 2839 2209 2866 ‘
2234 2837 2408 2886 Multa
2428 2833 2520 2885 fla·

1457 2934 1549 2968 vus
1577 2917 1773 2969 arena!

1523 2997 1625 3045 Cur·
1645 2995 1820 3045 olivum
1836 2992 2079 3056 Sanguine
2095 2990 2304 3055 viperino
2321 2989 2521 3038 Cautius

1453 3074 1603 3138 citat]
1633 3074 1738 3123 Cur
1761 3086 1898 3121 nunc
1922 3072 2114 3120 luctam
2138 3066 2269 3131 fugit
2289 3065 2519 3131 Sybaris,

1454 3157 1508 3200 et
1528 3164 1696 3214 angue
1728 3149 1878 3212 pejus
1900 3146 2044 3207 odit;
2079 3145 2311 3209 adeoque
2343 3158 2399 3192 se
2430 3156 2522 3192 ne·

1457 3242 1709 3293 quaquam
1744 3231 2009 3275 ceromate
2033 3220 2307 3287 perungit3
2349 3226 2405 3268 ut
2438 3232 2521 3267 so-

1454 3305 1567 3352 lent
1606 3303 1837 3359 atliletae,
1886 3315 1989 3366 quo
2028 3290 2260 3349 memb'ra
2298 3294 2523 3346 reddant

1455 3388 1565 3430 tum
1591 3379 1883 3428 robustiora
1905 3391 2021 3426 cum
2046 3374 2265 3427 lubrica.

1518 3462 1553 3506 9
1573 3455 1817 3519 Sanguine
1836 3454 2071 3518 viperino]
2094 3452 2244 3503 Quod
2264 3462 2519 3500 venenum

1455 3542 1537 3583 est
1561 3531 2042 3597 praesentissimum,
2059 3529 2253 3595 quippe
2274 3525 2530 3577 calidissi-

1454 3624 1613 3675 mum,
1634 3610 1854 3659 Alberto
1876 3614 2032 3658 teste.

1520 3690 1583 3739 10
1630 3685 1797 3750 Neque
1826 3682 1936 3743 jam
1981 3680 2131 3731 livida
2170 3684 2330 3741 gestat
2371 3678 2521 3728 armis

1455 3762 1694 3826 Brachia]
1733 3762 1839 3811 Cur
1862 3773 2006 3809 arma
2028 3772 2131 3807 non
2154 3757 2374 3819 amplius
2398 3770 2521 3804 cou-

1455 3846 1706 3900 nectare,
1728 3843 1963 3899 portare,
1981 3833 2187 3884 vibrare
2211 3833 2380 3883 amat?
2401 3832 2521 3883 hine

1454 3929 1557 3964 non
1583 3914 1696 3979 jam
1730 3912 1895 3961 livent
1926 3911 2036 3976 ejus
2069 3909 2299 3972 brachia,
2322 3923 2413 3960 seu
2440 3917 2519 3960 at·

1454 3992 1586 4043 tritu
1623 4004 1883 4040 armorum
1919 3996 1976 4039 et
2009 3987 2259 4054 pondere,
2288 4000 2378 4037 seu
2403 3986 2524 4036 icti-

1451 4069 1566 4119 bus.
1601 4066 1771 4117 -Vide
1793 4066 1985 4132 Veget.
2008 4066 2099 4115 cit.
2121 4079 2159 4114 1.
2182 4067 2260 4114 11.

1518 4150 1577 4196 11
1604 4144 1742 4210 Soepe
1761 4144 1906 4210 disco,
1922 4143 2057 4207 Saepe
2081 4146 2216 4191 trans
2221 4140 2395 4206 fiam,
2411 4136 2523 4201 ξω]

1453 4222 1662 4273 Robore
1684 4221 2008 4272 brachiorum
2026 4217 2414 4270 contendebant
2429 4231 2523 4267 seu

1452 4297 1655 4353 discum
1675 4313 1767 4348 seu
1780 4296 2014 4362 jaculum
2033 4290 2381 4360 projiciendo.
2413 4292 2523 4342 Du·
