<?xml version="1.0" encoding="UTF-8"?>
<!DOCTYPE html PUBLIC "-//W3C//DTD XHTML 1.0 Transitional//EN"
    "http://www.w3.org/TR/xhtml1/DTD/xhtml1-transitional.dtd">
<html xmlns="http://www.w3.org/1999/xhtml" xml:lang="en" lang="en">
 <head>
  <title>
</title>
<meta http-equiv="Content-Type" content="text/html;charset=utf-8" />
  <meta name='ocr-system' content='tesseract 3.04.00' />
  <meta name='ocr-capabilities' content='ocr_page ocr_carea ocr_par ocr_line ocrx_word'/>
</head>
<body>
  <div class='ocr_page' id='page_1' title='image "./quintihoratiifl00unkngoog_0305.png"; bbox 0 0 3059 4909; ppageno 0'>
   <div class='ocr_carea' id='block_1_1' title="bbox 1055 335 1897 402">
    <p class='ocr_par' dir='ltr' id='par_1_1' title="bbox 1055 335 1897 402">
     <span class='ocr_line' id='line_1_1' title="bbox 1055 335 1897 402; baseline 0.005 -4"><span class='ocrx_word' id='word_1_1' title='bbox 1055 348 1467 401; x_wconf 61' lang='lat' dir='ltr'><strong>cananum</strong></span> <span class='ocrx_word' id='word_1_2' title='bbox 1517 349 1661 400; x_wconf 79' lang='lat' dir='ltr'><strong>ms.</strong></span> <span class='ocrx_word' id='word_1_3' title='bbox 1708 351 1791 400; x_wconf 87' lang='lat'><strong>11.</strong></span> <span class='ocrx_word' id='word_1_4' title='bbox 1831 335 1897 402; x_wconf 83' lang='lat'><strong>9.</strong></span> 
     </span>
    </p>
   </div>
   <div class='ocr_carea' id='block_1_2' title="bbox 2443 340 2574 407">
    <p class='ocr_par' dir='ltr' id='par_1_2' title="bbox 2443 340 2574 407">
     <span class='ocr_line' id='line_1_2' title="bbox 2443 340 2574 407; baseline -0.023 0"><span class='ocrx_word' id='word_1_5' title='bbox 2443 340 2574 407; x_wconf 78' lang='lat'><strong>295</strong></span> 
     </span>
    </p>
   </div>
   <div class='ocr_carea' id='block_1_3' title="bbox 722 488 1965 790">
    <p class='ocr_par' dir='ltr' id='par_1_3' title="bbox 722 488 1965 790">
     <span class='ocr_line' id='line_1_3' title="bbox 809 488 1930 576; baseline 0.004 -21"><span class='ocrx_word' id='word_1_6' title='bbox 809 489 1148 570; x_wconf 81' lang='lat' dir='ltr'><strong>Querceta</strong></span> <span class='ocrx_word' id='word_1_7' title='bbox 1177 491 1474 576; x_wconf 84' lang='lat' dir='ltr'><strong>Gargani</strong></span> <span class='ocrx_word' id='word_1_8' title='bbox 1503 488 1839 573; x_wconf 84' lang='lat' dir='ltr'><strong>laborant,</strong></span> <span class='ocrx_word' id='word_1_9' title='bbox 1923 542 1930 547; x_wconf 63' lang='grc'><strong><em>«</em></strong></span> 
     </span>
     <span class='ocr_line' id='line_1_4' title="bbox 898 593 1871 663; baseline 0.003 -5"><span class='ocrx_word' id='word_1_10' title='bbox 898 593 989 660; x_wconf 86' lang='lat' dir='ltr'><strong>Et</strong></span> <span class='ocrx_word' id='word_1_11' title='bbox 1016 593 1198 661; x_wconf 88' lang='lat' dir='ltr'><strong>foliis</strong></span> <span class='ocrx_word' id='word_1_12' title='bbox 1228 595 1587 663; x_wconf 81' lang='lat' dir='ltr'>viduantur</span> <span class='ocrx_word' id='word_1_13' title='bbox 1612 599 1770 662; x_wconf 89' lang='lat' dir='ltr'><strong>orni.</strong></span> <span class='ocrx_word' id='word_1_14' title='bbox 1867 644 1871 649; x_wconf 84' lang='lat'>-</span> 
     </span>
     <span class='ocr_line' id='line_1_5' title="bbox 722 695 1965 790; baseline 0.002 -28"><span class='ocrx_word' id='word_1_15' title='bbox 722 695 831 762; x_wconf 89' lang='lat' dir='ltr'><strong>Tu</strong></span> <span class='ocrx_word' id='word_1_16' title='bbox 859 716 1124 782; x_wconf 79' lang='lat' dir='ltr'>semper</span> <span class='ocrx_word' id='word_1_17' title='bbox 1153 717 1348 780; x_wconf 80' lang='lat' dir='ltr'>urges</span> <span class='ocrx_word' id='word_1_18' title='bbox 1377 697 1715 790; x_wconf 78' lang='lat' dir='ltr'><strong>flebilibus</strong></span> <span class='ocrx_word' id='word_1_19' title='bbox 1744 699 1965 765; x_wconf 86' lang='lat' dir='ltr'><strong>modis</strong></span> 
     </span>
    </p>
   </div>
   <div class='ocr_carea' id='block_1_4' title="bbox 726 796 2072 888">
    <p class='ocr_par' dir='ltr' id='par_1_4' title="bbox 726 796 2072 888">
     <span class='ocr_line' id='line_1_6' title="bbox 726 796 2072 888; baseline 0.005 -26"><span class='ocrx_word' id='word_1_20' title='bbox 726 796 1003 883; x_wconf 83' lang='lat' dir='ltr'><strong>Mysten</strong></span> <span class='ocrx_word' id='word_1_21' title='bbox 1033 800 1411 883; x_wconf 80' lang='lat' dir='ltr'><strong>ademtum3</strong></span> <span class='ocrx_word' id='word_1_22' title='bbox 1455 821 1581 867; x_wconf 90' lang='lat' dir='ltr'><strong>nec</strong></span> <span class='ocrx_word' id='word_1_23' title='bbox 1610 801 1734 867; x_wconf 86' lang='lat' dir='ltr'><strong>tibi</strong></span> <span class='ocrx_word' id='word_1_24' title='bbox 1764 801 2072 888; x_wconf 88' lang='lat' dir='ltr'><strong>Vespero</strong></span> 
     </span>
    </p>
   </div>
   <div class='ocr_carea' id='block_1_5' title="bbox 2483 806 2569 870">
    <p class='ocr_par' dir='ltr' id='par_1_5' title="bbox 2483 806 2569 870">
     <span class='ocr_line' id='line_1_7' title="bbox 2483 806 2569 870; baseline 0 0"><span class='ocrx_word' id='word_1_25' title='bbox 2483 806 2569 870; x_wconf 86' lang='lat'><strong>10</strong></span> 
     </span>
    </p>
   </div>
   <div class='ocr_carea' id='block_1_6' title="bbox 718 901 1976 1175">
    <p class='ocr_par' dir='ltr' id='par_1_6' title="bbox 718 901 1976 1175">
     <span class='ocr_line' id='line_1_8' title="bbox 806 901 1932 986; baseline 0.003 -21"><span class='ocrx_word' id='word_1_26' title='bbox 806 901 1128 986; x_wconf 82' lang='lat' dir='ltr'><strong>Surgente</strong></span> <span class='ocrx_word' id='word_1_27' title='bbox 1157 901 1486 973; x_wconf 82' lang='lat' dir='ltr'><strong>decedunt</strong></span> <span class='ocrx_word' id='word_1_28' title='bbox 1514 922 1801 983; x_wconf 77' lang='lat' dir='ltr'><strong>amoreS,</strong></span> <span class='ocrx_word' id='word_1_29' title='bbox 1851 970 1860 975; x_wconf 65' lang='grc'><em>,</em></span> <span class='ocrx_word' id='word_1_30' title='bbox 1927 952 1932 957; x_wconf 77' lang='lat'><strong>.</strong></span> 
     </span>
     <span class='ocr_line' id='line_1_9' title="bbox 890 1003 1976 1090; baseline 0.005 -22"><span class='ocrx_word' id='word_1_31' title='bbox 890 1003 959 1068; x_wconf 95' lang='lat' dir='ltr'>N</span> <span class='ocrx_word' id='word_1_32' title='bbox 961 1024 1040 1070; x_wconf 85' lang='lat' dir='ltr'><strong>ec</strong></span> <span class='ocrx_word' id='word_1_33' title='bbox 1067 1005 1373 1090; x_wconf 85' lang='lat' dir='ltr'><strong>rapidum</strong></span> <span class='ocrx_word' id='word_1_34' title='bbox 1404 1004 1697 1090; x_wconf 82' lang='lat' dir='ltr'><strong>fugiente</strong></span> <span class='ocrx_word' id='word_1_35' title='bbox 1726 1006 1976 1073; x_wconf 89' lang='lat' dir='ltr'><strong>Solem.</strong></span> 
     </span>
     <span class='ocr_line' id='line_1_10' title="bbox 718 1105 1963 1175; baseline 0.002 -4"><span class='ocrx_word' id='word_1_36' title='bbox 718 1105 815 1171; x_wconf 81' lang='lat' dir='ltr'><strong>At</strong></span> <span class='ocrx_word' id='word_1_37' title='bbox 839 1125 974 1172; x_wconf 90' lang='lat' dir='ltr'><strong>non</strong></span> <span class='ocrx_word' id='word_1_38' title='bbox 1004 1117 1102 1173; x_wconf 88' lang='lat' dir='ltr'><strong>ter</strong></span> <span class='ocrx_word' id='word_1_39' title='bbox 1129 1127 1279 1175; x_wconf 82' lang='lat' dir='ltr'><strong>aevo</strong></span> <span class='ocrx_word' id='word_1_40' title='bbox 1306 1108 1582 1174; x_wconf 83' lang='lat' dir='ltr'><strong>functus</strong></span> <span class='ocrx_word' id='word_1_41' title='bbox 1612 1109 1963 1175; x_wconf 82' lang='lat' dir='ltr'><strong>amabilem</strong></span> 
     </span>
    </p>
   </div>
   <div class='ocr_carea' id='block_1_7' title="bbox 369 1277 2566 1484">
    <p class='ocr_par' dir='ltr' id='par_1_7' title="bbox 369 1277 2566 1484">
     <span class='ocr_line' id='line_1_11' title="bbox 370 1277 2565 1353; baseline 0.004 -25"><span class='ocrx_word' id='word_1_42' title='bbox 370 1277 458 1340; x_wconf 72' lang='lat' dir='ltr'><strong>tis,</strong></span> <span class='ocrx_word' id='word_1_43' title='bbox 488 1284 540 1330; x_wconf 75' lang='lat' dir='ltr'><strong>ee</strong></span> <span class='ocrx_word' id='word_1_44' title='bbox 564 1279 824 1340; x_wconf 74' lang='lat' dir='ltr'><strong><em>frondibus</em></strong></span> <span class='ocrx_word' id='word_1_45' title='bbox 842 1283 1108 1347; x_wconf 74' lang='lat' dir='ltr'><strong>spoliantur</strong></span> <span class='ocrx_word' id='word_1_46' title='bbox 1117 1283 1332 1346; x_wconf 76' lang='lat' dir='ltr'><strong>fraxini.</strong></span> <span class='ocrx_word' id='word_1_47' title='bbox 1395 1286 1469 1337; x_wconf 74' lang='lat' dir='ltr'><strong>Tu</strong></span> <span class='ocrx_word' id='word_1_48' title='bbox 1487 1302 1597 1338; x_wconf 75' lang='lat' dir='ltr'><strong>vero</strong></span> <span class='ocrx_word' id='word_1_49' title='bbox 1618 1287 1819 1346; x_wconf 75' lang='lat' dir='ltr'><strong>modulis</strong></span> <span class='ocrx_word' id='word_1_50' title='bbox 1845 1288 2067 1340; x_wconf 64' lang='lat' dir='ltr'><strong>tristibus</strong></span> <span class='ocrx_word' id='word_1_51' title='bbox 2086 1293 2297 1353; x_wconf 72' lang='lat' dir='ltr'><strong>ereptum</strong></span> <span class='ocrx_word' id='word_1_52' title='bbox 2317 1287 2409 1338; x_wconf 73' lang='lat' dir='ltr'><strong>tibi</strong></span> <span class='ocrx_word' id='word_1_53' title='bbox 2428 1286 2565 1351; x_wconf 74' lang='lat' dir='ltr'><strong>Mys-</strong></span> 
     </span>
     <span class='ocr_line' id='line_1_12' title="bbox 369 1346 2566 1419; baseline 0.003 -26"><span class='ocrx_word' id='word_1_54' title='bbox 369 1348 454 1419; x_wconf 55' lang='lat' dir='ltr'><strong>{ea</strong></span> <span class='ocrx_word' id='word_1_55' title='bbox 473 1346 698 1396; x_wconf 77' lang='lat' dir='ltr'><strong>continuo</strong></span> <span class='ocrx_word' id='word_1_56' title='bbox 714 1350 1011 1412; x_wconf 74' lang='lat' dir='ltr'><strong>prosequeris</strong></span> <span class='ocrx_word' id='word_1_57' title='bbox 1025 1366 1041 1399; x_wconf 93' lang='grc'><strong>.·</strong></span> <span class='ocrx_word' id='word_1_58' title='bbox 1073 1351 1311 1415; x_wconf 68' lang='lat' dir='ltr'><strong>aequetur·</strong></span> <span class='ocrx_word' id='word_1_59' title='bbox 1332 1352 1550 1402; x_wconf 77' lang='lat' dir='ltr'><strong>desinunt</strong></span> <span class='ocrx_word' id='word_1_60' title='bbox 1578 1368 1758 1404; x_wconf 78' lang='lat' dir='ltr'><strong>amores</strong></span> <span class='ocrx_word' id='word_1_61' title='bbox 1783 1359 1949 1404; x_wconf 80' lang='lat' dir='ltr'><strong>exorto</strong></span> <span class='ocrx_word' id='word_1_62' title='bbox 1977 1355 2193 1419; x_wconf 79' lang='lat' dir='ltr'><strong>Vespere,</strong></span> <span class='ocrx_word' id='word_1_63' title='bbox 2215 1368 2360 1418; x_wconf 72' lang='lat' dir='ltr'><strong>aeque</strong></span> <span class='ocrx_word' id='word_1_64' title='bbox 2381 1355 2566 1403; x_wconf 71' lang='lat' dir='ltr'><strong>cedente</strong></span> 
     </span>
     <span class='ocr_line' id='line_1_13' title="bbox 370 1409 2565 1484; baseline 0.005 -27"><span class='ocrx_word' id='word_1_65' title='bbox 370 1409 457 1459; x_wconf 68' lang='lat' dir='ltr'><strong>allo</strong></span> <span class='ocrx_word' id='word_1_66' title='bbox 479 1409 586 1460; x_wconf 80' lang='lat' dir='ltr'><strong>Soli</strong></span> <span class='ocrx_word' id='word_1_67' title='bbox 604 1412 770 1477; x_wconf 79' lang='lat' dir='ltr'><strong><em>rapide</em></strong></span> <span class='ocrx_word' id='word_1_68' title='bbox 791 1415 1088 1478; x_wconf 75' lang='lat' dir='ltr'><strong>exsurgenti.</strong></span> <span class='ocrx_word' id='word_1_69' title='bbox 1118 1416 1273 1481; x_wconf 77' lang='lat' dir='ltr'><strong>Atqui</strong></span> <span class='ocrx_word' id='word_1_70' title='bbox 1292 1416 1486 1484; x_wconf 72' lang='lat' dir='ltr'><strong>Nestor,</strong></span> <span class='ocrx_word' id='word_1_71' title='bbox 1498 1419 1695 1475; x_wconf 63' lang='lat' dir='ltr'><strong>vetaloe,</strong></span> <span class='ocrx_word' id='word_1_72' title='bbox 1718 1419 1899 1484; x_wconf 77' lang='lat' dir='ltr'><strong>triplici</strong></span> <span class='ocrx_word' id='word_1_73' title='bbox 1919 1425 2062 1471; x_wconf 70' lang='lat' dir='ltr'><strong>atate</strong></span> <span class='ocrx_word' id='word_1_74' title='bbox 2079 1425 2265 1483; x_wconf 79' lang='lat' dir='ltr'><strong>exacta,</strong></span> <span class='ocrx_word' id='word_1_75' title='bbox 2285 1420 2411 1470; x_wconf 71' lang='lat' dir='ltr'><strong>baud</strong></span> <span class='ocrx_word' id='word_1_76' title='bbox 2429 1431 2565 1468; x_wconf 73' lang='lat' dir='ltr'><strong>canc·</strong></span> 
     </span>
    </p>
   </div>
   <div class='ocr_carea' id='block_1_8' title="bbox 1288 1544 1648 1569">
    <p class='ocr_par' dir='ltr' id='par_1_8' title="bbox 1288 1544 1648 1569">
     <span class='ocr_line' id='line_1_14' title="bbox 1288 1544 1648 1569; baseline 0.006 -4"><span class='ocrx_word' id='word_1_77' title='bbox 1288 1544 1523 1569; x_wconf 60' lang='lat' dir='ltr'><strong>‘mooe‘</strong></span> <span class='ocrx_word' id='word_1_78' title='bbox 1529 1545 1648 1567; x_wconf 60' lang='lat' dir='ltr'><strong>‘m</strong></span> 
     </span>
    </p>
   </div>
   <div class='ocr_carea' id='block_1_9' title="bbox 359 1587 2563 1761">
    <p class='ocr_par' dir='ltr' id='par_1_9' title="bbox 359 1587 2563 1761">
     <span class='ocr_line' id='line_1_15' title="bbox 359 1587 2563 1695; baseline 0.004 -25"><span class='ocrx_word' id='word_1_79' title='bbox 359 1620 416 1671; x_wconf 85' lang='lat' dir='ltr'><strong>in</strong></span> <span class='ocrx_word' id='word_1_80' title='bbox 442 1587 648 1675; x_wconf 82' lang='lat' dir='ltr'><strong>textum</strong></span> <span class='ocrx_word' id='word_1_81' title='bbox 671 1628 947 1679; x_wconf 58' lang='lat' dir='ltr'><strong>truite-⁷</strong></span> <span class='ocrx_word' id='word_1_82' title='bbox 985 1629 1256 1695; x_wconf 76' lang='lat' dir='ltr'><strong>Querquetoe</strong></span> <span class='ocrx_word' id='word_1_83' title='bbox 1279 1629 1500 1695; x_wconf 82' lang='lat' dir='ltr'><strong>Cuning.</strong></span> <span class='ocrx_word' id='word_1_84' title='bbox 1523 1636 1579 1680; x_wconf 87' lang='lat' dir='ltr'><strong>et</strong></span> <span class='ocrx_word' id='word_1_85' title='bbox 1601 1630 1721 1681; x_wconf 85' lang='lat' dir='ltr'><strong>Jani</strong></span> <span class='ocrx_word' id='word_1_86' title='bbox 1756 1645 1823 1681; x_wconf 78' lang='lat' dir='ltr'><strong>ex</strong></span> <span class='ocrx_word' id='word_1_87' title='bbox 1862 1628 2084 1681; x_wconf 81' lang='lat' dir='ltr'><strong>Blaudd.</strong></span> <span class='ocrx_word' id='word_1_88' title='bbox 2108 1628 2339 1695; x_wconf 82' lang='lat' dir='ltr'><strong>Crnqnii,</strong></span> <span class='ocrx_word' id='word_1_89' title='bbox 2370 1642 2563 1694; x_wconf 84' lang='lat' dir='ltr'><strong>eosque</strong></span> 
     </span>
     <span class='ocr_line' id='line_1_16' title="bbox 361 1689 2562 1761; baseline 0.002 -22"><span class='ocrx_word' id='word_1_90' title='bbox 361 1689 540 1740; x_wconf 67' lang='lat' dir='ltr'><strong>secuti</strong></span> <span class='ocrx_word' id='word_1_91' title='bbox 563 1698 682 1742; x_wconf 85' lang='lat' dir='ltr'><strong>sunt</strong></span> <span class='ocrx_word' id='word_1_92' title='bbox 703 1692 945 1759; x_wconf 72' lang='lat' dir='ltr'><strong>Editor-es</strong></span> <span class='ocrx_word' id='word_1_93' title='bbox 969 1695 1387 1760; x_wconf 84' lang='lat' dir='ltr'><strong>Bipontini.-·-10</strong></span> <span class='ocrx_word' id='word_1_94' title='bbox 1419 1695 1659 1746; x_wconf 66' lang='lat' dir='ltr'><strong>Mai-‘scum</strong></span> <span class='ocrx_word' id='word_1_95' title='bbox 1677 1702 1791 1761; x_wconf 81' lang='lat' dir='ltr'><strong>&#39;pro</strong></span> <span class='ocrx_word' id='word_1_96' title='bbox 1815 1695 2011 1761; x_wconf 75' lang='lat' dir='ltr'><strong>Mysten</strong></span> <span class='ocrx_word' id='word_1_97' title='bbox 2044 1695 2146 1760; x_wconf 83' lang='lat' dir='ltr'><strong>legi</strong></span> <span class='ocrx_word' id='word_1_98' title='bbox 2173 1696 2333 1761; x_wconf 62' lang='lat' dir='ltr'><strong>,iubet</strong></span> <span class='ocrx_word' id='word_1_99' title='bbox 2370 1693 2562 1745; x_wconf 86' lang='lat' dir='ltr'><strong>Reiske</strong></span> 
     </span>
    </p>
   </div>
   <div class='ocr_carea' id='block_1_10' title="bbox 1357 1840 1579 1893">
    <p class='ocr_par' dir='ltr' id='par_1_10' title="bbox 1357 1840 1579 1893">
     <span class='ocr_line' id='line_1_17' title="bbox 1357 1840 1579 1893; baseline -0.005 0"><span class='ocrx_word' id='word_1_100' title='bbox 1357 1843 1406 1893; x_wconf 87' lang='lat' dir='ltr'>N</span> <span class='ocrx_word' id='word_1_101' title='bbox 1416 1840 1579 1893; x_wconf 78' lang='lat' dir='ltr'><strong>OTAE</strong></span> 
     </span>
    </p>
   </div>
   <div class='ocr_carea' id='block_1_11' title="bbox 354 1935 1422 2158">
    <p class='ocr_par' dir='ltr' id='par_1_11' title="bbox 354 1935 1422 2158">
     <span class='ocr_line' id='line_1_18' title="bbox 422 1935 1422 2006; baseline 0.004 -20"><span class='ocrx_word' id='word_1_102' title='bbox 422 1940 462 1986; x_wconf 74' lang='grc'><strong>7</strong></span> <span class='ocrx_word' id='word_1_103' title='bbox 497 1935 732 1992; x_wconf 67' lang='lat' dir='ltr'><strong>Ques-ceta</strong></span> <span class='ocrx_word' id='word_1_104' title='bbox 755 1939 1004 2004; x_wconf 75' lang='lat' dir='ltr'><strong>Gargani]</strong></span> <span class='ocrx_word' id='word_1_105' title='bbox 1037 1939 1175 1990; x_wconf 79' lang='lat' dir='ltr'><strong>Attae</strong></span> <span class='ocrx_word' id='word_1_106' title='bbox 1203 1953 1422 2006; x_wconf 83' lang='lat' dir='ltr'><strong>quercus</strong></span> 
     </span>
     <span class='ocr_line' id='line_1_19' title="bbox 357 2010 1422 2084; baseline 0.008 -23"><span class='ocrx_word' id='word_1_107' title='bbox 357 2010 410 2061; x_wconf 84' lang='lat' dir='ltr'><strong>in</strong></span> <span class='ocrx_word' id='word_1_108' title='bbox 443 2011 695 2078; x_wconf 80' lang='lat' dir='ltr'><strong>Gargano</strong></span> <span class='ocrx_word' id='word_1_109' title='bbox 711 2015 918 2080; x_wconf 78' lang='lat' dir='ltr'><strong>Apuliae</strong></span> <span class='ocrx_word' id='word_1_110' title='bbox 941 2023 1135 2080; x_wconf 89' lang='lat' dir='ltr'><strong>monte,</strong></span> <span class='ocrx_word' id='word_1_111' title='bbox 1155 2017 1243 2084; x_wconf 90' lang='lat' dir='ltr'><strong>qui</strong></span> <span class='ocrx_word' id='word_1_112' title='bbox 1276 2024 1422 2068; x_wconf 80' lang='lat' dir='ltr'><strong>vetus</strong></span> 
     </span>
     <span class='ocr_line' id='line_1_20' title="bbox 354 2086 1421 2158; baseline 0.007 -21"><span class='ocrx_word' id='word_1_113' title='bbox 354 2086 552 2139; x_wconf 79' lang='lat' dir='ltr'><strong>nomeu</strong></span> <span class='ocrx_word' id='word_1_114' title='bbox 575 2089 727 2140; x_wconf 86' lang='lat' dir='ltr'><strong>bodie</strong></span> <span class='ocrx_word' id='word_1_115' title='bbox 750 2100 945 2158; x_wconf 83' lang='lat' dir='ltr'><strong>servat,</strong></span> <span class='ocrx_word' id='word_1_116' title='bbox 966 2101 1023 2145; x_wconf 88' lang='lat' dir='ltr'><strong>et</strong></span> <span class='ocrx_word' id='word_1_117' title='bbox 1052 2094 1243 2144; x_wconf 85' lang='lat' dir='ltr'><strong>dicitnr</strong></span> <span class='ocrx_word' id='word_1_118' title='bbox 1265 2094 1421 2145; x_wconf 89' lang='lat' dir='ltr'><strong>etiam</strong></span> 
     </span>
    </p>
   </div>
   <div class='ocr_carea' id='block_1_12' title="bbox 263 2167 1420 2234">
    <p class='ocr_par' dir='ltr' id='par_1_12' title="bbox 263 2167 1420 2234">
     <span class='ocr_line' id='line_1_21' title="bbox 263 2167 1420 2234; baseline 0.009 -24"><span class='ocrx_word' id='word_1_119' title='bbox 263 2205 267 2209; x_wconf 92' lang='lat'><strong>.</strong></span> <span class='ocrx_word' id='word_1_120' title='bbox 355 2178 511 2214; x_wconf 83' lang='lat' dir='ltr'><strong>mons</strong></span> <span class='ocrx_word' id='word_1_121' title='bbox 554 2167 723 2218; x_wconf 87' lang='lat' dir='ltr'><strong>sancti</strong></span> <span class='ocrx_word' id='word_1_122' title='bbox 764 2167 972 2234; x_wconf 80' lang='lat' dir='ltr'><strong>Angeli.</strong></span> <span class='ocrx_word' id='word_1_123' title='bbox 1054 2172 1136 2220; x_wconf 89' lang='lat' dir='ltr'><strong>De</strong></span> <span class='ocrx_word' id='word_1_124' title='bbox 1176 2170 1420 2234; x_wconf 84' lang='lat' dir='ltr'><strong>Gargano</strong></span> 
     </span>
    </p>
   </div>
   <div class='ocr_carea' id='block_1_13' title="bbox 337 2245 1420 4316">
    <p class='ocr_par' dir='ltr' id='par_1_13' title="bbox 351 2245 1420 2448">
     <span class='ocr_line' id='line_1_22' title="bbox 353 2245 1420 2314; baseline 0.007 -24"><span class='ocrx_word' id='word_1_125' title='bbox 353 2245 721 2305; x_wconf 74' lang='lat' dir='ltr'><strong>promontorio</strong></span> <span class='ocrx_word' id='word_1_126' title='bbox 759 2246 996 2296; x_wconf 83' lang='lat' dir='ltr'><strong>Lucanus</strong></span> <span class='ocrx_word' id='word_1_127' title='bbox 1043 2261 1095 2298; x_wconf 87' lang='lat' dir='ltr'><strong>v.</strong></span> <span class='ocrx_word' id='word_1_128' title='bbox 1134 2252 1249 2300; x_wconf 75' lang='lat'><strong>380.</strong></span> <span class='ocrx_word' id='word_1_129' title='bbox 1277 2248 1420 2314; x_wconf 86' lang='lat' dir='ltr'><strong>‘Ap-</strong></span> 
     </span>
     <span class='ocr_line' id='line_1_23' title="bbox 351 2319 1420 2389; baseline 0.004 -19"><span class='ocrx_word' id='word_1_130' title='bbox 351 2320 513 2384; x_wconf 86' lang='lat' dir='ltr'><strong>pulus</strong></span> <span class='ocrx_word' id='word_1_131' title='bbox 535 2319 791 2372; x_wconf 78' lang='lat' dir='ltr'><strong>Adriacas</strong></span> <span class='ocrx_word' id='word_1_132' title='bbox 813 2324 925 2372; x_wconf 86' lang='lat' dir='ltr'><strong>exit</strong></span> <span class='ocrx_word' id='word_1_133' title='bbox 945 2323 1216 2389; x_wconf 76' lang='lat' dir='ltr'><strong>Garganus</strong></span> <span class='ocrx_word' id='word_1_134' title='bbox 1250 2325 1304 2375; x_wconf 89' lang='lat' dir='ltr'><strong>in</strong></span> <span class='ocrx_word' id='word_1_135' title='bbox 1330 2326 1420 2374; x_wconf 85' lang='lat' dir='ltr'><strong>uu-</strong></span> 
     </span>
     <span class='ocr_line' id='line_1_24' title="bbox 353 2394 485 2448; baseline 0.023 -3"><span class='ocrx_word' id='word_1_136' title='bbox 353 2394 485 2448; x_wconf 61' lang='lat' dir='ltr'><strong>das?</strong></span> 
     </span>
    </p>

    <p class='ocr_par' dir='ltr' id='par_1_14' title="bbox 423 2474 1419 2543">
     <span class='ocr_line' id='line_1_25' title="bbox 423 2474 1419 2543; baseline 0.005 -19"><span class='ocrx_word' id='word_1_137' title='bbox 423 2478 458 2523; x_wconf 80' lang='lat'>9</span> <span class='ocrx_word' id='word_1_138' title='bbox 516 2474 587 2525; x_wconf 70' lang='lat' dir='ltr'><strong>na</strong></span> <span class='ocrx_word' id='word_1_139' title='bbox 638 2490 819 2541; x_wconf 80' lang='lat' dir='ltr'><strong>semper</strong></span> <span class='ocrx_word' id='word_1_140' title='bbox 869 2492 1031 2541; x_wconf 70' lang='lat' dir='ltr'><strong>urges,</strong></span> <span class='ocrx_word' id='word_1_141' title='bbox 1083 2479 1191 2543; x_wconf 54' lang='lat' dir='ltr'><strong>mn]</strong></span> <span class='ocrx_word' id='word_1_142' title='bbox 1259 2478 1419 2529; x_wconf 82' lang='lat' dir='ltr'><strong>Hand</strong></span> 
     </span>
    </p>

    <p class='ocr_par' dir='ltr' id='par_1_15' title="bbox 337 2551 1420 3388">
     <span class='ocr_line' id='line_1_26' title="bbox 352 2551 1417 2619; baseline 0.005 -18"><span class='ocrx_word' id='word_1_143' title='bbox 352 2551 537 2616; x_wconf 70' lang='lat' dir='ltr'><strong>hyems</strong></span> <span class='ocrx_word' id='word_1_144' title='bbox 571 2560 831 2619; x_wconf 87' lang='lat' dir='ltr'><strong>perpetuo</strong></span> <span class='ocrx_word' id='word_1_145' title='bbox 874 2555 1048 2618; x_wconf 76' lang='lat' dir='ltr'><strong>saevit,</strong></span> <span class='ocrx_word' id='word_1_146' title='bbox 1089 2569 1192 2605; x_wconf 90' lang='lat' dir='ltr'><strong>non</strong></span> <span class='ocrx_word' id='word_1_147' title='bbox 1225 2554 1417 2606; x_wconf 76' lang='lat' dir='ltr'><strong>imbres</strong></span> 
     </span>
     <span class='ocr_line' id='line_1_27' title="bbox 354 2626 1419 2694; baseline 0.005 -17"><span class='ocrx_word' id='word_1_148' title='bbox 354 2626 569 2694; x_wconf 76' lang='lat' dir='ltr'><strong>‘semper</strong></span> <span class='ocrx_word' id='word_1_149' title='bbox 591 2629 860 2694; x_wconf 81' lang='lat' dir='ltr'><strong>decidunt,</strong></span> <span class='ocrx_word' id='word_1_150' title='bbox 879 2645 979 2682; x_wconf 91' lang='lat' dir='ltr'><strong>non</strong></span> <span class='ocrx_word' id='word_1_151' title='bbox 1005 2631 1265 2683; x_wconf 69' lang='lat' dir='ltr'><strong>continuae</strong></span> <span class='ocrx_word' id='word_1_152' title='bbox 1292 2637 1419 2682; x_wconf 82' lang='lat' dir='ltr'><strong>&#39;sunt</strong></span> 
     </span>
     <span class='ocr_line' id='line_1_28' title="bbox 355 2705 1417 2773; baseline 0.004 -18"><span class='ocrx_word' id='word_1_153' title='bbox 355 2705 412 2756; x_wconf 85' lang='lat' dir='ltr'><strong>in</strong></span> <span class='ocrx_word' id='word_1_154' title='bbox 446 2707 575 2756; x_wconf 83' lang='lat' dir='ltr'><strong>mari</strong></span> <span class='ocrx_word' id='word_1_155' title='bbox 608 2708 872 2773; x_wconf 58' lang='lat' dir='ltr'><strong>procellas,</strong></span> <span class='ocrx_word' id='word_1_156' title='bbox 892 2711 990 2759; x_wconf 69' lang='grc' dir='ltr'><strong>ὅτε.</strong></span> <span class='ocrx_word' id='word_1_157' title='bbox 1055 2707 1141 2759; x_wconf 87' lang='lat' dir='ltr'><strong>Tu</strong></span> <span class='ocrx_word' id='word_1_158' title='bbox 1164 2723 1289 2759; x_wconf 84' lang='lat' dir='ltr'><strong>vero</strong></span> <span class='ocrx_word' id='word_1_159' title='bbox 1314 2722 1417 2759; x_wconf 91' lang='lat' dir='ltr'><strong>non</strong></span> 
     </span>
     <span class='ocr_line' id='line_1_29' title="bbox 353 2782 1418 2850; baseline 0.007 -20"><span class='ocrx_word' id='word_1_160' title='bbox 353 2782 554 2832; x_wconf 78' lang='lat' dir='ltr'><strong>desinis</strong></span> <span class='ocrx_word' id='word_1_161' title='bbox 598 2784 892 2849; x_wconf 76' lang='lat' dir='ltr'><strong>lacrymari,</strong></span> <span class='ocrx_word' id='word_1_162' title='bbox 939 2800 1001 2836; x_wconf 88' lang='lat' dir='ltr'><strong>ac</strong></span> <span class='ocrx_word' id='word_1_163' title='bbox 1051 2786 1229 2850; x_wconf 76' lang='lat' dir='ltr'><strong>lugere</strong></span> <span class='ocrx_word' id='word_1_164' title='bbox 1273 2792 1418 2837; x_wconf 83' lang='lat' dir='ltr'><strong>tuum</strong></span> 
     </span>
     <span class='ocr_line' id='line_1_30' title="bbox 352 2857 1028 2922; baseline 0.009 -15"><span class='ocrx_word' id='word_1_165' title='bbox 352 2857 570 2922; x_wconf 80' lang='lat' dir='ltr'><strong>Mysten</strong></span> <span class='ocrx_word' id='word_1_166' title='bbox 590 2869 757 2919; x_wconf 79' lang='lat' dir='ltr'><strong>morte</strong></span> <span class='ocrx_word' id='word_1_167' title='bbox 780 2860 1028 2913; x_wconf 86' lang='lat' dir='ltr'><strong>ablatum.</strong></span> 
     </span>
     <span class='ocr_line' id='line_1_31' title="bbox 354 2930 1417 3003; baseline 0.007 -18"><span class='ocrx_word' id='word_1_168' title='bbox 354 2953 363 2961; x_wconf 91' lang='lat'><strong>·</strong></span> <span class='ocrx_word' id='word_1_169' title='bbox 423 2930 689 2987; x_wconf 69' lang='lat' dir='ltr'><strong>flebilibus</strong></span> <span class='ocrx_word' id='word_1_170' title='bbox 705 2937 881 3003; x_wconf 76' lang='lat' dir='ltr'><strong>mdis]</strong></span> <span class='ocrx_word' id='word_1_171' title='bbox 909 2937 1164 3002; x_wconf 83' lang='lat' dir='ltr'><strong>Elegiacis</strong></span> <span class='ocrx_word' id='word_1_172' title='bbox 1182 2939 1417 2992; x_wconf 80' lang='lat' dir='ltr'><strong>versibus</strong></span> 
     </span>
     <span class='ocr_line' id='line_1_32' title="bbox 350 3012 1415 3082; baseline 0.007 -20"><span class='ocrx_word' id='word_1_173' title='bbox 350 3012 518 3064; x_wconf 89' lang='lat' dir='ltr'><strong>luctui</strong></span> <span class='ocrx_word' id='word_1_174' title='bbox 544 3015 963 3064; x_wconf 73' lang='lat' dir='ltr'><strong>accommodatis.</strong></span> <span class='ocrx_word' id='word_1_175' title='bbox 993 3015 1130 3066; x_wconf 85' lang='lat' dir='ltr'><strong>Vide</strong></span> <span class='ocrx_word' id='word_1_176' title='bbox 1153 3017 1325 3082; x_wconf 80' lang='lat' dir='ltr'><strong>Epist.</strong></span> <span class='ocrx_word' id='word_1_177' title='bbox 1350 3018 1415 3069; x_wconf 82' lang='lat' dir='ltr'><strong>ad</strong></span> 
     </span>
     <span class='ocr_line' id='line_1_33' title="bbox 354 3090 1420 3146; baseline 0.005 -7"><span class='ocrx_word' id='word_1_178' title='bbox 354 3090 577 3141; x_wconf 79' lang='lat' dir='ltr'><strong>Pisones</strong></span> <span class='ocrx_word' id='word_1_179' title='bbox 602 3104 679 3140; x_wconf 81' lang='lat' dir='ltr'><strong>vs.</strong></span> <span class='ocrx_word' id='word_1_180' title='bbox 698 3094 781 3140; x_wconf 80' lang='grc'><strong>75.</strong></span> <span class='ocrx_word' id='word_1_181' title='bbox 814 3091 948 3141; x_wconf 84' lang='lat' dir='ltr'><strong>Tull.</strong></span> <span class='ocrx_word' id='word_1_182' title='bbox 980 3092 1137 3143; x_wconf 87' lang='lat' dir='ltr'><strong>Tnsc.</strong></span> <span class='ocrx_word' id='word_1_183' title='bbox 1159 3106 1199 3144; x_wconf 82' lang='grc' dir='ltr'><strong>ι.</strong></span> <span class='ocrx_word' id='word_1_184' title='bbox 1232 3110 1284 3144; x_wconf 89' lang='lat' dir='ltr'><strong>n.</strong></span> <span class='ocrx_word' id='word_1_185' title='bbox 1308 3100 1420 3146; x_wconf 82' lang='grc'><strong>106.</strong></span> 
     </span>
     <span class='ocr_line' id='line_1_34' title="bbox 350 3167 1419 3233; baseline 0.007 -16"><span class='ocrx_word' id='word_1_186' title='bbox 350 3170 368 3196; x_wconf 87' lang='lat'>‘</span> <span class='ocrx_word' id='word_1_187' title='bbox 392 3167 527 3219; x_wconf 73' lang='lat' dir='ltr'><strong>Haec</strong></span> <span class='ocrx_word' id='word_1_188' title='bbox 544 3169 660 3219; x_wconf 80' lang='lat' dir='ltr'><strong>cum</strong></span> <span class='ocrx_word' id='word_1_189' title='bbox 677 3170 867 3233; x_wconf 78' lang='lat' dir='ltr'><strong>pressis</strong></span> <span class='ocrx_word' id='word_1_190' title='bbox 887 3176 941 3220; x_wconf 89' lang='lat' dir='ltr'><strong>et</strong></span> <span class='ocrx_word' id='word_1_191' title='bbox 956 3168 1212 3222; x_wconf 85' lang='lat' dir='ltr'><strong>flebilibus</strong></span> <span class='ocrx_word' id='word_1_192' title='bbox 1232 3172 1419 3233; x_wconf 84' lang='lat' dir='ltr'><strong>modis,</strong></span> 
     </span>
     <span class='ocr_line' id='line_1_35' title="bbox 337 3245 1419 3316; baseline 0.006 -22"><span class='ocrx_word' id='word_1_193' title='bbox 337 3245 445 3310; x_wconf 67' lang='lat' dir='ltr'><strong>&#39;qui</strong></span> <span class='ocrx_word' id='word_1_194' title='bbox 469 3245 595 3296; x_wconf 84' lang='lat' dir='ltr'><strong>totis</strong></span> <span class='ocrx_word' id='word_1_195' title='bbox 617 3245 832 3297; x_wconf 79' lang='lat' dir='ltr'><strong>theatris</strong></span> <span class='ocrx_word' id='word_1_196' title='bbox 854 3247 1148 3299; x_wconf 82' lang='lat' dir='ltr'><strong>moestitiam</strong></span> <span class='ocrx_word' id='word_1_197' title='bbox 1173 3248 1419 3316; x_wconf 79' lang='lat' dir='ltr'><strong>inferant,</strong></span> 
     </span>
     <span class='ocr_line' id='line_1_36' title="bbox 353 3322 852 3388; baseline 0.004 -15"><span class='ocrx_word' id='word_1_198' title='bbox 353 3322 735 3388; x_wconf 83' lang='lat' dir='ltr'><strong>concinuntur,&#39;</strong></span> <span class='ocrx_word' id='word_1_199' title='bbox 752 3327 852 3376; x_wconf 73' lang='grc' dir='ltr'><strong>διο.</strong></span> 
     </span>
    </p>

    <p class='ocr_par' dir='ltr' id='par_1_16' title="bbox 350 3400 1418 3996">
     <span class='ocr_line' id='line_1_37' title="bbox 423 3400 1418 3467; baseline 0.005 -18"><span class='ocrx_word' id='word_1_200' title='bbox 423 3405 486 3449; x_wconf 86' lang='grc'><strong>10</strong></span> <span class='ocrx_word' id='word_1_201' title='bbox 519 3402 740 3466; x_wconf 73' lang='lat' dir='ltr'><strong>Mysten]</strong></span> <span class='ocrx_word' id='word_1_202' title='bbox 757 3400 992 3467; x_wconf 85' lang='lat' dir='ltr'><strong>Alicnjns</strong></span> <span class='ocrx_word' id='word_1_203' title='bbox 1007 3404 1229 3455; x_wconf 87' lang='lat' dir='ltr'><strong>numinis</strong></span> <span class='ocrx_word' id='word_1_204' title='bbox 1243 3403 1418 3455; x_wconf 88' lang='lat' dir='ltr'><strong>initia·</strong></span> 
     </span>
     <span class='ocr_line' id='line_1_38' title="bbox 353 3481 1418 3547; baseline 0.003 -18"><span class='ocrx_word' id='word_1_205' title='bbox 353 3483 465 3529; x_wconf 83' lang='lat' dir='ltr'><strong>tum</strong></span> <span class='ocrx_word' id='word_1_206' title='bbox 480 3481 667 3544; x_wconf 74' lang='lat' dir='ltr'><strong>saeris,</strong></span> <span class='ocrx_word' id='word_1_207' title='bbox 683 3493 712 3530; x_wconf 90' lang='lat' dir='ltr'><strong>e</strong></span> <span class='ocrx_word' id='word_1_208' title='bbox 737 3481 940 3531; x_wconf 89' lang='lat' dir='ltr'><strong>nomine</strong></span> <span class='ocrx_word' id='word_1_209' title='bbox 959 3483 1238 3547; x_wconf 84' lang='lat' dir='ltr'><strong>conjiciunt</strong></span> <span class='ocrx_word' id='word_1_210' title='bbox 1256 3490 1418 3533; x_wconf 87' lang='lat' dir='ltr'><strong>etau-</strong></span> 
     </span>
     <span class='ocr_line' id='line_1_39' title="bbox 353 3557 1418 3623; baseline 0.004 -17"><span class='ocrx_word' id='word_1_211' title='bbox 353 3562 606 3620; x_wconf 82' lang='lat' dir='ltr'><strong>gnrantnr</strong></span> <span class='ocrx_word' id='word_1_212' title='bbox 632 3557 807 3623; x_wconf 80' lang='lat' dir='ltr'><strong>aliqui.</strong></span> <span class='ocrx_word' id='word_1_213' title='bbox 861 3557 937 3608; x_wconf 85' lang='lat' dir='ltr'><strong>At</strong></span> <span class='ocrx_word' id='word_1_214' title='bbox 953 3573 1236 3623; x_wconf 85' lang='lat' dir='ltr'><strong>puerumne</strong></span> <span class='ocrx_word' id='word_1_215' title='bbox 1257 3560 1418 3610; x_wconf 85' lang='lat' dir='ltr'><strong>dilec-</strong></span> 
     </span>
     <span class='ocr_line' id='line_1_40' title="bbox 353 3634 1412 3701; baseline 0.001 -17"><span class='ocrx_word' id='word_1_216' title='bbox 353 3642 463 3685; x_wconf 84' lang='lat' dir='ltr'><strong>tum</strong></span> <span class='ocrx_word' id='word_1_217' title='bbox 486 3635 692 3699; x_wconf 83' lang='lat' dir='ltr'><strong>Valgio,</strong></span> <span class='ocrx_word' id='word_1_218' title='bbox 717 3649 783 3684; x_wconf 90' lang='lat' dir='ltr'><strong>an</strong></span> <span class='ocrx_word' id='word_1_219' title='bbox 804 3634 1116 3699; x_wconf 67' lang='lat' dir='ltr'><strong>ejusfllium,</strong></span> <span class='ocrx_word' id='word_1_220' title='bbox 1139 3636 1255 3701; x_wconf 84' lang='lat' dir='ltr'><strong>quis</strong></span> <span class='ocrx_word' id='word_1_221' title='bbox 1276 3650 1412 3685; x_wconf 84' lang='lat' dir='ltr'><strong>asse·</strong></span> 
     </span>
     <span class='ocr_line' id='line_1_41' title="bbox 353 3711 1418 3763; baseline 0.001 -1"><span class='ocrx_word' id='word_1_222' title='bbox 353 3713 476 3762; x_wconf 86' lang='lat' dir='ltr'><strong>rat?</strong></span> <span class='ocrx_word' id='word_1_223' title='bbox 545 3713 731 3763; x_wconf 81' lang='lat' dir='ltr'><strong>Filium</strong></span> <span class='ocrx_word' id='word_1_224' title='bbox 755 3726 877 3762; x_wconf 85' lang='lat' dir='ltr'><strong>sane</strong></span> <span class='ocrx_word' id='word_1_225' title='bbox 908 3711 1067 3763; x_wconf 84' lang='lat' dir='ltr'><strong>fuisse</strong></span> <span class='ocrx_word' id='word_1_226' title='bbox 1089 3712 1320 3763; x_wconf 85' lang='lat' dir='ltr'><strong>indicare</strong></span> <span class='ocrx_word' id='word_1_227' title='bbox 1345 3714 1418 3763; x_wconf 70' lang='lat' dir='ltr'><strong>&#39;vi-</strong></span> 
     </span>
     <span class='ocr_line' id='line_1_42' title="bbox 351 3788 1413 3856; baseline 0.003 -18"><span class='ocrx_word' id='word_1_228' title='bbox 351 3788 544 3839; x_wconf 85' lang='lat' dir='ltr'><strong>dentur</strong></span> <span class='ocrx_word' id='word_1_229' title='bbox 595 3790 836 3854; x_wconf 82' lang='lat' dir='ltr'><strong>exempla</strong></span> <span class='ocrx_word' id='word_1_230' title='bbox 888 3805 1010 3840; x_wconf 86' lang='lat' dir='ltr'><strong>mox</strong></span> <span class='ocrx_word' id='word_1_231' title='bbox 1062 3789 1242 3853; x_wconf 86' lang='lat' dir='ltr'><strong>allata,</strong></span> <span class='ocrx_word' id='word_1_232' title='bbox 1297 3804 1413 3856; x_wconf 79' lang='lat' dir='ltr'><strong>quae</strong></span> 
     </span>
     <span class='ocr_line' id='line_1_43' title="bbox 351 3866 1414 3933; baseline -0.002 -15"><span class='ocrx_word' id='word_1_233' title='bbox 351 3870 557 3933; x_wconf 77' lang='lat' dir='ltr'><strong>singula</strong></span> <span class='ocrx_word' id='word_1_234' title='bbox 596 3875 718 3919; x_wconf 86' lang='lat' dir='ltr'><strong>sunt</strong></span> <span class='ocrx_word' id='word_1_235' title='bbox 757 3875 1029 3933; x_wconf 81' lang='lat' dir='ltr'><strong>parentum</strong></span> <span class='ocrx_word' id='word_1_236' title='bbox 1064 3866 1196 3917; x_wconf 85' lang='lat' dir='ltr'><strong>filios</strong></span> <span class='ocrx_word' id='word_1_237' title='bbox 1231 3869 1414 3932; x_wconf 84' lang='lat' dir='ltr'><strong>lugen-</strong></span> 
     </span>
     <span class='ocr_line' id='line_1_44' title="bbox 350 3945 501 3996; baseline 0.007 -1"><span class='ocrx_word' id='word_1_238' title='bbox 350 3945 501 3996; x_wconf 85' lang='lat' dir='ltr'><strong>tium.</strong></span> 
     </span>
    </p>

    <p class='ocr_par' dir='ltr' id='par_1_17' title="bbox 349 4019 1415 4316">
     <span class='ocr_line' id='line_1_45' title="bbox 356 4019 1412 4086; baseline -0.002 -15"><span class='ocrx_word' id='word_1_239' title='bbox 356 4040 363 4049; x_wconf 80' lang='grc'><em>·</em></span> <span class='ocrx_word' id='word_1_240' title='bbox 417 4021 526 4072; x_wconf 85' lang='lat' dir='ltr'><strong>Nec</strong></span> <span class='ocrx_word' id='word_1_241' title='bbox 551 4021 641 4072; x_wconf 78' lang='lat' dir='ltr'><strong>tibi</strong></span> <span class='ocrx_word' id='word_1_242' title='bbox 669 4021 872 4086; x_wconf 77' lang='lat' dir='ltr'><strong>Vespero</strong></span> <span class='ocrx_word' id='word_1_243' title='bbox 893 4025 1132 4085; x_wconf 71' lang='lat' dir='ltr'><strong>surgente,</strong></span> <span class='ocrx_word' id='word_1_244' title='bbox 1149 4020 1260 4086; x_wconf 54' lang='grc' dir='ltr'><strong>ξω]</strong></span> <span class='ocrx_word' id='word_1_245' title='bbox 1298 4019 1412 4070; x_wconf 81' lang='lat' dir='ltr'><strong>Nec</strong></span> 
     </span>
     <span class='ocr_line' id='line_1_46' title="bbox 349 4097 1414 4161; baseline -0.001 -14"><span class='ocrx_word' id='word_1_246' title='bbox 349 4112 522 4151; x_wconf 78' lang='lat' dir='ltr'><strong>cessas</strong></span> <span class='ocrx_word' id='word_1_247' title='bbox 559 4097 815 4147; x_wconf 87' lang='lat' dir='ltr'><strong>desideria</strong></span> <span class='ocrx_word' id='word_1_248' title='bbox 834 4104 910 4147; x_wconf 88' lang='lat' dir='ltr'><strong>-et</strong></span> <span class='ocrx_word' id='word_1_249' title='bbox 943 4098 1173 4147; x_wconf 86' lang='lat' dir='ltr'><strong>lamenta</strong></span> <span class='ocrx_word' id='word_1_250' title='bbox 1188 4097 1414 4161; x_wconf 78' lang='lat' dir='ltr'><strong>iterare,</strong></span> 
     </span>
     <span class='ocr_line' id='line_1_47' title="bbox 350 4173 1413 4239; baseline 0.003 -17"><span class='ocrx_word' id='word_1_251' title='bbox 350 4174 457 4222; x_wconf 78' lang='lat' dir='ltr'><strong>sive</strong></span> <span class='ocrx_word' id='word_1_252' title='bbox 479 4187 594 4223; x_wconf 89' lang='lat' dir='ltr'><strong>cnm</strong></span> <span class='ocrx_word' id='word_1_253' title='bbox 611 4173 763 4223; x_wconf 82' lang='lat' dir='ltr'><strong>stella</strong></span> <span class='ocrx_word' id='word_1_254' title='bbox 782 4173 1003 4224; x_wconf 82' lang='lat' dir='ltr'><strong>Veneris</strong></span> <span class='ocrx_word' id='word_1_255' title='bbox 1025 4174 1276 4239; x_wconf 82' lang='lat' dir='ltr'><strong>exoritur,</strong></span> <span class='ocrx_word' id='word_1_256' title='bbox 1295 4189 1413 4225; x_wconf 91' lang='lat' dir='ltr'><strong>sero</strong></span> 
     </span>
     <span class='ocr_line' id='line_1_48' title="bbox 349 4250 1415 4316; baseline 0.005 -18"><span class='ocrx_word' id='word_1_257' title='bbox 349 4262 558 4314; x_wconf 78' lang='lat' dir='ltr'><strong>nempe,</strong></span> <span class='ocrx_word' id='word_1_258' title='bbox 595 4256 650 4299; x_wconf 88' lang='lat' dir='ltr'><strong>et</strong></span> <span class='ocrx_word' id='word_1_259' title='bbox 694 4250 898 4314; x_wconf 87' lang='lat' dir='ltr'><strong>Vesper</strong></span> <span class='ocrx_word' id='word_1_260' title='bbox 937 4251 1250 4316; x_wconf 83' lang='lat' dir='ltr'><strong>appellatur,</strong></span> <span class='ocrx_word' id='word_1_261' title='bbox 1305 4253 1415 4303; x_wconf 83' lang='lat' dir='ltr'><strong>sive</strong></span> 
     </span>
    </p>
   </div>
   <div class='ocr_carea' id='block_1_14' title="bbox 1488 1935 2565 4086">
    <p class='ocr_par' dir='ltr' id='par_1_18' title="bbox 1488 1935 2565 3689">
     <span class='ocr_line' id='line_1_49' title="bbox 1501 1935 2563 2004; baseline -0.004 -13"><span class='ocrx_word' id='word_1_262' title='bbox 1501 1954 1620 1992; x_wconf 91' lang='lat' dir='ltr'><strong>cum</strong></span> <span class='ocrx_word' id='word_1_263' title='bbox 1644 1939 1855 1999; x_wconf 80' lang='lat' dir='ltr'><strong>oceidit,</strong></span> <span class='ocrx_word' id='word_1_264' title='bbox 1888 1945 1944 1991; x_wconf 90' lang='lat' dir='ltr'><strong>et</strong></span> <span class='ocrx_word' id='word_1_265' title='bbox 1966 1942 2262 2004; x_wconf 79' lang='lat' dir='ltr'><strong>surgentem</strong></span> <span class='ocrx_word' id='word_1_266' title='bbox 2285 1937 2459 1989; x_wconf 82' lang='lat' dir='ltr'><strong>Solem</strong></span> <span class='ocrx_word' id='word_1_267' title='bbox 2482 1935 2563 1987; x_wconf 85' lang='lat' dir='ltr'><strong>fn·</strong></span> 
     </span>
     <span class='ocr_line' id='line_1_50' title="bbox 1500 2011 2564 2085; baseline -0.004 -18"><span class='ocrx_word' id='word_1_268' title='bbox 1500 2017 1599 2085; x_wconf 78' lang='lat' dir='ltr'><strong>git,</strong></span> <span class='ocrx_word' id='word_1_269' title='bbox 1638 2031 1790 2068; x_wconf 88' lang='lat' dir='ltr'><strong>mane</strong></span> <span class='ocrx_word' id='word_1_270' title='bbox 1827 2017 2050 2079; x_wconf 83' lang='lat' dir='ltr'><strong>scilicet,</strong></span> <span class='ocrx_word' id='word_1_271' title='bbox 2098 2020 2154 2065; x_wconf 88' lang='lat' dir='ltr'><strong>et</strong></span> <span class='ocrx_word' id='word_1_272' title='bbox 2183 2021 2310 2066; x_wconf 88' lang='lat' dir='ltr'><strong>tunc</strong></span> <span class='ocrx_word' id='word_1_273' title='bbox 2350 2011 2564 2064; x_wconf 85' lang='lat' dir='ltr'><strong>Lucifer</strong></span> 
     </span>
     <span class='ocr_line' id='line_1_51' title="bbox 1499 2084 2562 2146; baseline -0.004 -1"><span class='ocrx_word' id='word_1_274' title='bbox 1499 2095 1712 2145; x_wconf 84' lang='lat' dir='ltr'><strong>dicitur.</strong></span> <span class='ocrx_word' id='word_1_275' title='bbox 1779 2093 1893 2146; x_wconf 90' lang='lat' dir='ltr'><strong>Cic.</strong></span> <span class='ocrx_word' id='word_1_276' title='bbox 1934 2088 1999 2144; x_wconf 83' lang='lat' dir='ltr'><strong>de</strong></span> <span class='ocrx_word' id='word_1_277' title='bbox 2046 2084 2173 2144; x_wconf 78' lang='lat' dir='ltr'><strong>Nat.</strong></span> <span class='ocrx_word' id='word_1_278' title='bbox 2217 2091 2378 2142; x_wconf 90' lang='lat' dir='ltr'><strong>Deor.</strong></span> <span class='ocrx_word' id='word_1_279' title='bbox 2413 2104 2479 2141; x_wconf 85' lang='lat'><strong>11.</strong></span> <span class='ocrx_word' id='word_1_280' title='bbox 2509 2104 2562 2141; x_wconf 90' lang='lat' dir='ltr'><strong>n.</strong></span> 
     </span>
     <span class='ocr_line' id='line_1_52' title="bbox 1499 2167 2562 2236; baseline -0.006 -14"><span class='ocrx_word' id='word_1_281' title='bbox 1499 2176 1590 2222; x_wconf 69' lang='lat'><strong>53.</strong></span> <span class='ocrx_word' id='word_1_282' title='bbox 1614 2172 1631 2200; x_wconf 88' lang='lat'>‘</span> <span class='ocrx_word' id='word_1_283' title='bbox 1653 2170 1839 2222; x_wconf 82' lang='lat' dir='ltr'><strong>Infima</strong></span> <span class='ocrx_word' id='word_1_284' title='bbox 1882 2175 1966 2223; x_wconf 81' lang='lat' dir='ltr'><strong>est</strong></span> <span class='ocrx_word' id='word_1_285' title='bbox 1991 2170 2223 2236; x_wconf 85' lang='lat' dir='ltr'><strong>quinque</strong></span> <span class='ocrx_word' id='word_1_286' title='bbox 2260 2167 2562 2225; x_wconf 83' lang='lat' dir='ltr'><strong>errantium,</strong></span> 
     </span>
     <span class='ocr_line' id='line_1_53' title="bbox 1501 2244 2562 2315; baseline -0.007 -15"><span class='ocrx_word' id='word_1_287' title='bbox 1501 2258 1765 2315; x_wconf 80' lang='lat' dir='ltr'><strong>terraeque</strong></span> <span class='ocrx_word' id='word_1_288' title='bbox 1820 2248 2077 2313; x_wconf 83' lang='lat' dir='ltr'><strong>proxima,</strong></span> <span class='ocrx_word' id='word_1_289' title='bbox 2121 2247 2277 2298; x_wconf 85' lang='lat' dir='ltr'><strong>stella</strong></span> <span class='ocrx_word' id='word_1_290' title='bbox 2319 2244 2562 2309; x_wconf 81' lang='lat' dir='ltr'><strong>Veneris,</strong></span> 
     </span>
     <span class='ocr_line' id='line_1_54' title="bbox 1499 2320 2563 2392; baseline -0.009 -11"><span class='ocrx_word' id='word_1_291' title='bbox 1499 2340 1617 2392; x_wconf 75' lang='lat' dir='ltr'><strong>quae</strong></span> <span class='ocrx_word' id='word_1_292' title='bbox 1638 2323 1890 2390; x_wconf 69' lang='grc' dir='ltr'><strong><em>Φωσφόρος</em></strong></span> <span class='ocrx_word' id='word_1_293' title='bbox 1908 2324 2119 2386; x_wconf 78' lang='lat' dir='ltr'><strong>Graece,</strong></span> <span class='ocrx_word' id='word_1_294' title='bbox 2150 2323 2337 2378; x_wconf 78' lang='lat' dir='ltr'><strong>Latine</strong></span> <span class='ocrx_word' id='word_1_295' title='bbox 2369 2320 2563 2380; x_wconf 71' lang='lat' dir='ltr'><strong>Lucifer</strong></span> 
     </span>
     <span class='ocr_line' id='line_1_55' title="bbox 1490 2396 2562 2467; baseline -0.005 -15"><span class='ocrx_word' id='word_1_296' title='bbox 1490 2396 1712 2467; x_wconf 66' lang='lat' dir='ltr'><strong>dicitur,</strong></span> <span class='ocrx_word' id='word_1_297' title='bbox 1726 2416 1844 2452; x_wconf 87' lang='lat' dir='ltr'><strong>cum</strong></span> <span class='ocrx_word' id='word_1_298' title='bbox 1860 2399 2225 2466; x_wconf 75' lang='lat' dir='ltr'><strong>antegreditur</strong></span> <span class='ocrx_word' id='word_1_299' title='bbox 2236 2400 2431 2461; x_wconf 87' lang='lat' dir='ltr'><strong>Solem,</strong></span> <span class='ocrx_word' id='word_1_300' title='bbox 2441 2411 2562 2448; x_wconf 86' lang='lat' dir='ltr'><strong>enm</strong></span> 
     </span>
     <span class='ocr_line' id='line_1_56' title="bbox 1498 2473 2565 2546; baseline -0.004 -17"><span class='ocrx_word' id='word_1_301' title='bbox 1498 2479 1831 2546; x_wconf 78' lang='lat' dir='ltr'><strong>subsequitur</strong></span> <span class='ocrx_word' id='word_1_302' title='bbox 1852 2486 2025 2528; x_wconf 87' lang='lat' dir='ltr'><strong>autem</strong></span> <span class='ocrx_word' id='word_1_303' title='bbox 2050 2476 2267 2543; x_wconf 72' lang='grc' dir='ltr'><strong>ἕσπερος,</strong></span> <span class='ocrx_word' id='word_1_304' title='bbox 2286 2473 2565 2539; x_wconf 64' lang='lat' dir='ltr'><strong>Hesperus!</strong></span> 
     </span>
     <span class='ocr_line' id='line_1_57' title="bbox 1498 2549 2563 2609; baseline -0.01 -1"><span class='ocrx_word' id='word_1_305' title='bbox 1498 2557 1640 2609; x_wconf 86' lang='lat' dir='ltr'><strong>Pliu.</strong></span> <span class='ocrx_word' id='word_1_306' title='bbox 1677 2569 1742 2608; x_wconf 77' lang='grc' dir='ltr'><strong>ιι.</strong></span> <span class='ocrx_word' id='word_1_307' title='bbox 1778 2559 1829 2605; x_wconf 83' lang='grc'><strong>8.</strong></span> <span class='ocrx_word' id='word_1_308' title='bbox 1863 2551 2040 2604; x_wconf 84' lang='lat' dir='ltr'><strong>‘Infra</strong></span> <span class='ocrx_word' id='word_1_309' title='bbox 2072 2553 2243 2603; x_wconf 80' lang='lat' dir='ltr'><strong>Solem</strong></span> <span class='ocrx_word' id='word_1_310' title='bbox 2288 2549 2451 2602; x_wconf 87' lang='lat' dir='ltr'><strong>ambit</strong></span> <span class='ocrx_word' id='word_1_311' title='bbox 2485 2550 2563 2598; x_wconf 88' lang='lat' dir='ltr'><strong>in·</strong></span> 
     </span>
     <span class='ocr_line' id='line_1_58' title="bbox 1497 2627 2562 2698; baseline -0.008 -14"><span class='ocrx_word' id='word_1_312' title='bbox 1497 2646 1625 2698; x_wconf 78' lang='lat' dir='ltr'><strong>gens</strong></span> <span class='ocrx_word' id='word_1_313' title='bbox 1645 2631 1807 2695; x_wconf 82' lang='lat' dir='ltr'><strong>sidus,</strong></span> <span class='ocrx_word' id='word_1_314' title='bbox 1821 2631 2137 2696; x_wconf 80' lang='lat' dir='ltr'><strong>appellatum</strong></span> <span class='ocrx_word' id='word_1_315' title='bbox 2152 2627 2392 2691; x_wconf 86' lang='lat' dir='ltr'><strong>Veneris,</strong></span> <span class='ocrx_word' id='word_1_316' title='bbox 2408 2627 2562 2676; x_wconf 87' lang='lat' dir='ltr'><strong>alter·</strong></span> 
     </span>
     <span class='ocr_line' id='line_1_59' title="bbox 1498 2701 2559 2773; baseline -0.01 -12"><span class='ocrx_word' id='word_1_317' title='bbox 1498 2724 1568 2761; x_wconf 91' lang='lat' dir='ltr'><strong>no</strong></span> <span class='ocrx_word' id='word_1_318' title='bbox 1599 2714 1776 2761; x_wconf 79' lang='lat' dir='ltr'><strong>meatu</strong></span> <span class='ocrx_word' id='word_1_319' title='bbox 1805 2722 2017 2773; x_wconf 79' lang='lat' dir='ltr'><strong>vagum,</strong></span> <span class='ocrx_word' id='word_1_320' title='bbox 2040 2706 2265 2772; x_wconf 80' lang='lat' dir='ltr'><strong>ipsisque</strong></span> <span class='ocrx_word' id='word_1_321' title='bbox 2298 2701 2559 2767; x_wconf 76' lang='lat' dir='ltr'><strong>cognomi-</strong></span> 
     </span>
     <span class='ocr_line' id='line_1_60' title="bbox 1498 2779 2563 2837; baseline -0.008 0"><span class='ocrx_word' id='word_1_322' title='bbox 1498 2787 1651 2837; x_wconf 84' lang='lat' dir='ltr'><strong>nibus</strong></span> <span class='ocrx_word' id='word_1_323' title='bbox 1674 2785 1913 2836; x_wconf 79' lang='lat' dir='ltr'><strong>aemnlum</strong></span> <span class='ocrx_word' id='word_1_324' title='bbox 1933 2783 2069 2835; x_wconf 82' lang='lat' dir='ltr'><strong>Solis</strong></span> <span class='ocrx_word' id='word_1_325' title='bbox 2092 2783 2349 2833; x_wconf 76' lang='lat' dir='ltr'><strong>acLunoe.</strong></span> <span class='ocrx_word' id='word_1_326' title='bbox 2414 2779 2563 2828; x_wconf 76' lang='lat' dir='ltr'><strong>1²1·oe-</strong></span> 
     </span>
     <span class='ocr_line' id='line_1_61' title="bbox 1498 2856 2560 2930; baseline -0.009 -15"><span class='ocrx_word' id='word_1_327' title='bbox 1498 2865 1712 2915; x_wconf 79' lang='lat' dir='ltr'><strong>&#39;veniens</strong></span> <span class='ocrx_word' id='word_1_328' title='bbox 1753 2863 1949 2930; x_wconf 86' lang='lat' dir='ltr'><strong>quippe</strong></span> <span class='ocrx_word' id='word_1_329' title='bbox 1987 2868 2044 2912; x_wconf 91' lang='lat' dir='ltr'><strong>et</strong></span> <span class='ocrx_word' id='word_1_330' title='bbox 2088 2867 2209 2912; x_wconf 86' lang='lat' dir='ltr'><strong>ante</strong></span> <span class='ocrx_word' id='word_1_331' title='bbox 2249 2856 2560 2909; x_wconf 84' lang='lat' dir='ltr'><strong>matutinum</strong></span> 
     </span>
     <span class='ocr_line' id='line_1_62' title="bbox 1488 2934 2562 3006; baseline -0.011 -13"><span class='ocrx_word' id='word_1_332' title='bbox 1488 2940 1756 3006; x_wconf 79' lang='lat' dir='ltr'><strong>&#39;exoriens,</strong></span> <span class='ocrx_word' id='word_1_333' title='bbox 1792 2937 2025 2993; x_wconf 79' lang='lat' dir='ltr'><strong>Luciferi</strong></span> <span class='ocrx_word' id='word_1_334' title='bbox 2059 2951 2245 2989; x_wconf 90' lang='lat' dir='ltr'><strong>nomen</strong></span> <span class='ocrx_word' id='word_1_335' title='bbox 2270 2934 2480 3000; x_wconf 79' lang='lat' dir='ltr'><strong>accipit,</strong></span> <span class='ocrx_word' id='word_1_336' title='bbox 2502 2938 2562 2982; x_wconf 87' lang='lat' dir='ltr'><strong>ut</strong></span> 
     </span>
     <span class='ocr_line' id='line_1_63' title="bbox 1496 3009 2560 3079; baseline -0.012 -7"><span class='ocrx_word' id='word_1_337' title='bbox 1496 3021 1586 3072; x_wconf 84' lang='lat' dir='ltr'><strong>S&#39;ol</strong></span> <span class='ocrx_word' id='word_1_338' title='bbox 1609 3021 1762 3079; x_wconf 85' lang='lat' dir='ltr'><strong>alter,</strong></span> <span class='ocrx_word' id='word_1_339' title='bbox 1786 3019 1924 3070; x_wconf 82' lang='lat' dir='ltr'><strong>diem</strong></span> <span class='ocrx_word' id='word_1_340' title='bbox 1948 3022 2248 3069; x_wconf 78' lang='lat' dir='ltr'><strong>maturans:</strong></span> <span class='ocrx_word' id='word_1_341' title='bbox 2288 3009 2560 3064; x_wconf 72' lang='lat' dir='ltr'><strong>conti-aab</strong></span> 
     </span>
     <span class='ocr_line' id='line_1_64' title="bbox 1500 3089 2563 3160; baseline -0.012 -10"><span class='ocrx_word' id='word_1_342' title='bbox 1500 3099 1710 3150; x_wconf 83' lang='lat' dir='ltr'><strong>Occasu</strong></span> <span class='ocrx_word' id='word_1_343' title='bbox 1748 3095 2029 3160; x_wconf 80' lang='lat' dir='ltr'><strong>refulgens,</strong></span> <span class='ocrx_word' id='word_1_344' title='bbox 2069 3097 2398 3157; x_wconf 79' lang='lat' dir='ltr'><strong>nuncupatur</strong></span> <span class='ocrx_word' id='word_1_345' title='bbox 2431 3089 2563 3138; x_wconf 77' lang='lat' dir='ltr'><strong>Ves-</strong></span> 
     </span>
     <span class='ocr_line' id='line_1_65' title="bbox 1496 3163 2559 3241; baseline -0.014 -14"><span class='ocrx_word' id='word_1_346' title='bbox 1496 3190 1616 3241; x_wconf 85' lang='lat' dir='ltr'><strong>per,</strong></span> <span class='ocrx_word' id='word_1_347' title='bbox 1637 3180 1698 3226; x_wconf 87' lang='lat' dir='ltr'><strong>nt</strong></span> <span class='ocrx_word' id='word_1_348' title='bbox 1719 3176 2004 3240; x_wconf 76' lang='lat' dir='ltr'><strong>prorogans</strong></span> <span class='ocrx_word' id='word_1_349' title='bbox 2026 3168 2231 3233; x_wconf 83' lang='lat' dir='ltr'><strong>lucem,’</strong></span> <span class='ocrx_word' id='word_1_350' title='bbox 2250 3171 2350 3219; x_wconf 61' lang='lat' dir='ltr'><strong>stc.</strong></span> <span class='ocrx_word' id='word_1_351' title='bbox 2400 3163 2559 3214; x_wconf 69' lang='lat' dir='ltr'><strong>Ovis.</strong></span> 
     </span>
     <span class='ocr_line' id='line_1_66' title="bbox 1496 3242 2560 3310; baseline -0.013 -6"><span class='ocrx_word' id='word_1_352' title='bbox 1496 3253 1637 3303; x_wconf 83' lang='lat' dir='ltr'><strong>Met.</strong></span> <span class='ocrx_word' id='word_1_353' title='bbox 1657 3252 1726 3303; x_wconf 80' lang='lat'>&#39;11-</span> <span class='ocrx_word' id='word_1_354' title='bbox 1752 3254 1868 3301; x_wconf 75' lang='lat'><strong>112.</strong></span> <span class='ocrx_word' id='word_1_355' title='bbox 1923 3251 1940 3279; x_wconf 91' lang='lat'>‘</span> <span class='ocrx_word' id='word_1_356' title='bbox 1960 3250 2099 3299; x_wconf 85' lang='lat' dir='ltr'><strong>Ecce</strong></span> <span class='ocrx_word' id='word_1_357' title='bbox 2132 3246 2260 3310; x_wconf 81' lang='lat' dir='ltr'><strong>vigil</strong></span> <span class='ocrx_word' id='word_1_358' title='bbox 2279 3242 2448 3295; x_wconf 85' lang='lat' dir='ltr'><strong>nitido</strong></span> <span class='ocrx_word' id='word_1_359' title='bbox 2469 3252 2560 3305; x_wconf 84' lang='lat' dir='ltr'><strong>pa·</strong></span> 
     </span>
     <span class='ocr_line' id='line_1_67' title="bbox 1496 3314 2559 3389; baseline -0.013 -8"><span class='ocrx_word' id='word_1_360' title='bbox 1496 3329 1682 3381; x_wconf 83' lang='lat' dir='ltr'><strong>tefecit</strong></span> <span class='ocrx_word' id='word_1_361' title='bbox 1700 3328 1767 3379; x_wconf 86' lang='lat' dir='ltr'><strong>ab</strong></span> <span class='ocrx_word' id='word_1_362' title='bbox 1796 3330 1912 3377; x_wconf 84' lang='lat' dir='ltr'><strong>ortu</strong></span> <span class='ocrx_word' id='word_1_363' title='bbox 1936 3325 2236 3389; x_wconf 75' lang='lat' dir='ltr'><strong>Purpureas</strong></span> <span class='ocrx_word' id='word_1_364' title='bbox 2261 3314 2559 3370; x_wconf 61' lang='lat' dir='ltr'><strong>Auratam-</strong></span> 
     </span>
     <span class='ocr_line' id='line_1_68' title="bbox 1497 3391 2561 3473; baseline -0.015 -15"><span class='ocrx_word' id='word_1_365' title='bbox 1497 3422 1601 3473; x_wconf 88' lang='lat' dir='ltr'><strong>res‚</strong></span> <span class='ocrx_word' id='word_1_366' title='bbox 1640 3412 1697 3457; x_wconf 86' lang='lat' dir='ltr'><strong>et</strong></span> <span class='ocrx_word' id='word_1_367' title='bbox 1731 3404 1887 3468; x_wconf 83' lang='lat' dir='ltr'><strong>plena</strong></span> <span class='ocrx_word' id='word_1_368' title='bbox 1916 3414 2149 3452; x_wconf 83' lang='lat' dir='ltr'><strong>rosarum</strong></span> <span class='ocrx_word' id='word_1_369' title='bbox 2188 3398 2372 3449; x_wconf 82' lang='lat' dir='ltr'><strong>Atria:</strong></span> <span class='ocrx_word' id='word_1_370' title='bbox 2408 3391 2561 3444; x_wconf 79' lang='lat' dir='ltr'><strong>diffu-</strong></span> 
     </span>
     <span class='ocr_line' id='line_1_69' title="bbox 1497 3472 2561 3549; baseline -0.013 -14"><span class='ocrx_word' id='word_1_371' title='bbox 1497 3485 1646 3549; x_wconf 82' lang='lat' dir='ltr'><strong>g&#39;iunt</strong></span> <span class='ocrx_word' id='word_1_372' title='bbox 1686 3481 1872 3538; x_wconf 67' lang='lat' dir='ltr'><strong>stellae,</strong></span> <span class='ocrx_word' id='word_1_373' title='bbox 1915 3492 2132 3544; x_wconf 86' lang='lat' dir='ltr'><strong>quarum</strong></span> <span class='ocrx_word' id='word_1_374' title='bbox 2175 3476 2379 3540; x_wconf 83' lang='lat' dir='ltr'><strong>agmina</strong></span> <span class='ocrx_word' id='word_1_375' title='bbox 2416 3472 2561 3535; x_wconf 80' lang='lat' dir='ltr'><strong>cogit</strong></span> 
     </span>
     <span class='ocr_line' id='line_1_70' title="bbox 1498 3549 2559 3625; baseline -0.016 -12"><span class='ocrx_word' id='word_1_376' title='bbox 1498 3559 1730 3625; x_wconf 76' lang='lat' dir='ltr'><strong>Lucifer,</strong></span> <span class='ocrx_word' id='word_1_377' title='bbox 1764 3563 1821 3609; x_wconf 90' lang='lat' dir='ltr'><strong>et</strong></span> <span class='ocrx_word' id='word_1_378' title='bbox 1850 3554 1970 3608; x_wconf 85' lang='lat' dir='ltr'><strong>coeli</strong></span> <span class='ocrx_word' id='word_1_379' title='bbox 2002 3554 2229 3605; x_wconf 74' lang='lat' dir='ltr'><strong>statione</strong></span> <span class='ocrx_word' id='word_1_380' title='bbox 2251 3549 2559 3601; x_wconf 79' lang='lat' dir='ltr'><strong>novissimus</strong></span> 
     </span>
     <span class='ocr_line' id='line_1_71' title="bbox 1493 3637 2482 3689; baseline -0.01 -1"><span class='ocrx_word' id='word_1_381' title='bbox 1493 3637 1641 3689; x_wconf 58' lang='lat' dir='ltr'><strong>exit)</strong></span> <span class='ocrx_word' id='word_1_382' title='bbox 1947 3647 1952 3652; x_wconf 83' lang='grc'>’</span> <span class='ocrx_word' id='word_1_383' title='bbox 2201 3660 2206 3664; x_wconf 82' lang='lat'><em>-</em></span> <span class='ocrx_word' id='word_1_384' title='bbox 2339 3638 2342 3645; x_wconf 82' lang='lat'>&#39;</span> <span class='ocrx_word' id='word_1_385' title='bbox 2475 3654 2482 3661; x_wconf 86' lang='lat'><em>-</em></span> 
     </span>
    </p>

    <p class='ocr_par' dir='ltr' id='par_1_19' title="bbox 1494 3701 2558 4086">
     <span class='ocr_line' id='line_1_72' title="bbox 1498 3701 2556 3770; baseline -0.015 -3"><span class='ocrx_word' id='word_1_386' title='bbox 1498 3730 1504 3740; x_wconf 85' lang='lat'><em>·</em></span> <span class='ocrx_word' id='word_1_387' title='bbox 1560 3719 1621 3765; x_wconf 93' lang='grc'><strong>11</strong></span> <span class='ocrx_word' id='word_1_388' title='bbox 1657 3712 1906 3763; x_wconf 64' lang='lat' dir='ltr'><strong>Decedam</strong></span> <span class='ocrx_word' id='word_1_389' title='bbox 1921 3707 2125 3770; x_wconf 66' lang='lat' dir='ltr'><strong>annm-es]</strong></span> <span class='ocrx_word' id='word_1_390' title='bbox 2152 3701 2337 3766; x_wconf 76' lang='lat' dir='ltr'><strong>virgil.</strong></span> <span class='ocrx_word' id='word_1_391' title='bbox 2358 3701 2556 3764; x_wconf 77' lang='lat' dir='ltr'><strong>Georg.</strong></span> 
     </span>
     <span class='ocr_line' id='line_1_73' title="bbox 1497 3775 2557 3844; baseline -0.018 0"><span class='ocrx_word' id='word_1_392' title='bbox 1497 3804 1583 3844; x_wconf 72' lang='lat' dir='ltr'><strong>w.</strong></span> <span class='ocrx_word' id='word_1_393' title='bbox 1620 3793 1736 3839; x_wconf 79' lang='grc'><strong>466.</strong></span> <span class='ocrx_word' id='word_1_394' title='bbox 1769 3787 1871 3836; x_wconf 82' lang='lat' dir='ltr'><strong>‘Te</strong></span> <span class='ocrx_word' id='word_1_395' title='bbox 1899 3778 2370 3841; x_wconf 55' lang='lat' dir='ltr'><strong>veniente-die,“te</strong></span> <span class='ocrx_word' id='word_1_396' title='bbox 2402 3775 2557 3826; x_wconf 77' lang='lat' dir='ltr'><strong>‹lece-</strong></span> 
     </span>
     <span class='ocr_line' id='line_1_74' title="bbox 1495 3859 2526 3919; baseline -0.015 0"><span class='ocrx_word' id='word_1_397' title='bbox 1495 3869 1655 3919; x_wconf 83' lang='lat' dir='ltr'><strong>deute</strong></span> <span class='ocrx_word' id='word_1_398' title='bbox 1678 3859 1944 3916; x_wconf 65' lang='lat' dir='ltr'><strong>canebat!</strong></span> <span class='ocrx_word' id='word_1_399' title='bbox 2429 3862 2434 3869; x_wconf 86' lang='lat'>&#39;</span> <span class='ocrx_word' id='word_1_400' title='bbox 2504 3864 2526 3891; x_wconf 58' lang='lat'>⁴</span> 
     </span>
     <span class='ocr_line' id='line_1_75' title="bbox 1502 3927 2558 3994; baseline -0.019 2"><span class='ocrx_word' id='word_1_401' title='bbox 1502 3960 1509 3965; x_wconf 61' lang='grc'><strong><em>’</em></strong></span> <span class='ocrx_word' id='word_1_402' title='bbox 1564 3948 1624 3994; x_wconf 76' lang='lat' dir='ltr'><strong>la</strong></span> <span class='ocrx_word' id='word_1_403' title='bbox 1659 3942 1727 3993; x_wconf 78' lang='lat' dir='ltr'><strong>At</strong></span> <span class='ocrx_word' id='word_1_404' title='bbox 1748 3954 1842 3989; x_wconf 74' lang='lat' dir='ltr'><strong>non</strong></span> <span class='ocrx_word' id='word_1_405' title='bbox 1864 3944 2055 3988; x_wconf 75' lang='lat' dir='ltr'><strong>tera-vo</strong></span> <span class='ocrx_word' id='word_1_406' title='bbox 2072 3933 2290 3994; x_wconf 66' lang='lat' dir='ltr'><strong>sanctia,</strong></span> <span class='ocrx_word' id='word_1_407' title='bbox 2308 3927 2419 3993; x_wconf 54' lang='grc' dir='ltr'><strong>θα]</strong></span> <span class='ocrx_word' id='word_1_408' title='bbox 2454 3928 2558 3978; x_wconf 80' lang='lat' dir='ltr'><strong>Ve-</strong></span> 
     </span>
     <span class='ocr_line' id='line_1_76' title="bbox 1494 4008 2556 4086; baseline -0.016 -12"><span class='ocrx_word' id='word_1_409' title='bbox 1494 4036 1629 4086; x_wconf 87' lang='lat' dir='ltr'><strong>rum,</strong></span> <span class='ocrx_word' id='word_1_410' title='bbox 1681 4035 1713 4070; x_wconf 88' lang='lat' dir='ltr'><strong>o</strong></span> <span class='ocrx_word' id='word_1_411' title='bbox 1751 4016 1926 4082; x_wconf 83' lang='lat' dir='ltr'><strong>Valgi,</strong></span> <span class='ocrx_word' id='word_1_412' title='bbox 1970 4011 2242 4064; x_wconf 79' lang='lat' dir='ltr'><strong>considera</strong></span> <span class='ocrx_word' id='word_1_413' title='bbox 2274 4008 2556 4057; x_wconf 78' lang='lat' dir='ltr'><strong>Nestorem</strong></span> 
     </span>
    </p>
   </div>
   <div class='ocr_carea' id='block_1_15' title="bbox 1493 4084 2555 4156">
    <p class='ocr_par' dir='ltr' id='par_1_20' title="bbox 1493 4084 2555 4156">
     <span class='ocr_line' id='line_1_77' title="bbox 1493 4084 2555 4156; baseline -0.02 -5"><span class='ocrx_word' id='word_1_414' title='bbox 1493 4099 1642 4152; x_wconf 81' lang='lat' dir='ltr'><strong>senio</strong></span> <span class='ocrx_word' id='word_1_415' title='bbox 1681 4103 1738 4148; x_wconf 84' lang='lat' dir='ltr'><strong>et</strong></span> <span class='ocrx_word' id='word_1_416' title='bbox 1782 4094 1927 4145; x_wconf 86' lang='lat' dir='ltr'><strong>annis</strong></span> <span class='ocrx_word' id='word_1_417' title='bbox 1957 4094 2187 4156; x_wconf 74' lang='lat' dir='ltr'><strong>gravem,</strong></span> <span class='ocrx_word' id='word_1_418' title='bbox 2216 4084 2405 4135; x_wconf 87' lang='lat' dir='ltr'><strong>amisso</strong></span> <span class='ocrx_word' id='word_1_419' title='bbox 2434 4096 2555 4148; x_wconf 88' lang='lat' dir='ltr'><strong>per-</strong></span> 
     </span>
    </p>
   </div>
   <div class='ocr_carea' id='block_1_16' title="bbox 1473 4163 2558 4242">
    <p class='ocr_par' dir='ltr' id='par_1_21' title="bbox 1473 4163 2558 4242">
     <span class='ocr_line' id='line_1_78' title="bbox 1473 4163 2558 4242; baseline -0.02 -14"><span class='ocrx_word' id='word_1_420' title='bbox 1473 4190 1646 4242; x_wconf 87' lang='lat' dir='ltr'><strong>·quam</strong></span> <span class='ocrx_word' id='word_1_421' title='bbox 1669 4170 1874 4224; x_wconf 79' lang='lat' dir='ltr'><strong>amabili</strong></span> <span class='ocrx_word' id='word_1_422' title='bbox 1890 4165 2166 4219; x_wconf 83' lang='lat' dir='ltr'><strong>Antilocho</strong></span> <span class='ocrx_word' id='word_1_423' title='bbox 2185 4163 2293 4212; x_wconf 80' lang='lat' dir='ltr'><strong>filio</strong></span> <span class='ocrx_word' id='word_1_424' title='bbox 2316 4174 2430 4223; x_wconf 86' lang='lat' dir='ltr'><strong>suo,</strong></span> <span class='ocrx_word' id='word_1_425' title='bbox 2450 4172 2558 4209; x_wconf 72' lang='lat' dir='ltr'><strong>nm·</strong></span> 
     </span>
    </p>
   </div>
   <div class='ocr_carea' id='block_1_17' title="bbox 1495 4237 2552 4313">
    <p class='ocr_par' dir='ltr' id='par_1_22' title="bbox 1495 4237 2552 4313">
     <span class='ocr_line' id='line_1_79' title="bbox 1495 4237 2552 4313; baseline -0.02 -8"><span class='ocrx_word' id='word_1_426' title='bbox 1495 4249 1626 4304; x_wconf 64' lang='lat' dir='ltr'><strong>dum&#39;</strong></span> <span class='ocrx_word' id='word_1_427' title='bbox 1641 4259 1814 4302; x_wconf 87' lang='lat' dir='ltr'><strong>tamen</strong></span> <span class='ocrx_word' id='word_1_428' title='bbox 1838 4247 2062 4313; x_wconf 87' lang='lat' dir='ltr'><strong>aliquem</strong></span> <span class='ocrx_word' id='word_1_429' title='bbox 2088 4240 2322 4307; x_wconf 80' lang='lat' dir='ltr'><strong>posuisse</strong></span> <span class='ocrx_word' id='word_1_430' title='bbox 2343 4237 2552 4288; x_wconf 84' lang='lat' dir='ltr'><strong>fletibus</strong></span> 
     </span>
    </p>
   </div>
  </div>
 </body>
</html>
