3059 4909
488 387 578 454 36
1201 401 1298 448 ns
1346 399 1604 449 amors
1653 400 1997 450 noRA'ru.

489 555 684 613 ex'eo
714 544 1109 629 Fragmenta
1137 541 1440 611 Macrob.
1480 560 1580 609 vn.
1608 544 1675 610 1.
1726 548 1797 610 et
1840 544 1918 629 2.
1958 562 2115 629 quae
2162 543 2460 611 divinum
2497 545 2688 628 inge-

487 651 673 715 nium
726 648 1032 733 prodant.
1136 648 1476 714 Laudatur
1534 648 1843 731 inprimis
1896 647 2256 733 ThyesteS,
2302 647 2685 728 Tragoedia,

488 772 692 837 quam
725 750 1002 831 Quintil.
1030 767 1111 816 X.
1140 753 1202 815 1.
1233 751 1509 819 cuilibet
1537 751 1925 817 Graecarum
1954 756 2341 835 comparat,
2322 770 2339 787 ·
2374 758 2444 815 et
2466 750 2687 815 Pane·

487 856 753 940 gyricus
784 856 856 920 in
885 853 1289 937 Augustum.
1344 861 1351 866 ’

573 957 654 1021 L.
675 958 1031 1023 Munatius
1072 957 1387 1035 PlancuS,
1420 955 1504 1020 ad
1548 975 1746 1039 quem
1794 962 1906 1020 est
1955 971 2012 1022 1.
2064 954 2193 1019 Od.
2237 939 2301 1021 ’7.
2348 956 2547 1040 cujus
2600 955 2689 1020 ad

487 1057 902 1137 Ciceronem,
955 1079 1037 1124 ac
1088 1061 1392 1124 vicissim
1440 1059 1644 1142 hujus
1689 1060 1777 1123 ad
1816 1060 2001 1123 illum
2049 1057 2378 1141 Epistolae
2423 1063 2685 1135 extant,

487 1168 714 1227 orator
758 1171 892 1227 no'n
921 1162 1268 1244 ignobilis„
1294 1161 1481 1227 civili
1524 1162 1708 1226 bello
1738 1159 2058 1237 Antonio,
2087 1160 2175 1224 ad
2221 1159 2558 1228 Mutinam
2585 1160 2688 1224 fu—

485 1271 674 1347 gato,
702 1284 857 1330 cum
881 1264 1122 1330 Asinio
1157 1264 1466 1330 Pollione
1496 1284 1569 1329 se
1598 1263 1931 1348 adjunxit.
1997 1261 2181 1328 Pace
2209 1262 2416 1339 faeta,
2446 1283 2508 1327 a.
2532 1264 2686 1328 711.
2772 1341 2781 1356 Ι

486 1367 654 1434 Cos.
684 1369 835 1447 fnit,
880 1365 1164 1449 Collega
1204 1367 1303 1431 M.
1336 1366 1621 1450 Lepido.
1707 1366 1974 1432 Secutis
2012 1364 2216 1430 bellis
2245 1363 2540 1431 Antonio
2566 1366 2690 1430 ada

483 1470 702 1548 limeis,
728 1488 776 1536 a
802 1488 938 1554 quo
968 1469 1054 1535 ad
1086 1468 1557 1535 Octavianum·
1579 1468 1941 1550 transfuga,
1981 1468 2241 1550 magnis
2270 1468 2537 1550 quidem
2569 1468 2690 1533 ho-

481 1572 761 1637 noribus
778 1572 1081 1651 functuS,
1104 1573 1308 1637 etiam
1329 1571 1613 1650 Censor,
1631 1569 1931 1656 et(quod
1947 1591 1985 1636 0
2007 1588 2283 1636 nummo
2295 1568 2503 1635 docet
2518 1570 2688 1635 'sore

427 1705 437 1714 ·
481 1672 685 1759 tent.)
734 1674 905 1740 Urbi
954 1674 1331 1741 Praefectus
1377 1674 1534 1754 fuit,
1579 1674 1700 1740 sed
1743 1692 2085 1757 nmquam
2138 1670 2451 1756 Augusto
2490 1671 2689 1737 fidem

482 1796 676 1844 suam
707 1777 977 1861 probari
1003 1777 1350 1843 intellexit.

568 1879 829 1946 Varum
854 1879 940 1967 (1.
973 1880 1104 1944 od.
1139 1879 1278 1957 18.)
1340 1879 1738 1946 Torrentius
1778 1883 1974 1963 putat
1999 1897 2148 1943 esse
2180 1876 2257 1942 L.
2287 1875 2688 1955 Quintilium

484 1980 763 2062 Varum,
806 1985 879 2049 iu
928 1983 1293 2049 Germania
1336 2002 1614 2061 caesum,
1655 1989 1886 2048 contra
1927 1988 2303 2063 temporum
2337 1979 2689 2044 rationem.

483 2084 644 2152 Vid.
681 2084 763 2150 T.
805 2086 972 2152 Fab.
1005 2086 1231 2168 Epist.
1262 2104 1346 2149 11.
1376 2085 1486 2150 46.
1578 2083 1866 2149 Rectius
1894 2083 2273 2164 intelligunt
2298 2080 2378 2145 L.
2409 2081 2692 2160 Varum

401 2224 409 2232 ·
484 2185 912 2270 Epicureum,
944 2186 1238 2252 Caesaris
1282 2187 1599 2261 amicum,
1645 2186 1727 2251 (10
1773 2204 1909 2269 quo
1953 2183 2241 2263 Quintil.
2291 2199 2370 2246 x.
2414 2184 2479 2314 3.
2535 2181 2688 2250 vid.

487 2290 801 2356 Masson.
832 2311 899 2374 p.
926 2291 1082 2356 222.

569 2390 867 2458 Aristius
930 2393 1198 2458 Fuscus
1250 2392 1335 2480 (1.
1389 2392 1518 2458 od.
1569 2391 1720 2478 22.)
1771 2390 2302 2467 Grammaticus,
2367 2388 2573 2505 poeta
2621 2397 2693 2453 et

485 2500 717 2561 orator
758 2514 897 2560 non
940 2495 1493 2574 contemnendum
1534 2497 1636 2561 vir
1676 2495 1931 2579 probus
1967 2498 2033 2557 et
2065 2493 2378 2578 jocosus,
2423 2490 2690 2556 amicis-

486 2599 701 2666 simus
755 2598 1049 2666 Horatii.
1101 2600 1261 2666 Vid.
1317 2618 1366 2665 1.
1402 2602 1560 2667 Sat.
1598 2600 1665 2666 9.
1717 2598 1827 2664 61.
1914 2596 2043 2662 Est
2095 2614 2361 2679 quoqne
2402 2592 2491 2662 ad
2538 2614 2687 2658 eum

485 2718 537 2766 1.
569 2701 783 2785 Epist.
814 2704 920 2767 10.

570 2803 794 2868 AElius
823 2803 1061 2867 Lamia
1087 2807 1167 2882 (1.
1195 2802 1328 2867 od.
1351 2801 1517 2886 26),
1559 2802 1660 2866 vir
1701 2798 2293 2884 splendidissimus
2324 2817 2407 2862 ac
2439 2796 2691 2862 doctis

485 2904 720 2982 mus,
750 2906 954 2969 rebus
984 2904 1388 2969 Cantabrico
1419 2905 1613 2969 Bello
1645 2903 1853 2985 gestis
1893 2901 2145 2980 clarus,
2192 2906 2259 2965 et
2312 2899 2503 2963 mvii·
2541 2897 2689 2962 Μο-

483 3007 737 3071 notulis
756 3006 915 3071 fuit.
1001 3005 1303 3090 Antiquo
1328 3012 1399 3070 et
1422 3006 1638 3070 nobili
1675 3025 1908 3089 genem
1953 3010 2137 3069 ortus
2168 3009 2329 3069 erat.
2402 3000 2568 3066 vid.
2598 3001 2687 3064 ad

485 3124 597 3172 111.
633 3107 766 3174 od.
796 3110 898 3173 17.

544 3210 801 3275 Iccius
828 3209 915 3294 (1.
944 3209 1075 3274 od.
1107 3206 1270 3291 Q),
1310 3208 1502 3292 cujus
1545 3228 1926 3292 praenomen
1968 3209 2331 3291 ignotawr,
2359 3204 2537 3270 haud
2566 3204 2688 3269 du-

481 3313 593 3375 bie
620 3311 802 3376 filius
834 3311 934 3376 M.
968 3312 1164 3389 Iccii,
1215 3311 1408 3393 cujus
1454 3313 1759 3378 meminit
1802 3311 1944 3376 Cic.
1991 3308 2595 3394 Phil.111.10.qui
2624 3326 2687 3372 a.

484 3409 576 3475 U.
609 3410 687 3474 C.
719 3414 872 3478 710.
913 3413 1219 3478 Siciliam
1248 3422 1422 3479 sorte
1440 3415 1761 3480 obtinuit.
1842 3413 2086 3480 Fuisse
2120 3411 2370 3477 Noster
2400 3408 2688 3474 coeditux

480 3519 722 3595 postea
745 3512 844 3584 M.
874 3511 1199 3599 Agrippae
1249 3517 1318 3579 in
1362 3517 1603 3582 Sicilia
1652 3516 2215 3594 Procurato13et
2257 3517 2366 3626 est
2402 3512 2490 3577 ad
2534 3531 2686 3578 eum

487 3632 538 3678 1.
572 3616 790 3698 Epist.
820 3616 927 3682 12.

572 3716 662 3797 Q.
690 3720 954 3785 Dellius
981 3719 1098 3805 (n.
1123 3720 1250 3786 od.
1268 3716 1370 3804 3.)
1398 3722 1534 3785 vix
1542 3725 1644 3786 est
1673 3719 1894 3802 turpis
1922 3718 2036 3783 ille
2055 3718 2362 3784 exoletus
2379 3714 2685 3792 Antonii,

483 3819 569 3885 (10
599 3840 734 3910 quo
765 3822 902 3886 Dio
933 3823 1214 3905 passim,
1259 3823 1417 3887 item
1448 3821 1697 3886 Vellei.
1728 3836 1813 3884 11.
1843 3819 1950 3884 84.
1995 3819 2113 3883 sed
2153 3819 2355 3896 alius,
2389 3818 2686 3883 Histori

485 3940 629 3999 cus,
649 3941 850 4003 quem
881 3921 969 3987 A.
995 3923 1085 3988 U.
1108 3926 1261 3989 723.
1286 3922 1376 3990 ad
1409 3921 1787 4005 Augustum
1805 3923 1890 3988 ab
1919 3919 2219 3987 Antonio
2244 3919 2685 4003 transfugisse

482 4029 705 4087 narrat
736 4023 917 4088 Plut.
948 4021 1198 4089 Anton.
1227 4033 1303 4109 p.
1318 4025 1483 4090 937.
1541 4025 1869 4090 Scribitur
1913 4023 2095 4089 varie
2140 4043 2408 4100 nomen,
2456 4027 2475 4057 ‘
2497 4021 2685 4085 Deil-

482 4123 656 4201 lius}
705 4129 724 4161 ‘
751 4125 1107 4202 DuelliuS,'
1162 4126 1548 4190 ‘Duillius’
1636 4127 1742 4191 Ex
1792 4132 1811 4160 ‘
1836 4124 2179 4193 Duellius’
2222 4125 2475 4189 factum
2512 4123 2682 4189 adeo

486 4231 505 4259 ‘
532 4226 832 4304 Bauius:
863 4235 939 4292 ut
968 4248 1007 4292 o
1039 4233 1058 4263 ‘
1083 4228 1334 4294 duello’
1365 4237 1382 4265 ‘
1403 4227 1696 4295 bellum?
