3059 4909
976 413 1078 460 An
1130 413 1546 464 canutum}
1599 416 1748 464 mn.
1796 413 1910 464 ιιι.
2143 429 2148 434 ·
2443 400 2573 466 δέω

372 561 499 624 quot
535 557 693 621 pedes
730 556 797 606 ad
834 555 1062 621 sing-ios
1084 555 1364 606 referendi
1395 557 1525 619 sint,
1557 557 1626 607 in:
1650 572 1714 608 eo
1751 558 1959 623 quidem
1987 557 2267 608 laboratur.
2336 558 2577 622 Apparet

370 639 525 702 enim,
549 654 700 703 quam
723 637 878 688 facile
901 639 953 686 in
976 638 1070 686 hac
1097 638 1346 688 Carminis
1369 636 1554 701 forma,
1570 639 1621 686 in
1646 654 1746 702 qua
1768 639 1909 687 nulla
1935 652 2140 701 prorsns
2163 638 2351 702 pedum
2381 639 2574 688 vicissi-

365 721 499 769 tudo
521 726 844 782 cerneretur,
865 719 1059 770 factum
1095 720 1181 782 sit,
1220 728 1278 768 ut
1310 720 1636 770 librariorum
1670 720 1876 768 inscitia
1898 719 2165 781 vocabula,
2187 726 2242 768 et
2263 719 2346 769 vel
2368 728 2574 769 senten-

370 801 488 857 tias,
509 806 848 864 permutaret.
873 814 1051 849 versus
1076 801 1242 849 alieno
1265 800 1379 850 loeo
1404 799 1680 861 incideret,
1702 800 1753 848 iu
1784 800 1948 864 iisque
1974 799 2280 848 definiendis
2304 799 2573 849 arbitrium

362 881 589 945 ‚subinde
613 896 781 944 snum,
800 881 881 930 vel
912 881 1043 930 adeo
1084 880 1393 930 membranae
1435 880 1742 945 paginaeque
1783 880 2028 943 spatium,
2066 888 2394 944 sequeretur.
2456 881 2574 932 Quo

370 961 529 1012 etiam
551 960 740 1011 deinde
763 959 959 1029 factum
996 967 1094 1022 est,
1119 968 1175 1011 ut
1201 975 1316 1009 cum
1340 965 1565 1022 veteres,
1598 960 1682 1024 qui
1714 959 1778 1009 de
1817 961 1993 1011 metris
2016 961 2284 1023 scripsere,
2308 961 2575 1011 Gramma-

370 1041 486 1103 tici‚
512 1049 618 1091 tum
656 1041 975 1092 recentiores
997 1041 1187 1104 critici,
1211 1048 1317 1089 tam
1340 1039 1571 1089 diversas
1607 1040 1673 1090 de
1697 1040 1794 1089 hoc
1821 1040 2059 1090 Carmine
2083 1040 2445 1091 constituendo
2469 1039 2594 1090 ser--

370 1130 491 1172 rent
526 1124 829 1175 sententias.
880 1126 883 1129 ’

434 1201 515 1253 Ac
538 1205 759 1267 primum
784 1203 990 1268 quidem
1016 1203 1067 1252 in
1091 1201 1242 1252 codd.
1267 1202 1423 1266 Cruq.
1449 1201 1713 1264 antiquiss.
1739 1200 1980 1251 Biandin.
2001 1201 2164 1252 Mald.
2188 1207 2243 1251 et
2264 1202 2424 1251 Mart.
2449 1202 2573 1251 item

367 1283 422 1332 in
447 1284 615 1335 Benti.
638 1284 817 1335 Graev.
843 1286 1028 1348 Regin.
1049 1291 1104 1334 et
1127 1284 1326 1334 Battel.
1350 1292 1406 1333 et
1429 1290 1604 1333 nostro
1632 1266 1785 1333 D'ess.
1808 1287 1859 1333 2.
1883 1283 1956 1333 ita
1978 1283 2305 1350 digestisunt
2329 1296 2505 1332 versus
2527 1298 2541 1330 t

824 1425 1134 1474 Miserarum
1160 1431 1258 1487 est,
1277 1438 1448 1488 neque
1472 1423 1635 1473 amori
1657 1422 1785 1472 'dare
1807 1422 2004 1488 ludum,

821 1506 1010 1570 Neque
1034 1505 1174 1555 dulci
1198 1506 1332 1555 maia
1353 1506 1473 1555 vino
1497 1507 1692 1562 lavere,
1717 1512 1807 1555 ant

826 1586 1123 1635 Exanimari
1147 1593 1438 1636 metuentes
1462 1593 1664 1650 patruae

820 1667 1053 1716 Verbera
1078 1668 1285 1731 lingnae.

821 1746 938 1794 Tibi
966 1746 1169 1811 qualum
1194 1746 1466 1810 Cythereae
1495 1761 1625 1810 puer
1648 1746 1774 1810 aies,

821 1826 938 1875 Tibi
965 1828 1114 1889 telaS,
1138 1841 1472 1891 operosaeqne
1498 1826 1749 1876 Minervae

823 1908 1065 1965 Studium
1086 1906 1275 1968 aufert,
1297 1908 1558 1972 Neobule,
1579 1909 1786 1973 Liparei

831 1990 987 2040 Nitor
1004 1989 1183 2039 -Hebri
1200 2006 1218 2037 :

802 2072 989 2122 ·Simul
1015 2079 1199 2121 unctos
1221 2071 1478 2125 Tiberinis
1501 2072 1739 2122 humeros

825 2153 975 2202 Lavit
998 2153 1048 2201 in
1074 2151 1246 2215 undiS,
1270 2167 1430 2216 eques
1452 2153 1564 2217 ipso
1587 2153 1769 2203 melior

825 2233 1253 2297 Bellerophonte,
1277 2247 1446 2298 neque
1468 2247 1662 2298 pugno,
1688 2247 1855 2298 neque

824 2316 981 2379 Segni
1006 2315 1141 2379 pede
1164 2316 1360 2365 vietus:

826 2397 986 2446 Catus
1008 2395 1167 2460 idem,
1189 2411 1282 2460 per
1305 2402 1544 2461 apertum
1568 2394 1833 2460 fugientes

825 2471 1042 2540 Agi‘tato
1064 2492 1219 2541 grege
1243 2492 1424 2527 cervos
1441 2477 1696 2541 jaculari,
1711 2483 1767 2526 et

829 2557 984 2607 Celer
1008 2558 1114 2608 alto
1138 2559 1430 2609 latitantem
1452 2557 1703 2608 fruticeto

832 2638 1090 2705 Excipere
1115 2654 1314 2703 aprum.

336 2836 341 2841 -
377 2799 529 2851 Unde
553 2800 616 2864 is,
637 2800 727 2866 qni
746 2816 776 2850 a
796 2801 1025 2867 Crnquio
1048 2801 1220 2853 editus
1245 2809 1347 2865 est,
1367 2803 1594 2866 scriptor
1618 2802 1857 2869 antiquus
1881 2803 1948 2852 de
1974 2801 2160 2852 Mettis
2183 2798 2406 2862 Horatii,
2428 2798 2583 2848 Oden

376 2881 623 2931 Tricolon
661 2882 1068 2947 Tetrastrophou
1103 2897 1218 2933 esse
1254 2884 1347 2946 ait,
1377 2898 1405 2931 e
1440 2883 1645 2934 duobus
1679 2884 1912 2933 versibus
1947 2883 2221 2947 sapphicis
2245 2879 2586 2939 A'catalectis‚

379 2977 480 3012 uno
503 2962 867 3012 Anacreonteo
892 2963 1134 3014 Dimetro
1157 2962 1472 3030 (Trimetro)
1494 2964 1839 3027 catalectico,
1872 2970 1928 3014 et
1951 2963 2173 3013 Adouio.
2240 2963 2407 3014 Quem
2442 2974 2588 3009 secu·

379 3049 461 3092 tus
492 3044 547 3096 J.
572 3045 827 3110 Cruqnius
863 3045 937 3095 sic
973 3044 1127 3096 Oden
1162 3048 1437 3099 coustituit
1467 3046 1819 3113 (approbante
1852 3046 1926 3096 H.
1960 3040 2242 3110 Stephano,
2277 3038 2497 3094 Praefat.
2519 3038 2585 3088 ad

382 3125 724 3191 Lectorem):
2295 3123 2303 3133 '

829 3258 1143 3310 Miserarum
1168 3265 1267 3322 est,
1291 3271 1457 3323 neque
1484 3257 1646 3307 amori
1668 3255 1794 3305 dare
1819 3254 2016 3317 ludum,

826 3341 1022 3405 ‘Neque
1045 3339 1187 3388 dulci
1213 3339 1348 3387 mala
1371 3339 1489 3386 vino
1514 3339 1711 3398 lavere,
1735 3342 1825 3385 aut
1846 3348 1935 3383 ex-

834 3422 1049 3470 animari
1073 3425 1365 3470 metuentes
1389 3425 1590 3483 patrnae

834 3502 1070 3551 Verbera
1093 3501 1297 3564 lingnae.

832 3646 950 3698 Tibi
974 3648 1178 3713 qualum
1203 3647 1476 3710 Cythereae
1502 3661 1634 3711 puer
1658 3646 1783 3709 ales,

830 3729 953 3778 Tibi
977 3729 1129 3792 telas,
1149 3742 1486 3793 operosaeque
1506 3728 1763 3780 Minervae

836 3808 1074 3858 Studium
1098 3807 1571 3872 aufert„Neobule,
1593 3807 1810 3872 Lipare-

837 3890 856 3940 i
882 3889 1024 3939 nitor
1037 3889 1244 3941 Hebri-z

828 4044 1000 4094 Simul
1026 4050 1205 4095 unetos
1227 4045 1478 4096 Tiberinis
1500 4045 1741 4094 humores
1761 4043 1837 4091 la-

837 4125 914 4174 vit‘
937 4125 989 4173 in
1010 4125 1179 4189 undis,
1203 4141 1363 4191 eques
1385 4127 1496 4190 ipso
1520 4125 1699 4174 melior
1723 4123 1844 4171 Bel-

838 4205 1166 4269 lerophonte,
1191 4221 1364 4271 neque
1387 4221 1583 4272 pugno,
1604 4216 1775 4269 neque
1798 4216 1877 4252 se-

841 4285 926 4348 gni
953 4286 1087 4352 pede
1112 4288 1311 4340 victus:
