3059 4909
982 360 1391 434 camimum
1442 362 1585 408 mn.
1631 360 1677 409 1.
1719 344 1829 410 31.

558 504 720 570 Frui
749 505 1000 588 paratis
1029 513 1103 570 et
1126 505 1353 571 valido
1382 506 1564 584 mihi,

559 606 801 687 Latoe,
824 608 1064 687 dones,
1095 613 1183 687 et,
1212 628 1463 693 precor,
1490 609 1745 690 integra

302 790 476 836 emes.
535 787 582 835 0
598 786 906 853 Lotonoefili,
929 790 991 838 da
1007 788 1124 838 miles·
1143 788 1314 854 valae,
1333 791 1382 837 et
1396 786 1549 850 potiri
1562 787 1807 852 acquisitis
1819 804 1841 846 ;
1862 802 1946 837 nec
1960 802 2052 837 non
2072 802 2175 837 cum
2194 802 2312 838 sano
2332 790 2486 839 mente

1215 914 1331 934 0000
1339 914 1576 935 Oeeuoee

299 999 429 1045 —lo
460 995 613 1046 Harl.
633 1001 683 1047 2.
713 1005 768 1047 et
789 999 1004 1048 Venett.
1036 999 1404 1050 cichorea-1⁷
1440 999 1537 1047 Vir·
1558 997 1762 1063 quidam
1786 998 1972 1049 doctus
2009 1013 2092 1061 ap.
2110 998 2292 1050 Jones.
2331 1003 2380 1047 et
2400 1012 2482 1047 aa·

301 1061 393 1110 lide
407 1076 430 1118 ,·
483 1061 634 1112 Febr.
665 1077 694 1111 o
714 1062 902 1121 validm
935 1063 1037 1112 duo
1058 1063 1212 1114 codd.
1236 1063 1560 1126 Bersusanni,
1590 1068 1644 1113 ut
1664 1064 1969 1114 validm—18
2000 1063 2145 1113 Letoi?
2182 1078 2247 1113 ex
2288 1069 2478 1114 vetust.

1291 1183 1501 1260 Nom:

300 1305 494 1368 culum,
526 1305 645 1355 Diis
686 1307 750 1356 ad
786 1308 894 1372 ejus
928 1307 1138 1358 crimina
1175 1307 1352 1358 conni-

302 1381 562 1444 ventibus,
585 1392 730 1433 certe
753 1399 1072 1449 nequaquam
1095 1385 1355 1434 vindican-

300 1458 464 1508 tibus.
532 1458 747 1508 Interim
783 1461 904 1510 vero
942 1462 1026 1511 ille
1062 1476 1256 1511 merces
1290 1462 1353 1510 ab

302 1533 526 1584 Oriente
554 1534 798 1604 advectas
830 1535 880 1584 in
904 1536 1192 1587 Occidente
1215 1552 1354 1587 com·

303 1618 490 1665 mutat.
514 1611 679 1675 Syriis
709 1616 984 1677 unguentis
1008 1615 1126 1670 vina
1147 1629 1354 1678 compa·

305 1694 385 1735 rat
405 1700 678 1750 generosa,
714 1688 861 1738 laetus
884 1690 901 1717 ‘
917 1690 1065 1754 bibit,
1086 1706 1147 1740 ac
1169 1690 1358 1740 fruitur

309 1762 401 1811 Dis
435 1761 621 1825 iratis,’
652 1776 754 1814 non
793 1778 938 1815 secus
972 1780 1031 1815 ac
1067 1767 1265 1816 Marius
1288 1769 1358 1816 'a-

309 1837 416 1900 pud
449 1838 692 1889 Juvenal.
728 1840 840 1890 Sat.
865 1855 904 1891 1.
922 1845 1007 1890 49.
1070 1840 1204 1891 Atat
1239 1856 1357 1891 cum

306 1912 408 1962 iste
445 1913 568 1962 mihi
605 1914 748 1963 locus
785 1915 1042 1979 objicitur,
1074 1916 1358 1979 ‘Cynthius

309 2004 484 2038 aurem
498 1990 678 2051 Vellit,
696 1997 753 2040 et
768 1990 1036 2041 admonuit
1049 1991 1064 2014 '
1082 2006 1259 2056 parum
1278 2008 1359 2042 so·

310 2065 467 2116 lerter
485 2081 546 2115 ac
569 2067 772 2116 naviter
795 2068 937 2116 illum
961 2083 992 2116 a
1014 2081 1096 2117 me
1119 2067 1252 2117 haud
1286 2069 1361 2119 ita

304 2140 511 2203 pridem
535 2140 888 2205 explanatum,
911 2142 1064 2191 immo
1088 2143 1186 2192 vim
1209 2150 1265 2192 et
1285 2143 1360 2193 lu-

312 2231 423 2266 cem
446 2216 748 2266 diminutam
780 2218 981 2267 eximiae
1005 2219 1193 2284 alioqui
1226 2220 1359 2269 Sati-

310 2293 402 2346 rici
422 2295 717 2345 sententiae.
749 2296 976 2346 Fatebor
996 2311 1092 2359 ego
1113 2296 1250 2361 quod
1276 2311 1358 2346 res

312 2377 394 2420 est
435 2371 643 2438 candidi
687 2386 892 2435 semper
934 2373 1161 2436 ingenii:
1216 2387 1358 2422 mens

312 2455 423 2497 tum
442 2448 573 2498 laeva
595 2447 912 2498 dormitavit.
956 2448 1230 2497 Enimvero
1254 2448 1360 2498 illic

310 2522 577 2574 Juvenalis
611 2536 712 2572 non
745 2523 896 2573 modo
927 2523 1218 2588 significare
1253 2524 1362 2573 vult

312 2598 538 2649 Marium
573 2599 778 2663 impune
814 2597 954 2648 ferre
993 2614 1087 2649 sna
1118 2598 1271 2662 furta,
1310 2605 1365 2648 et

314 2675 476 2738 raptis
498 2672 621 2736 frui,
642 2685 701 2723 ut
720 2673 913 2725 ibidem
936 2683 1251 2737 annotatam,
1272 2675 1362 2724 sed

313 2759 364 2802 et
385 2752 453 2801 de
475 2751 630 2801 exilio
653 2766 746 2801 suo
767 2752 951 2816 laetari,
973 2752 1024 2801 in
1048 2767 1149 2817 quo
1173 2767 1204 2800 a
1226 2751 1364 2802 curis

312 2828 464 2893 Reip.
486 2828 761 2892 expeditus
783 2831 935 2892 genio
956 2829 1164 2879 liberius
1197 2828 1366 2878 indul-

304 2913 421 2970 get,
460 2904 558 2956 ‘ab
580 2912 766 2955 octava
795 2906 953 2957 hora'
993 2906 1218 2956 suaviter
1255 2908 1271 2933 ‘
1292 2906 1366 2956 bi-

314 2981 431 3043 bit,’
465 2982 632 3032 otiose
665 2982 923 3046 epulatur,
950 2990 1103 3046 atque
1136 2980 1267 3031 adeo
1303 2995 1368 3030 ex

315 3056 525 3106 infensis
556 3057 675 3106 Diis
698 3058 840 3121 capit
861 3058 1284 3119 emolumentum,
1301 3069 1368 3105 ex

313 3134 393 3184 ira
427 3133 691 3183 numinum
724 3134 822 3183 sibi
856 3134 1001 3198 quasi
1039 3132 1252 3181 delicias
1292 3129 1370 3181 fa·

316 3210 412 3261 cit.
479 3208 618 3259 Vide
639 3209 807 3274 Epist.
834 3209 901 3259 ad
927 3209 1172 3274 Pisqufi.
1194 3206 1369 3272 ibique

322 3288 452 3337 Not.

382 3360 471 3410 Me
484 3365 685 3423 pascunt
703 3360 855 3423 olivoe,
875 3359 984 3424 &tt-1
1018 3361 1129 3425 Ego
1142 3375 1266 3411 vero
1289 3376 1371 3410 me

317 3435 605 3486 feliciorem
627 3436 725 3485 illis
753 3435 1041 3485 hominibus
1064 3437 1373 3495 existimem,

320 3513 527 3563 modico
559 3521 615 3562 et
649 3512 868 3575 parabili
896 3513 1015 3563 cibo
1037 3513 1376 3579 victitantem,

321 3589 364 3638 si
404 3586 560 3640 modo
595 3589 884 3652 largiantur
919 3591 1005 3639 Dii
1032 3589 1215 3640 bonam
1237 3592 1375 3641 vale·

325 3665 591 3727 tudinem3
622 3662 843 3716 fortunae
869 3666 1037 3715 tenuis
1068 3680 1214 3715 usum
1239 3674 1377 3715 tran·

326 3744 561 3810 quillum,
580 3757 641 3792 ac
665 3742 886 3806 poesefis
907 3744 1306 3794 oblectamenta.

395 3816 574 3880 Oliva]
603 3819 680 3868 Ex
706 3818 842 3868 Plin.
860 3832 956 3871 XV.
973 3824 1023 3869 3.
1042 3818 1212 3869 olivae
1226 3819 1276 3867 in
1293 3818 1379 3869 Ε-

330 3901 493 3959 gypto
532 3895 921 3956 carnosissimae,
947 3895 1047 3944 olei
1083 3901 1259 3944 tamen
1293 3894 1381 3942 ha-

330 3972 456 4024 bent
489 3971 764 4034 exiguum:
799 3972 851 4022 in
888 3972 1038 4037 Syria
1077 3987 1250 4036 parvae
1283 3984 1381 4021 nec

333 4047 545 4111 cappari
583 4048 824 4112 majores,
843 4062 998 4098 carne
1022 4048 1381 4097 commendan-

332 4130 435 4173 tur.
468 4125 485 4151 ‘
505 4123 672 4175 Quam
695 4124 763 4174 ob
776 4139 980 4175 cansam
999 4124 1197 4175 Italicis
1221 4131 1384 4174 trans·

334 4200 546 4251 marinae
590 4199 939 4265 praet'ernntur
980 4201 1033 4251 in
1075 4200 1224 4259 cibis,
1267 4216 1382 4253 cum

1433 1308 1548 1356 oleo
1575 1306 1878 1357 vincanturz
1914 1314 1968 1355 et
2005 1305 2057 1355 in
2090 1305 2204 1369 ipsa
2226 1304 2381 1354 Italia
2401 1319 2487 1355 ce-

1435 1382 1559 1431 teris
1584 1383 1792 1432 Picenae
1825 1389 1880 1432 et
1910 1381 2167 1430 Sidicinoe.
2230 1380 2348 1430 Sale
2384 1381 2485 1430 iuoe

1435 1460 1653 1523 primum
1695 1457 2023 1513 condiuntur,
2064 1463 2120 1507 et
2157 1462 2216 1505 ut
2257 1455 2487 1520 reliquae,

1433 1549 1662 1597 amurca,
1707 1532 1925 1599 (muria)
1967 1546 2197 1596 sapave:
2244 1545 2339 1581 nec
2384 1544 2487 1580 non

1437 1611 1623 1676 aliquae
1646 1610 1760 1658 oleo
1783 1623 1875 1658 suo
1890 1643 1903 1658 .
1918 1608 2351 1673 ..herbarumque
2373 1605 2492 1658 viri-

1439 1688 1578 1738 dium
1620 1702 1806 1752 sapore
1836 1683 2192 1747 condiuntur3'
2227 1684 2489 1748 praecipue

1438 1763 1686 1819 foeniculi,
1731 1764 1783 1813 in
1821 1761 2149 1813 Narbonensi
2184 1761 2375 1824 Gallia,
2414 1760 2489 1810 in·

1440 1841 1551 1906 quit
1574 1841 1875 1903 Dalecamp.

1504 1922 1567 1968 to
1617 1918 1865 1981 cichorea]
1920 1917 2145 1980 Κιχόρια,
2191 1914 2394 1979 nixibus,
2434 1921 2490 1965 ct

1436 1995 1664 2060 κιχόρεια,
1687 1997 1897 2058 pluralis
1918 2009 2104 2059 nempe
2132 1993 2350 2050 numeri,
2374 2007 2490 2058 qne

1437 2081 1670 2135 agrestes
1693 2072 1884 2132 herbae,
1906 2072 2039 2122 sicut
2070 2078 2126 2121 et
2158 2071 2328 2127 malva,
2357 2070 2494 2119 inter

1438 2150 1582 2200 cibos
1623 2158 1679 2200 et
1716 2150 1888 2202 edulia
1925 2157 2178 2211 veterum,
2215 2147 2411 2212 pariter
2436 2152 2494 2196 et

1437 2227 1594 2291 olivae,
1620 2234 1951 2277 recensentur
1982 2241 2013 2275 a
2045 2226 2153 2277 Jul.
2174 2225 2392 2274 Polluce
2412 2234 2491 2272 vt.

1437 2306 1488 2351 9.
1554 2301 1691 2351 Vide
1711 2301 2000 2352 casaubon.
2022 2301 2078 2350 in
2102 2301 2294 2350 Athen.
2311 2313 2395 2349 ιιι.
2412 2302 2493 2349 32.

1439 2376 1528 2426 ubi
1545 2375 1774 2426 Alexidis
1801 2391 2002 2427 versum
2021 2377 2097 2426 ita
2117 2376 2361 2440 corrigit:
2392 2378 2497 2425 Τῶν

1439 2454 1561 2514 γοῦν
1590 2451 1833 2516 κιχορείων
1870 2452 1956 2502 οὒκ
1998 2449 2171 2516 ἔπραξά
2205 2451 2253 2501 0²
2285 2448 2391 2500 οὐδὲ
2423 2449 2492 2499 ἕν.

1442 2530 1609 2579 Porro
1632 2543 1735 2594 qua
1756 2530 1951 2578 ratione
1974 2529 2126 2591 coqui
2156 2524 2368 2577 'veteres
2388 2528 2497 2576 ole-

1442 2619 1502 2653 ra
1522 2606 1625 2653 ista
1647 2609 1894 2667 pararent
1914 2612 1970 2652 et
1990 2603 2282 2665 condirent,
2306 2601 2498 2651 edisse·

1445 2680 1511 2729 rit
1549 2680 1774 2732 Galenus
1816 2692 1883 2727 ex
1935 2677 2251 2740 Erasistrato
2293 2675 2384 2725 lib.
2428 2675 2496 2724 de

1445 2757 1686 2806 Sectione
1709 2756 1869 2805 Venae
1891 2754 1956 2803 ad
1982 2755 2366 2803 Erasistrateos.
2415 2750 2497 2802 Id.

1446 2830 1663 2883 Casaub.
1704 2830 1840 2881 lbid.
1906 2830 2106 2880 Latinis
2140 2836 2353 2880 vocatur
2392 2841 2499 2878 am·

1446 2907 1656 2968 bubeia,
1688 2906 1914 2970 intybns,
1947 2913 2002 2955 et
2039 2904 2290 2969 intybum.
2357 2902 2498 2954 Non.

1450 2984 1668 3034 Marcel.
1687 2998 1750 3034 ex
1769 2982 1929 3034 Lucil.
1948 2983 2061 3034 Sat.
2080 2983 2169 3033 lib.
2185 2995 2241 3032 ν.
2274 2980 2292 3009 ‘
2315 2981 2501 3043 Vir-gil.

1451 3061 1646 3124 Geotg.
1671 3072 1745 3110 ιν.
1765 3063 1877 3110 120.
1912 3060 1928 3088 ‘
1948 3059 2165 3121 Quoque
2188 3057 2340 3107 modo
2364 3056 2499 3119 potis

1449 3137 1737 3201 gauderent
1753 3136 1933 3198 intyba
1962 3133 2116 3185 rivis.'
2182 3131 2500 3196 Pomponius

1448 3215 1500 3265 in
1521 3214 1806 3265 Placenta:
1838 3214 1854 3240 ‘
1874 3213 2077 3263 Rustici
2099 3207 2258 3262 edunt
2279 3210 2503 3261 libenter

1450 3299 1593 3342 atros
1611 3287 1853 3353 intybos.’
2393 3329 2398 3334 .

1514 3367 1753 3430 Levesque
1777 3365 1966 3429 mco]
2002 3366 2131 3417 Quas
2163 3369 2396 3414 ventrem
2427 3361 2503 3411 le·

1453 3451 1578 3494 vant
1597 3457 1807 3506 gravem
1832 3449 1989 3506 atque
2013 3441 2296 3490 emolliunt.
2345 3438 2504 3502 Apud

1454 3518 1647 3570 Athen.
1669 3532 1731 3570 ιι.
1756 3522 1836 3568 18.
1901 3518 2144 3582 Diphilus
2175 3516 2357 3575 tradit,
2378 3514 2505 3563 mal-

1456 3610 1571 3645 vam
1594 3608 1708 3646 esse
1733 3592 1855 3643 boni
1871 3593 2042 3653 sncci;
2063 3591 2305 3640 arteriam
2328 3589 2506 3651 lenire,

1455 3685 1603 3720 acres
1642 3670 1695 3719 in
1738 3668 1969 3731 corporis
2013 3665 2284 3730 superficie
2327 3677 2507 3712 succos

1459 3747 1696 3801 educere,
1719 3757 1896 3793 renum
1918 3748 1973 3791 et
1996 3742 2179 3791 vesicae
2202 3738 2506 3789 irritationi-

1458 3820 1555 3870 bus
1579 3818 1844 3883 prodesse,
1874 3816 2082 3865 excerni
2111 3815 2283 3877 facile,
2314 3813 2510 3863 rnedio-

1458 3895 1621 3945 criter
1640 3894 1796 3955 alere,
1830 3891 2166 3956 hortensique
2200 3891 2509 3956 sylvestrem

1461 3986 1575 4021 esse
1610 3970 1893 4021 meliorem.
1959 3967 2161 4018 Ibidem
2191 3967 2508 4030 Hermippus

1461 4046 1760 4099 Callimach.
1784 4046 1799 4074 ‘
1821 4045 2037 4095 malvam
2055 4043 2396 4095 utilissimam'
2418 4059 2512 4108 ap-

1460 4125 1640 4188 pellat.
1711 4123 1829 4175 Quo
1862 4115 2035 4173 autem
2065 4122 2216 4172 modo
2249 4122 2305 4171 in
2338 4120 2511 4176 cibum

1463 4209 1691 4267 paretur,
1746 4201 1898 4252 docet
1948 4197 2245 4263 Dioscorid.
2300 4210 2362 4249 ιι.
2398 4200 2509 4247 144.
