3059 4909
954 412 1370 461 oARmNUM
1421 412 1572 461 ma.
1619 415 1730 462 111.
1777 400 1884 464 17.
2401 400 2533 485 473

680 551 976 621 Auctore
1007 556 1092 618 ab
1118 556 1237 619 illo
1269 555 1453 635 ducit
1480 557 1826 640 originem,
2301 586 2306 593 ·
2489 562 2533 625 5

683 654 822 732 Qui
859 656 1264 734 Formiarum
1295 660 1542 723 moenia
1573 658 1813 724 dicitur

764 758 1116 840 PrincepS,
1146 766 1216 822 et
1248 759 1582 825 innantem
1615 760 1899 826 Maricae

851 859 1222 923 Littoribus
1254 863 1555 926 tenuisse
1584 861 1819 938 Lirim,

678 959 847 1025 Late
879 962 1257 1049 tyrannus,)
1285 983 1436 1028 cras
1468 962 1656 1028 foliis
1686 983 1922 1029 nemus

317 1163 660 1243 jacientibus,)
676 1184 829 1230 genus
856 1171 1004 1230 refers
1038 1156 1101 1220 αδ
1123 1186 1228 1221 eum
1248 1173 1553 1233 conditorem,
1583 1172 1665 1234 qui
1696 1172 1878 1232 primus
1913 1172 2118 1221 traditur
2141 1171 2382 1221 incoluisse
2406 1169 2527 1221 For-

236 1264 251 1275 ..
328 1243 530 1279 ηαανιιηι
551 1238 819 1293 οιυιιαιεηις
850 1241 897 1284 et
913 1236 1043 1286 circa
1064 1236 1210 1287 Lirin
1230 1237 1434 1285 Maricae
1457 1236 1589 1299 ripas
1609 1238 1857 1289 alluentem
1879 1238 2017 1298 longe
2036 1252 2259 1300 regnasse
2270 1252 2291 1296 ,·
2321 1236 2529 1286 crastina

1243 1396 1274 1415 O
1278 1395 1329 1416 OC
1335 1396 1361 1415 O
1365 1395 1605 1418 ‘OOOONO

331 1519 443 1554 rum
467 1503 531 1553 ad
554 1506 615 1555 ab
633 1506 781 1556 Lamo
805 1523 876 1558 vs.
898 1513 944 1559 1.
1007 1510 1113 1561 Sed
1140 1526 1316 1575 parum
1339 1512 1577 1577 impensa
1598 1525 1757 1576 opera
1776 1511 1827 1560 in
1849 1511 1966 1561 loco
1986 1509 2383 1572 constituend03
2408 1524 2524 1559 nam

330 1571 524 1619 nullum
549 1572 671 1620 mihi
693 1572 904 1623 dubium
929 1575 1050 1638 quin
1075 1589 1149 1625 vs.
1170 1581 1283 1628 2-5,
1317 1578 1641 1640 supposititii
1666 1578 1787 1637 sint,
1805 1584 1859 1626 et
1886 1576 1952 1626 ab
1976 1577 2150 1639 inepto
2173 1576 2530 1627 Grammatico

329 1636 488 1685 assuti
509 1651 523 1683 ε
558 1635 623 1683 de
646 1652 745 1700 qua
769 1651 823 1686 re
847 1639 946 1688 vid.
969 1641 1188 1691 Excute.
1213 1655 1273 1701 ιι.
1339 1642 1456 1692 Jam
1482 1657 1571 1691 eos
1591 1641 1783 1692 Sanad.
1806 1647 1861 1690 et
1882 1640 2064 1692 Jones.
2101 1640 2383 1702 ejiciendos
2407 1654 2526 1690 cen·

329 1698 580 1776 suerunt!
612 1702 748 1751 dani.
814 1703 1026 1765 Bipout.
1048 1706 1262 1756 Mitscli.
1287 1714 1344 1755 et
1364 1707 1586 1756 Wetzel.
1621 1708 1710 1755 hos
1751 1704 2118 1755 versns‘etiam
2139 1704 2375 1768 defigunt
2397 1712 2532 1753 aste·

329 1778 496 1813 ruscis.
550 1765 698 1815 Harl.
733 1771 781 1816 1.
817 1773 864 1817 2.
899 1772 1018 1819 3.4.
1043 1776 1091 1820 5.
1128 1774 1177 1819 6.
1214 1770 1463 1821 dacia-7
1501 1770 1680 1820 Maria
1716 1768 1920 1821 emend.
1954 1770 2117 1819 bonus
2154 1770 2437 1819 Monachus
2475 1768 2528 1817 in

328 1830 472 1892 Lips.
495 1833 642 1879 4.--8
674 1830 815 1880 Lirin
838 1835 997 1898 Cruq.
1017 1835 1254 1885 Torrent.
1290 1835 1533 1895 Rutgers.
1567 1835 1768 1884 Talbot.
1794 1834 1943 1896 Fine,
1968 1834 2090 1894 alii3
2140 1833 2294 1897 Lyrin
2313 1833 2527 1881 Venett.

330 1908 415 1955 ap.
438 1893 658 1943 Gesner.
684 1896 879 1946 Muret.
904 1905 958 1946 et
976 1898 1159 1961 Stepb.
1195 1899 1367 1949 Leiria
1386 1900 1443 1948 Τ.
1463 1900 1590 1948 Fab.
1625 1899 1796 1963 Lyrim
1817 1899 1937 1948 Vet.
1961 1897 2144 1948 Comb.
2178 1905 2233 1946 et
2266 1898 2379 1946 aliae
2402 1909 2527 1944 non·

331 1958 485 2033 nullae
512 1973 595 2033 ap.
616 1959 762 2009 Jani.
828 1962 931 2010 Sed
955 1969 1167 2025 praestat
1202 1964 1252 2011 in
1274 1961 1483 2012 flumine
1508 1963 1696 2012 Italico
1721 1963 2015 2012 terminatio
2037 1962 2237 2018 Latina,
2258 1961 2428 2023 Lirim,
2451 1960 2529 2009 uti

331 2022 349 2048 ‘
363 2022 586 2071 Tiberim
607 2022 639 2082 ;’
672 2033 727 2072 et
760 2024 833 2075 sic
859 2041 1035 2076 omnes
1059 2027 1214 2077 codd.
1239 2034 1295 2077 et
1314 2028 1435 2077 edd.
1459 2036 1591 2077 vett.
1627 2028 1751 2076 item
1780 2027 1959 2077 Heius.
1982 2027 2158 2076 Bentl.
2194 2025 2416 2088 Cuning.
2439 2024 2527 2072 Sa-

331 2086 651 2138 nad.J0nes.
680 2088 822 2147 Jani,
860 2091 1074 2141 Mitsch.
1113 2092 1324 2156 Bipont.
1360 2093 1581 2143 Wetzel.
1616 2091 1821 2141 Wakef.
1857 2091 2034 2141 Comb.
2067 2099 2124 2141 et
2164 2089 2319 2140 Kidd.
2371 2086 2526 2152 Apud

1325 2254 1538 2306 NOTAE

392 2369 427 2413 6
460 2366 560 2421 Qui
608 2366 919 2431 Formiarum,
957 2366 1064 2431 εμπ]
1119 2368 1260 2418 Urbs
1299 2369 1389 2418 illa
1466 2366 1673 2418 Marica
1699 2352 1844 2428 sylva
1879 2365 1930 2413 in
1956 2364 2105 2413 Latio
2128 2374 2278 2423 novo,
2301 2368 2357 2411 et
2377 2361 2529 2412 Cam·

264 3600 269 3606 ·
332 3598 500 3640 terum
548 3590 764 3639 mortuis

330 2442 535 2505 pridem
558 2442 609 2489 in
636 2442 847 2492 littorali
878 2458 971 2493 ora
995 2444 1288 2508 Campaniae
1312 2444 1388 2492 in-

332 2526 415 2567 ter
439 2519 674 2581 cajetam
707 2529 762 2569 et
800 2521 1109 2580 Minturnas,
1130 2521 1217 2569 ubi
1250 2534 1387 2569 nunc

330 2593 477 2643 Moia
499 2608 660 2657 pagus
683 2595 921 2657 elegans:
958 2610 988 2645 a
1002 2596 1277 2646 Saracenis
1300 2610 1390 2645 ex·

328 2669 436 2719 cisa
456 2678 537 2719 est
568 2684 701 2719 anno
725 2671 927 2720 Domini
949 2675 1065 2721 966.
1163 2716 1175 2725 .

394 2747 424 2791 7
461 2744 715 2794 Innantem
736 2746 942 2795 Marica
964 2746 1231 2796 Lictoribtaes
1253 2751 1388 2797 im·

330 2820 425 2870 isse
447 2820 626 2884 Lirim]
660 2822 792 2870 Liris
815 2821 1020 2885 fluvius,
1042 2825 1197 2888 quiet
1222 2825 1390 2874 Liter-

332 2911 426 2946 nus
453 2897 711 2962 Appiano,
736 2899 938 2947 Latium
965 2907 1177 2963 separat
1200 2916 1230 2950 a
1246 2900 1389 2950 Sam·

331 2975 415 3022 nio
438 2983 492 3024 et
515 2976 818 3038 Campania,
835 2975 888 3023 in
913 2990 1051 3025 mare
1066 2976 1386 3039 Tyrrhenum

331 3052 539 3108 labitur,
578 3054 874 3102 Minturnas
909 3051 1139 3116 perfluit,
1163 3055 1250 3103 ubi
1275 3055 1389 3103 Ma·

330 3130 440 3178 rica
464 3129 706 3192 Nympha
730 3145 857 3179 uxor
873 3131 1037 3180 Fauni
1055 3131 1265 3192 colitur,
1288 3131 1391 3193 vel,

330 3213 391 3255 ut
426 3208 597 3270 piacet
622 3207 944 3270 quibusdam,
965 3209 1142 3257 Venus
1174 3209 1391 3270 marina,

330 3283 413 3332 cui
437 3284 681 3332 sacellum
702 3294 814 3332 erat
839 3283 904 3333 ad
929 3287 1094 3347 ripam
1116 3285 1266 3336 Liris.
1302 3286 1389 3335 De

331 3374 394 3408 eo
411 3358 625 3409 flumine
640 3360 751 3423 jam
774 3375 811 3410 1.
837 3361 940 3411 od.
961 3366 1043 3412 al.
1067 3366 1117 3410 7.

396 3436 620 3499 Muricae]
655 3437 752 3485 Illa
793 3445 917 3485 ante
952 3437 1095 3487 dicta
1117 3438 1296 3499 Circe3
1330 3443 1390 3487 ut

330 3514 577 3567 Quirinus
602 3521 723 3563 aute
747 3513 1022 3562 Romuluse
1055 3529 1120 3562 ex
1138 3529 1279 3565 more
1304 3527 1389 3580 ve·

818 3589 1023 3637 nomina
1067 3589 1391 3639 mutantium.

332 3669 572 3717 Lactant.
609 3665 843 3716 Institnt.
890 3680 929 3714 ι.
963 3669 1045 3715 21.
1128 3665 1280 3715 Alex.
1323 3665 1391 3714 ab

330 3743 483 3793 Alex.
502 3758 579 3793 vi.
595 3749 643 3794 4.
662 3746 735 3794 ita
754 3742 966 3791 scribit:
1007 3749 1020 3770 ⁸
1038 3743 1123 3791 01»
1141 3751 1389 3791 aeternam

333 3821 546 3882 gloriam
573 3819 656 3869 Dii
694 3819 962 3881 Indigetes
996 3818 1141 3880 dicti,
1177 3817 1393 3867 nomini·

331 3896 428 3945 bus
453 3896 752 3959 plerumque
778 3895 1012 3957 mutatis,
1047 3901 1102 3943 et
1133 3895 1274 3944 novis
1308 3907 1392 3944 co-

330 3973 556 4034 optatis:
599 3972 639 4018 si
687 3970 892 4033 quidem
937 3970 1187 4019 Romulus
1222 3970 1395 4021 Quiri·

331 4060 449 4110 nus,
485 4047 627 4099 Juno
663 4048 930 4095 Matuta..
949 4079 961 4093 .
981 4047 1130 4096 Circe
1161 4044 1395 4105 Marica,’

332 4129 433 4174 διο.
466 4125 653 4187 virgil.
676 4123 881 4172 AEneid.
905 4137 1005 4172 vu.
1034 4128 1116 4173 47.
1151 4124 1223 4172 ait
1258 4123 1395 4172 Lati·

333 4215 454 4250 num
480 4201 676 4263 Regem
698 4201 712 4227 ‘
736 4199 912 4248 Fauno
936 4207 1011 4248 et·
1032 4198 1269 4263 Nympha
1304 4212 1392 4262 ge·

334 4276 500 4325 nitum
547 4276 806 4325 Laurente
858 4273 1094 4325 Marica!
1160 4275 1283 4326 Fuit
1338 4280 1396 4324 et

1467 2444 1636 2508 paniae
1678 2441 1921 2502 confinio,
1961 2439 2026 2488 ad
2058 2439 2197 2488 Lirin
2231 2437 2461 2496 fiuvium,
2498 2454 2528 2489 a

1468 2519 1715 2584 Nympha
1753 2517 1951 2567 Marica
1973 2515 2322 2565 denominata.
2385 2515 2529 2563 Mar·

1468 2595 1585 2646 tial.
1606 2608 1737 2644 xm.
1762 2598 1845 2643 88.
1874 2595 1892 2621 ‘
1913 2593 2045 2642 Liris
2062 2606 2213 2656 quem
2239 2592 2390 2654 sylva
2414 2592 2529 2640 Ma·

1465 2672 1594 2720 rica*
1613 2668 1896 2732 Protegit)

1533 2750 1567 2795 9
1602 2744 1874 2809 T'yranuus]
1911 2742 2069 2807 Regis
2104 2757 2167 2792 ae
2208 2741 2435 2806 tyranni,
2471 2748 2531 2790 ut

1467 2821 1656 2873 Groeca
1679 2821 1865 2885 probat
1888 2817 2217 2883 etymologia,
2253 2816 2528 2866 discrimen

1465 2899 1687 2947 nullum:
1723 2910 1825 2945 vox
1850 2902 2021 2945 tamen
2044 2893 2224 2943 odiosa
2239 2892 2400 2956 coepit
2413 2906 2528 2942 esse

1465 2976 1533 3025 ob
1573 2975 1857 3040 aliquorum
1898 2972 2173 3021 saevitiam.
2239 2971 2423 3021 Senec.
2462 2969 2530 3018 de

1468 3050 1758 3101 Clementia
1798 3063 1838 3100 ι.
1877 3053 1927 3098 2.
1961 3049 2261 3112 ‘Tyrannus
2300 3045 2453 3096 factis
2500 3063 2531 3095 a

1471 3129 1614 3190 Rege
1650 3128 1830 3184 distat,
1870 3139 1970 3174 non
2006 3124 2556 3187 nomine...species0

1469 3203 1584 3268 ipsa
1606 3202 1851 3263 fortunae,
1875 3216 1936 3252 ac
1959 3202 2172 3250 licentia
2192 3215 2286 3264 par
2305 3208 2420 3249 est:
2456 3200 2534 3249 ni·

1471 3280 1667 3345 siquod
1685 3278 1887 3342 tyranni
1905 3291 1972 3326 ex
1989 3279 2261 3340 voluptate
2281 3276 2533 3336 saeviunt3

1471 3356 1648 3419 Reges
1671 3371 1737 3405 ex
1760 3370 1914 3404 cansa
1932 3361 1988 3403 et
2010 3355 2341 3403 necessitate.
2390 3352 2531 3404 Quid

1471 3433 1626 3495 ergo?
1694 3431 1813 3481 Non
1852 3430 2023 3492 Reges
2054 3443 2261 3494 quoque
2294 3427 2532 3477 occidere

1469 3507 1678 3556 solent?
1744 3503 1848 3554 Sed
1873 3505 2073 3569 quoties
2107 3504 2305 3553 utilitas
2327 3500 2531 3562 suadet,

1469 3582 1724 3647 Tyrannis
1746 3580 1945 3630 stavitia
1967 3579 2110 3628 cordi
2135 3584 2254 3629 est.’

1539 3662 1666 3710 Cras
1689 3658 1834 3717 soliis
1867 3671 2044 3718 nemus,
2073 3655 2180 3718 ξω]
2219 3656 2345 3721 Cras
2378 3656 2532 3704 velie-

1470 3749 1616 3784 mens
1662 3739 1944 3796 tempestas
1984 3733 2105 3792 erit,
2141 3746 2254 3796 quse.
2292 3731 2530 3781 arborum

1468 3810 1594 3860 folia
1616 3810 1873 3869 decutiet,
1908 3815 1963 3856 et
1997 3809 2191 3870 agitato
2224 3808 2350 3856 mari
2389 3807 2531 3871 algas

1468 3886 1536 3936 ad
1583 3886 1724 3934 littus
1766 3883 1899 3932 bene
1946 3883 2133 3931 multas
2170 3890 2399 3946 aggeret,
2433 3895 2532 3931 nec

1471 3961 1690 4025 proinde
1712 3959 1890 4010 licebit
1913 3959 1961 4006 in
1983 3958 2119 4021 agris
2136 3957 2327 4007 versari
2345 3964 2400 4006 et
2410 3972 2534 4020 ope·

1472 4040 1517 4087 ri
1562 4026 2129 4099 rustico'incumberez
2171 4047 2295 4096 ergo
2327 4034 2532 4083 interim

1474 4115 1725 4166 hilaritati
1777 4120 1836 4163 et
1887 4111 2041 4175 genio
2097 4109 2326 4175 indulge,
2370 4118 2426 4159 et
2465 4112 2530 4159 ad

1473 4194 1536 4244 id
1571 4192 1741 4243 omnia
1775 4188 1930 4242 hodie
1972 4195 2095 4240 ante
2131 4187 2356 4252 pluviam
2391 4201 2532 4238 com-

1473 4284 1621 4338 para.
