3059 4909
998 429 1412 484 cAstM-mmu
1464 436 1611 490 ms.
1659 441 1771 492 111.
1814 430 1877 494 6.

2288 391 2297 400 ’
2398 440 2529 514 417

767 568 860 633 Di
891 574 1423 660 multanessglecti
1451 581 1770 652 dederunt

853 671 1212 757 Hesperiae
1241 683 1422 746 mala
1451 685 1790 755 luctuosae.

670 770 717 833 J
722 791 825 835 am
854 774 959 838 bis
995 776 1341 845 Monaeses
1358 791 1429 847 et
1459 784 1710 853 Pacori
1739 810 1982 875 manus

308 935 462 1001 finem
495 944 651 992 reduc.
719 946 892 1011 Spreta
924 928 1118 1002 humina
1143 955 1301 1017 plures
1322 955 1624 1006 'calamitates
1653 959 1917 1012 intulerunt
1945 963 2135 1029 afflictas·
2168 966 2344 1018 Italiae.
2391 970 2507 1018 Jam

1231 1098 1414 1117 ““““

1418 1098 1599 1119 000000

326 1180 445 1231 dam
466 1183 676 1236 edidere
698 1188 862 1255 inepti
886 1194 1244 1245 correctores!
1277 1197 1512 1248 June-⁷
1547 1198 1766 1263 Cuuing.
1788 1199 2070 1253 dederes—8
2104 1203 2230 1254 Var.
2255 1207 2400 1259 Lect.
2423 1225 2508 1273 ap.

320 1246 500 1323 Ioues.
519 1251 845 1305 luctuosae—9
877 1258 1106 1307 Monaest’s
1131 1259 1407 1311 Lambinus
1429 1277 1495 1311 ex
1517 1263 1760 1314 Jannoct.
1782 1266 1965 1316 Faern.
1990 1275 2044 1315 et
2067 1269 2267 1320 duobus
2291 1273 2435 1324 Vatt.
2459 1282 2516 1324 et

319 1325 395 1374 sic
419 1313 692 1392 Pulmauui
719 1318 895 1370 Huun.
918 1329 971 1371 et
1004 1323 1196 1375 Beller.
1217 1339 1349 1376 uuus
1373 1326 1562 1376 Bland.
1586 1329 1710 1378 Div.
1738 1330 1899 1380 Mald.
1924 1339 1980 1380 et
2002 1332 2096 1384 Sil.
2122 1334 2350 1400 Cruquii‚
2386 1338 2512 1389 item

316 1376 616 1431 Torrentius
653 1397 684 1431 e
720 1384 825 1434 suis
863 1386 1016 1437 codd.
1055 1388 1176 1438 libri
1215 1391 1543 1449 Bersmauui,
1583 1392 1750 1456 Lipss.
1783 1399 1829 1442 1.
1866 1400 1915 1447 2.
1951 1396 2091 1447 Altt.
2123 1404 2170 1448 1.
2202 1404 2251 1449 2.
2286 1402 2439 1450 Dess.
2459 1408 2512 1453 2.

313 1440 531 1511 yenett.
561 1446 775 1497 Loeber.
810 1448 1023 1502 Vascos.
1053 1460 1111 1502 et
1155 1454 1341 1505 Heius.
1407 1457 1645 1507 Monoeses
1685 1454 1838 1508 Harl.
1863 1463 1909 1510 1.
1940 1464 1988 1509 2.
2023 1465 2070 1510 3.
2105 1463 2155 1512 4.
2186 1469 2237 1514 5.
2261 1467 2312 1514 6.
2346 1468 2513 1516 ceteri

316 1504 472 1578 codd.
498 1524 583 1572 ap.
614 1512 757 1575 Jani,
792 1516 1009 1565 Ascens.
1049 1518 1229 1568 Basili.
1255 1520 1504 1570 Glarean.
1537 1522 1689 1571 Febr.
1725 1523 2069 1587 Stepb.'Fab.
2109 1528 2302 1576 Daeer.
2336 1530 2510 1582 Bentl.

315 1566 475 1621 Baxt.
497 1574 637 1640 hui,
677 1578 886 1642 Bipont.
919 1581 1137 1632 Mitsch.
1158 1586 1377 1635 Wetzel.
1401 1584 1583 1636 Comb.
1617 1586 1823 1637 Wakef.
1861 1594 1917 1637 et
1954 1589 2115 1639 Kidd.
2151 1597 2208 1641 et
2237 1591 2311 1640 sic
2350 1594 2508 1645 etiam

314 1633 609 1713 (Μςνᾳίσης)
644 1657 728 1705 ap.
752 1644 1021 1695 Plutarch·
1047 1648 1270 1698 Moneses
1295 1650 1514 1714 Cuning.
1549 1658 1604 1700 et
1641 1651 1986 1716 Sanad.'quod
2024 1655 2078 1703 in
2099 1654 2325 1719 Appiani
2354 1659 2506 1710 codd.

313 1702 563 1753 scribitur
605 1707 759 1756 etiam
799 1707 1065 1768 Μονέσσης.
1131 1713 1251 1762 vid.
1291 1714 1497 1764 Fabric.
1539 1714 1605 1763 ad
1639 1716 1794 1766 Dion.
1834 1729 1986 1766 xmx.
2014 1722 2128 1769 116.
2196 1719 2328 1769 Aliae
2369 1738 2504 1775 varr.

313 1779 401 1829 ap.
439 1763 561 1818 Jaui
608 1784 746 1836 suut,
793 1775 1051 1839 Manassis,
1090 1777 1325 1842 Monessi,
1368 1779 1602 1843 Mounesis,
1643 1780 1910 1844 Mon-ensis,
1953 1783 2214 1847 Monoesus,
2251 1780 2508 1837 Munoeses.

1303 1906 1517 1960 NOTAE

309 1990 553 2058 Aruspic.
587 1996 840 2064 Respons.
874 2016 927 2053 n.
954 2008 1034 2054 18.
1067 2005 1083 2033 ‘
1106 2005 1216 2069 Ego
1242 2019 1366 2056 vero
1447 2020 1558 2055 rum
1580 2007 1794 2056 exitum.
1862 2008 1995 2057 Nam
2026 2008 2160 2059 sicut
2193 2025 2225 2059 a
2253 2011 2504 2076 religione

308 2068 527 2131 primum
550 2072 717 2123 habeo
741 2085 982 2130 auctores
1012 2095 1074 2129 ae
1097 2081 1366 2145 magistros
1446 2080 1660 2144 Imperii
1703 2084 1874 2146 ,hujus
1939 2082 2276 2144 fundamenta
2337 2088 2506 2139 locata

306 2144 613 2208 religionum
646 2150 975 2203 colendarum
1000 2156 1223 2219 majores
1246 2171 1363 2205 nos-

305 2228 433 2270 tros.
451 2257 465 2270 .
484 2257 497 2271 .
511 2224 660 2275 .Quis
685 2233 787 2277 tam
810 2241 1009 2295 vecors,
1023 2233 1110 2297 qui
1132 2241 1225 2282 aut
1246 2247 1361 2283 cum

304 2302 598 2361 suspexerit
619 2302 671 2350 in
694 2305 898 2368 coelum,
927 2309 1072 2358 Deos
1106 2321 1222 2358 esse
1258 2323 1361 2358 nou

303 2373 528 2425 sentiatz
549 2411 562 2424 .
579 2411 593 2428 .
609 2412 623 2428 .
642 2386 731 2428 aut
756 2396 870 2430 cum
894 2384 1038 2432 Deos
1060 2399 1173 2434 esse
1207 2386 1359 2434 intel-

301 2448 510 2513 lexerit,
535 2466 636 2501 non
669 2455 931 2520 intelligat
952 2473 1130 2509 eorum
1152 2460 1360 2511 numine

299 2525 398 2574 hoc
424 2534 591 2577 totum
624 2528 907 2595 Imperium
941 2549 1053 2584 esse
1085 2545 1281 2606 ugrum,
1303 2544 1359 2586 et

299 2611 529 2667 auctum,
566 2611 618 2654 et
656 2612 947 2659 retentum?
1013 2612 1179 2665 Quam
1215 2614 1357 2662 volu-

298 2691 412 2727 mus
434 2679 558 2730 licet
578 2681 678 2746 ipsi
694 2697 786 2732 nos
803 2699 1050 2754 amemus,
1065 2695 1241 2739 tamen
1258 2703 1356 2739 nec

296 2769 513 2805 numero
535 2756 816 2822 HispanoS,
836 2777 933 2812 nec
959 2764 1145 2814 robore
1163 2765 1356 2832 Gallos,

295 2842 396 2879 nec
432 2832 719 2884 calliditate
762 2836 970 2902 Poenos,
1014 2854 1113 2889 nec
1160 2840 1355 2891 artibus

296 2905 531 2969 Graecos,
552 2923 651 2958 nec
689 2911 913 2976 denique
945 2915 1044 2964 hoc
1071 2916 1184 2980 ipso
1207 2918 1355 2982 hujus

290 2982 465 3043 gentis
488 2998 550 3031 ac
575 2993 731 3035 terrae
765 2987 1049 3046 domestico
1074 2993 1354 3058 nativoque

293 3069 448 3106 sensu
491 3059 655 3110 Italos
695 3062 832 3126 ipsos
878 3079 939 3115 ae
987 3067 1217 3130 Latinos,
1259 3071 1353 3120 s'ed

292 3134 492 3197 pietate
531 3150 593 3186 ac
623 3138 889 3205 religione,
928 3149 1085 3207 atque
1120 3146 1216 3194 hac
1249 3161 1353 3195 una

291 3211 566 3275 sapientia,
587 3214 722 3279 quod
742 3216 966 3267 Deorum
990 3218 1351 3272 immortalium

290 3288 502 3352 numine
524 3291 694 3350 omnia
711 3294 818 3355 regi
839 3292 1215 3362 gubernarique
1235 3312 1349 3362 per-

292 3361 577 3429 speximus,
609 3381 781 3417 omnes
814 3377 992 3433 gentes
1012 3373 1350 3439 nationesque

291 3436 685 3504 superavimus)

293 3517 300 3522 ’
355 3516 678 3584 Principium]
706 3521 781 3571 Ut
797 3536 968 3583 supra,
988 3522 1089 3571 Od.
1106 3538 1186 3574 xv.
1207 3524 1224 3553 ‘
1242 3526 1348 3574 Vos

289 3592 410 3641 lene
432 3594 744 3645 consilium?
783 3597 1053 3661 utrobique
1076 3600 1128 3647 iu
1151 3614 1349 3649 caesura

290 3666 721 3744 accipetv‘elduas
739 3670 921 3720 breves
939 3687 1034 3735 pro
1053 3687 1154 3723 una
1175 3675 1349 3739 longa,

289 3739 374 3791 'vel
399 3744 589 3805 crasin',
622 3746 705 3808 vel
738 3748 1123 3796 conversionem
1152 3752 1346 3799 vocalis

287 3817 340 3865 iu
361 3806 754 3883 consonantem}
775 3822 1207 3887 ‘quemadmodum
1229 3824 1345 3874 fieri

289 3893 423 3942 solet
460 3894 514 3942 in
559 3896 1072 3961 ‘ariete,’'‘abiete‚'
1110 3899 1346 3963 ‘genua,’

287 3971 385 4019 διο.
751 3973 758 3980 “

350 4046 467 4095 Huc
484 4048 613 4107 refer
631 4051 836 4114 exitum]
873 4051 985 4102 Diis
1014 4059 1234 4115 accepta
1266 4068 1344 4103 re-

310 4136 371 4171 er
391 4131 505 4172 tum
526 4123 739 4187 Imperii
763 4125 1061 4193 primordia,
1086 4135 1195 4178 tum
1221 4125 1341 4192 pro-

287 4200 580 4263 pagationis
624 4208 680 4250 et
722 4193 1137 4268 amplificationis
1173 4201 1340 4255 iu‘cre·

287 4285 481 4337 menta,
502 4283 557 4325 et
578 4275 781 4326 felicem
806 4279 1240 4346 quarumcumque
1263 4295 1342 4330 re·

417 4355 591 4418 Delph.
617 4362 667 4406 et
690 4357 800 4406 ναν.
820 4359 952 4408 Clas.

1390 4367 1512 4412 orat.

1443 2164 1586 2220 suut,
1635 2158 1710 2207 i'ta
1756 2172 1960 2224 quoque
2018 2174 2114 2223 per
2171 2162 2429 2215 eamdem'
2450 2165 2502 2215 in

1440 2229 1588 2280 Deos
1628 2232 1877 2294 pietatem
1918 2234 2044 2282 illud
2083 2234 2330 2285 retinebis
2353 2252 2503 2288 exor-

1442 2307 1715 2373 nabisque.
1801 2310 1914 2359 Liv.
1966 2310 1982 2338 ‘
2008 2310 2294 2361 Invenietis
2331 2315 2504 2364 omnia

1440 2398 1694 2447 prospera
1731 2386 1938 2434 evenire
2000 2379 2291 2437 colentibus
2334 2390 2501 2456 Deos,

1441 2458 1664 2511 adversa
1681 2462 2087 2525 spernentibus!
2125 2462 2263 2512 Vide
2284 2466 2501 2529 Dionys.

1440 2535 1706 2585 Halicarn.
1729 2536 1818 2586 lib.
1843 2551 1930 2585 ιιι.
1955 2536 2043 2586 ubi
2076 2552 2108 2585 a
2134 2537 2328 2587 Martio
2353 2541 2499 2603 Rege

1437 2611 1727 2661 instaurata
1745 2611 2024 2675 diligenter
2059 2626 2205 2661 sacra
2233 2607 2349 2677 quae
2373 2621 2497 2665 ante

1437 2688 1681 2751 neglecta
1703 2696 1795 2739 aut
1819 2704 1973 2753 prave
1998 2690 2157 2739 culta.
2225 2691 2231 2696 ”

1500 2768 1534 2813 7
1567 2764 1642 2813 Di
1689 2767 1836 2815 multa
1878 2766 2099 2829 neglecti,
2136 2764 2242 2828 ξω]
2291 2765 2497 2830 Religio

1436 2837 1669 2890 Deorum
1705 2843 1948 2905 neglecta
1983 2841 2140 2891 causa
2164 2840 2266 2890 fuit
2289 2844 2496 2892 calami·

1436 2921 1598 2964 tatum
1634 2930 1758 2980 quas
1795 2916 1915 2966 tulit
1953 2916 2127 2978 Italia,
2149 2931 2263 2980 quae
2292 2916 2496 2982 Hespe-

1434 2981 1515 3041 ria
1538 2993 1749 3055 dicitur,
1772 2998 1830 3043 ut
1850 2994 2027 3043 notavi
2051 3007 2111 3043 ιι.
2135 2992 2240 3043 Od.
2264 2997 2311 3044 1.
2336 2995 2497 3058 pluri-

1432 3083 1518 3118 ma
1540 3076 1651 3119 tum
1675 3070 1965 3120 observatae
1995 3076 2104 3120 tum
2134 3071 2390 3134 neglectae
2414 3084 2495 3120 re-

1433 3146 1637 3210 ligionis
1671 3147 1910 3210 exempla
1942 3155 2067 3211 pete
2091 3162 2120 3196 e
2142 3147 2261 3196 Val.
2284 3147 2428 3197 Max.
2452 3160 2490 3196 1.

1434 3227 1482 3273 1.
1551 3224 1758 3273 Pariter
1781 3231 1836 3274 et
1861 3224 1995 3274 bona
2022 3224 2258 3288 ingentia
2280 3224 2492 3287 promit-

1429 3300 1501 3348 tit
1535 3314 1629 3349 sua
1661 3307 1927 3364 praecepta
1957 3299 2304 3363 servantibus,
2328 3301 2489 3363 negli-

1429 3376 1671 3438 gentibus
1712 3383 1886 3425 autem
1924 3375 2057 3424 mala
2090 3376 2265 3438 gravia
2286 3375 2491 3424 minita-

1427 3459 1512 3499 tur
1534 3451 1676 3499 Deus
1702 3452 1832 3514 Op't.
1860 3451 2007 3516 Max.
2041 3452 2209 3502 Levit.
2245 3466 2291 3501 c.
2325 3463 2486 3500 xxvr.

1429 3528 1715 3575 Deuteron.
1739 3541 1783 3575 c.
1809 3539 2016 3575 xxvm.

1491 3604 1525 3649 9
1557 3602 1674 3648 Jam
1711 3600 1785 3650 bis
1822 3602 2075 3661 Monoeses,
2108 3600 2216 3662 ξω]
2249 3602 2364 3653 Jam
2404 3603 2484 3651 bis

1428 3675 1551 3724 victi
1588 3690 1758 3725 sumus
1784 3692 1814 3724 a
1837 3676 2063 3735 Parthis,
2096 3682 2280 3724 contra
2315 3672 2484 3739 auspi-

1425 3752 1508 3800 cia
1575 3752 1777 3801 seilicet
1836 3751 2156 3801 dimicantes.
2244 3751 2481 3815 Impetus

1424 3834 1630 3877 nostros
1655 3828 1893 3878 contudit
1917 3828 2174 3877 Mouaeses
2196 3828 2331 3891 apud
2355 3828 2482 3876 Par-

1425 3904 1540 3952 thos
1562 3904 1775 3967 insignis
1801 3906 1879 3952 vir
1919 3904 2151 3968 potentia
2187 3912 2242 3954 et
2275 3905 2480 3968 opibus,

1424 3980 1512 4043 qui
1554 3977 1692 4030 forte
1731 3979 1869 4029 idem
1905 3993 2019 4028 cum
2053 3978 2276 4042 Surena,
2310 3996 2340 4029 a
2378 3993 2481 4045 quo

1423 4054 1626 4103 deletus
1658 4069 1773 4103 cum
1809 4056 2046 4104 exercitu
2071 4056 2304 4107 Crassus.
2370 4056 2479 4121 Ap-

1424 4131 1560 4193 pian.
1579 4130 1669 4179 lib.
1688 4130 1750 4179 de
1769 4131 1926 4180 Bellis
1942 4131 2225 4181 Parthicis.
2277 4132 2476 4183 Iterum

1423 4204 1682 4270 profligati
1726 4221 1898 4256 sumus
1949 4222 1979 4255 a
2038 4207 2239 4256 Pacoro
2285 4208 2477 4264 Orodis

1423 4277 1730 4332 Parthorum
1754 4279 1928 4348 *Regis
1964 4283 2156 4345 majore
2182 4290 2307 4332 natu
2335 4283 2472 4343 filio;

2234 4368 2264 4411 2
2301 4364 2344 4411 D
