3059 4909
564 367 697 435 806
1299 380 1368 447 Q.
1413 383 1735 433 nourrii
1789 383 2054 433 suco!

915 528 1199 614 Lyden?
1246 528 1519 606 eburna,
1550 526 1661 592 dic
1692 547 1841 610 age,
1874 547 2024 606 cum
2052 525 2196 611 lyra

1003 629 1322 708 Maturet,
1354 630 1420 692 in
1453 637 1748 693 comtum
1780 629 2093 695 Lacaenae

1088 732 1282 798 More
1312 753 1578 828 comam
1605 734 1882 817 religata
1909 732 2185 798 nodum.

570 933 775 985 uocabit
798 934 963 1000 Lyden
981 935 1272 986 mmtricem
1291 952 1322 984 a
1342 935 1421 985 via
1453 941 1679 986 remotam
1693 932 1720 986 ’.ἲ
1789 935 1925 985 Heus
1942 933 2060 996 Jube
2090 948 2198 984 cum
2226 932 2433 984 eburnea
2463 933 2649 985 cithara
2678 932 2763 983 huc

557 998 761 1056 sect'met
781 1001 971 1065 capillos
991 1001 1163 1052 habens
1184 1002 1430 1065 incomta,
1446 1002 1573 1052 sicut
1593 1000 1828 1051 Laconica
1845 1001 2032 1064 mulier,
2052 1001 2170 1049 nodo
2193 1000 2422 1049 collectos.

1487 1161 1846 1182 ‘mu'

567 1277 655 1328 vix
673 1283 841 1342 aptus.
907 1279 1078 1343 Urget
1095 1278 1317 1328 maxime
1346 1277 1419 1340 id,
1455 1275 1639 1341 Lyden
1663 1278 1790 1328 alies
1822 1284 1880 1328 ut
1903 1284 2130 1329 scortum
2155 1277 2222 1328 ab
2248 1277 2472 1328 Horatio
2502 1276 2727 1327 describi
2748 1293 2763 1339 ;

568 1349 630 1393 nt
653 1356 741 1394 ιιι.
765 1343 870 1395 od.
897 1349 978 1394 11.
1008 1350 1063 1392 et
1091 1341 1189 1394 29!
1218 1344 1486 1393 δοκὼ-28
1508 1344 1524 1370 ‘
1546 1343 1785 1406 Matura,
1805 1344 2059 1394 §monitum
2075 1344 2339 1394 Torrentii
2362 1358 2538 1393 omnes
2578 1350 2769 1408 praeter

571 1408 693 1471 duo,
724 1423 903 1459 omnes
926 1408 1097 1459 Pulm.
1121 1408 1346 1459 Mentel.
1369 1408 1598 1458 Helmst.
1622 1408 1769 1472 Lips.
1789 1413 1838 1460 1.
1860 1413 1907 1458 2.
1926 1413 1974 1459 8.
1992 1409 2105 1459 Ait.
2132 1413 2154 1458 1
2169 1445 2181 1460 .
2217 1411 2394 1472 plures
2418 1411 2593 1458 Bentl.
2618 1410 2770 1474 pleri·

568 1487 671 1538 que
694 1474 873 1524 Lamb.
896 1474 1180 1540 (cruquius
1202 1473 1274 1523 nil
1300 1473 1461 1524 refert
1482 1473 1550 1524 de
1573 1471 1706 1537 suis)
1748 1475 1962 1532 Locher.
1996 1476 2186 1525 Venet.
2214 1472 2361 1525 1492.
2386 1475 2567 1524 Basili.
2588 1475 2769 1524 Heius.

568 1539 732 1603 Rutg.
752 1540 947 1590 Dacer.
965 1539 999 1591 J
1005 1552 1147 1590 oues.
1161 1532 1295 1588 Sivt'.
1314 1539 1510 1604 [Bond.
1530 1540 1795 1590 Schrevel.
1815 1540 2040 1605 Delph.]
2076 1540 2163 1590 lta
2178 1542 2267 1605 qui
2284 1542 2770 1605 legunt,explicant

569 1602 716 1654 fere:
754 1605 994 1656 Maturet
1017 1604 1207 1654 nodum
1231 1605 1535 1667 incenatum,
1572 1606 1622 1655 b.
1642 1618 1691 1653 e.
1715 1618 1938 1668 propere
1962 1611 2143 1655 nectat
2166 1620 2205 1656 s.
2228 1603 2407 1655 faciat.
2476 1605 2610 1666 Sed,
2629 1605 2769 1671 quod

564 1670 823 1731 praeclare
846 1670 971 1720 vidit
998 1671 1174 1721 Bentl.
1196 1677 1320 1720 tunc
1341 1670 1593 1723 absonum
1631 1677 1715 1719 est
1746 1669 1873 1719 illud
1908 1685 2013 1718 cum
2034 1672 2155 1735 lyra.
2191 1672 2243 1720 in
2263 1677 2487 1731 cumcurn,
2514 1671 2642 1721 Aer.
2677 1674 2693 1700 ‘
2717 1671 2770 1721 in

565 1735 757 1784 nodum
781 1735 1044 1798 comtum,'
1068 1735 1327 1799 Porphyr.
1361 1736 1710 1785 commentat.
1746 1737 1904 1799 Cruq.
1935 1736 1979 1802 (⁴
1997 1738 2049 1784 in
2073 1737 2376 1800 praepositio
2399 1738 2643 1800 apposita
2675 1744 2772 1798 est,

563 1798 2522 1930 ffissfflffi‘32:12mssssssrss‘ffssivss'ss'‘gtffssnf'enfflssfflssssaff-{iilssi9523&
2551 1801 2767 1918 3532&

563 1928 782 1980 wetzel.
799 1941 855 1980 et
871 1930 1085 1995 Bipont.
1116 1932 1169 1980 in
1183 1936 1387 1980 comtum
1402 1930 1533 1980 unns
1550 1932 1694 1980 Torr.
1725 1932 1944 1981 incomta
1965 1946 2068 1981 var.
2084 1933 2208 1982 lect.
2232 1931 2266 1983 J
2272 1947 2412 1984 ones.
2446 1904 2701 1982 incbmloem
2718 1941 2769 1982 et

562 2007 684 2044 mox
719 1996 839 2045 nodo
875 1996 1080 2046 emend.
1104 1997 1280 2046 Bentl.
1319 2004 1534 2046 auctore
1568 1997 1864 2056 Torrentio,
1900 2011 2190 2061 quanquam
2225 1999 2340 2062 jam
2378 2007 2501 2047 ante
2543 2013 2664 2048 eum
2695 1999 2766 2048 sic

561 2059 754 2110 Venet-
776 2065 919 2111 15⁴9.
957 2068 1013 2111 et
1049 2062 1163 2113 duze
1189 2060 1342 2111 editt.
1381 2060 1658 2126 Xylandri.
1723 2062 1850 2110 Tum
1896 2070 1952 2110 et
1992 2062 2068 2111 ita
2087 2063 2219 2112 Cun.
2250 2070 2307 2112 et
2341 2077 2510 2127 nuper
2538 2064 2766 2114 Schmid.

560 2123 770 2203 Wakef.
787 2133 842 2175 et
858 2125 1054 2204 Κίἀά..ι
1073 2127 1249 2204 Bentl.
1274 2140 1374 2175 non
1394 2133 1571 2188 potest
1588 2125 1726 2175 ferre
1748 2129 1922 2203 nodum
1938 2133 2159 2185 comtum,
2179 2129 2299 2192 quia
2323 2128 2365 2177 is
2386 2128 2586 2178 tardam
2605 2138 2765 2179 artem

561 2190 2287 2319 :53222212‘13332'2222J‘3ffiss'ffffisssfssffisszffi·22:233ss0¹32.
2309 2193 2764 2322 ςῖἱῖἑῗέΡἫέὶἳέ

562 2319 674 2369 Pro
698 2319 917 2370 Lacaenae
938 2323 1114 2371 Bentl.
1136 2322 1275 2386 conj.
1299 2322 1476 2370 Dianoe
1487 2337 1509 2380 ‚·
1531 2333 1649 2370 nam
1670 2321 1810 2370 illam
1838 2323 2004 2371 Deam
2026 2323 2105 2372 sic
2126 2323 2180 2372 in
2203 2323 2395 2372 nodum
2414 2325 2651 2375 collectis
2669 2326 2763 2375 cri·

561 2377 715 2434 nibus
736 2383 880 2451 fingi.
948 2387 1152 2436 Laudat
1188 2387 1346 2437 Ovid.
1379 2385 1498 2436 Art.
1528 2385 1649 2435 Am.
1688 2399 1772 2435 111.
1815 2390 1927 2435 141.
1970 2384 2064 2437 sed
2104 2389 2246 2452 vulg.
2285 2386 2521 2439 defendit
2560 2390 2763 2441 hui.—

560 2452 626 2499 24
661 2449 811 2500 Harl.
828 2455 877 2501 3.
900 2455 952 2502 4.
967 2457 1016 2502 6.
1050 2452 1274 2517 Franeq.
1309 2453 1460 2502 Dess.
1484 2457 1531 2501 1.
1557 2450 1669 2501 Alt.
1693 2456 1742 2500 2.
1780 2452 2055 2502 Pulmanni
2082 2458 2127 2503 1.
2146 2454 2197 2503 2.
2236 2453 2461 2504 Mentel.
2488 2457 2593 2504 dno
2613 2457 2772 2506 Bersc

559 2515 757 2572 manni,
778 2527 1000 2581 quatuor
1033 2517 1203 2580 Lipss.
1235 2525 1291 2567 et
1328 2515 1619 2578 Helm'stad.
1652 2531 1835 2567 comas.-
1868 2517 2005 2567 Sivr.
2043 2518 2248 2569 emend.
2272 2533 2431 2571 comte.
2500 2518 2760 2586 Porphyr.

558 2580 787 2642 religare,
810 2582 1137 2645 improbante
1160 2582 1194 2634 J
1199 2583 1303 2632 ani.

1548 2695 1767 2747 NOTAE

559 2812 668 2858 tum
689 2807 867 2859 facere
891 2810 1126 2872 solitam3
1159 2815 1272 2874 (Ῑιιωἶ
1293 2826 1396 2861 non
1424 2825 1478 2860 se
1510 2806 1628 2861 vul·
1703 2812 1906 2861 ornatui
1930 2811 2230 2874 studebant,
2250 2811 2340 2861 sed
2359 2811 2425 2861 ad
2450 2812 2762 2876 palaestram,

558 2901 683 2950 gare
704 2887 968 2951 quibusvis
986 2888 1270 2951 consuevit,
1285 2888 1384 2937 nec
1403 2902 1497 2952 per
1512 2888 1620 2938 vias
1701 2889 2052 2951 venationem,
2069 2897 2125 2940 et
2144 2889 2245 2939 alia
2261 2889 2535 2952 ejusmodi,
2559 2891 2760 2954 neglec-

557 2962 822 3014 oberrare.
887 2964 1028 3014 Hinc
1061 2964 1246 3019 deviam
1282 2970 1453 3013 vocat.
1519 2965 1620 3014 Lo-
1703 2975 1759 3018 to
1775 2968 1940 3030 cultu,
1962 2967 2360 3018 exercebantur.
2405 2966 2597 3031 Itaque
2622 2974 2761 3019 vetat

456 3052 474 3068 ⁶
558 3053 675 3089 enm
708 3040 842 3105 bunc
866 3040 1388 3104 ampliusexplanare
1418 3055 1516 3091 nec
1557 3041 1617 3090 li·
1700 3057 1786 3103 ne,
1808 3043 1928 3092 dum
1952 3044 2121 3092 crines
2145 3044 2460 3093 nudarentur
2490 3045 2542 3092 in
2566 3060 2762 3107 aurum,

558 3121 664 3176 eet,
685 3130 780 3165 uec
803 3117 948 3168 libet.
1020 3117 1223 3167 Addam
1251 3125 1443 3183 tamen,
1480 3117 1617 3168 forte
1700 3135 1762 3170 ac
1802 3119 2032 3170 studiose
2055 3126 2405 3182 comerentur,
2426 3117 2760 3184 expectantes

556 3193 888 3243 comissatum
923 3195 1118 3257 vocari,
1147 3201 1302 3259 atque
1338 3195 1458 3245 hinc
1491 3196 1625 3252 dun2
1699 3194 1890 3260 fatiget
1911 3211 2073 3246 mora.
2129 3195 2335 3260 Legunt
2360 3196 2567 3261 quidam
2590 3199 2759 3247 incom-
2802 3216 2807 3221 ·

558 3276 708 3342 taxat
727 3277 933 3321 scortum
957 3271 1078 3322 dici.
1700 3278 1817 3329 tam,
1839 3278 1911 3335 et,
1932 3274 2053 3322 nodo
2071 3290 2088 3321 .-
2123 3272 2236 3321 alii:
2271 3272 2325 3321 in
2346 3278 2567 3336 comum,
2586 3282 2659 3338 et,
2677 3289 2757 3324 κο-

620 3351 685 3397 23
720 3348 784 3396 In
821 3354 1022 3398 comtum
1054 3349 1370 3415 [incomtum]‚
1403 3349 1620 3400 Lacoenoe
1699 3350 1846 3407 ἀκτῆς
1881 3349 1970 3398 alii
1992 3349 2261 3399 incenatum.
2294 3348 2553 3414 Varieque
2576 3365 2632 3401 se
2653 3358 2757 3401 tor-

554 3423 696 3473 More
724 3440 901 3474 comam
933 3425 1140 3488 religata
1177 3426 1373 3489 nodum]
1405 3426 1620 3479 Habens
1699 3432 1862 3490 quent
1884 3433 1941 3474 ut
1961 3425 2273 3489 perturbata
2294 3425 2423 3474 satis
2448 3427 2612 3477 verba
2623 3427 2755 3483 ondi-

553 3516 750 3553 comam
764 3503 898 3552 nodo
913 3504 1182 3569 religatam
1203 3512 1421 3568 tantum,
1435 3519 1617 3568 parum
1697 3509 1841 3553 nent.
1909 3501 2104 3552 Verum
2160 3516 2278 3551 cum
2327 3501 2511 3552 eodem
2559 3504 2758 3565 recidat

552 3593 679 3629 vero
701 3588 946 3636 comtam,
968 3594 1112 3630 more
1147 3580 1432 3644 puellarum
1452 3581 1619 3630 Laco·
1700 3594 1876 3630 sensus
1910 3581 2182 3646 utrobique
2221 3594 2323 3630 non
2358 3581 2621 3647 obscurus,
2651 3598 2753 3634 non

553 3655 803 3719 nicarum,
838 3672 953 3722 quae
987 3671 1089 3707 non
1124 3658 1350 3722 eleganti
1384 3659 1617 3729 corporis
1699 3666 1782 3709 est
1804 3658 1880 3712 ita
1903 3659 1969 3708 de
1992 3667 2169 3713 cetero
2185 3660 2543 3714 laborandum.
