3059 4909
490 338 495 345 ’
527 354 654 422 132
1214 410 1221 419 .
1245 371 1315 431 Q.
1363 366 1688 418 nonaru
1739 367 2002 418 rbaocr

776 514 823 581 J
826 521 1014 581 actes
1044 517 1112 579 et
1137 533 1341 599 genus
1371 520 1436 579 et
1464 532 1699 587 nomen
1732 513 1965 580 inutile
1991 532 2010 593 3

784 618 904 684 Nil
936 616 1138 701 pictis
1169 617 1439 681 timidus
1475 616 1701 680 navita
1733 615 2076 699 puppibus

874 718 1089 783 Fidit:
1133 726 1225 797 tu,
1253 720 1388 783 nisi
1417 720 1637 783 ventis
1775 730 1780 735 '
2043 740 2052 747 ¹

958 823 1186 887 Debes
1215 821 1591 896 ludibrium,
1623 839 1818 885 cave.

786 926 1031 1010 Nuper
1059 925 1385 990 solicitum
1416 943 1567 1007 quae
1597 922 1761 987 mihi
1788 920 2088 997 taedium‚

790 1029 990 1094 Nunc
1020 1028 1426 1093 desiderium
1457 1045 1756 1110 curaque
1789 1044 1924 1090 non
1955 1024 2151 1099 leviS,

879 1130 1218 1195 Inter-fusa
1247 1123 1531 1193 nitentes

960 1232 1155 1298 Vites
1187 1250 1457 1316 aequora
1489 1230 1839 1314 Cycladas,

2643 1227 2731 1292 20

529 1408 748 1466 ostentes,
760 1416 1015 1467 vanamque
1032 1401 1237 1463 famam.
1306 1401 1474 1450 Nauia
1509 1401 1808 1451 meticulosus
1830 1402 1955 1450 haud
1991 1399 2188 1464 confidit
2206 1398 2349 1461 pictae
2383 1397 2549 1460 puppi.
2624 1395 2734 1444 Tibi

527 1470 758 1530 prospice,
780 1470 874 1518 nisi
902 1466 1057 1519 ventis
1077 1468 1127 1515 in
1138 1467 1302 1529 jocum
1323 1480 1372 1514 es
1393 1466 1652 1514 destinata.
1720 1466 1793 1515 Tu
1819 1481 1921 1530 quoe
1943 1466 2063 1515 milri
2090 1478 2239 1526 nuper
2267 1464 2508 1511 molestum
2541 1460 2734 1508 creabas

532 1532 858 1595 reclinandum
889 1548 1000 1582 vero
1022 1532 1304 1582 desiderium
1323 1545 1379 1579 ae
1395 1530 1749 1579 solicitudinem
1769 1531 1895 1580 houd
1917 1529 2298 1590 modicum,fitge
2320 1527 2472 1576 maria
2498 1525 2735 1589 Cyclados

531 1597 783 1647 emicantes
804 1597 1153 1662 interfluentia.

1453 1672 1816 1695 eeeeeeeeeeee

532 1779 584 1824 2.
608 1773 938 1837 improbante
975 1776 1115 1828 Jani.
1167 1777 1291 1826 mlo
1323 1791 1454 1826 voces
1494 1790 1630 1824 nnus
1664 1774 1968 1825 Bersmanni
2004 1779 2057 1824 et
2091 1773 2247 1822 Dess.
2266 1774 2444 1821 2.-13
2476 1772 2648 1844 ductes
2683 1773 2738 1817 tu

529 1840 720 1900 generis
739 1856 903 1890 nomen
923 1841 1094 1891 inutile
1115 1839 1259 1903 Lips.
1280 1845 1459 1890 4.-14
1494 1841 1649 1891 Galei
1675 1838 1843 1890 codex
1863 1841 2009 1890 bonae
2032 1846 2171 1914 notae
2194 1853 2274 1913 ap..
2314 1836 2486 1884 Bentl.
2521 1836 2738 1882 tumidus

531 1919 582 1952 n.
602 1919 651 1966 p.
675 1904 812 1954 Fidit
826 1921 853 1980 ,ζ
896 1906 1159 1983 scaligero
1185 1906 1399 1983 plaeuit‚
1435 1906 1645 1955 tumidus
1665 1922 1715 1955 n.
1746 1921 1798 1969 p.
1832 1905 1999 1981 Ridet.
2064 1904 2158 1951 Vir
2181 1902 2387 1966 quidam
2428 1901 2636 2012 dot-gu}J
2648 1912 2736 1960 ap.

529 1966 2039 2094 itum?3223}⁰2?P‡2⁸ffi·11¹22?5?54⁸;‡“?5⁶33“52
2062 1968 2738 2096 ‘133’352200228.¹0„„1¹.¹:35

535 2096 643 2160 alii,
677 2097 961 2158 Inter-susa.
1029 2099 1180 2150 Harl.
1202 2103 1251 2150 1.
1273 2104 1321 2149 ιι.
1348 2101 1600 2163 Cyclades.

1530 2229 1581 2278 N
1588 2227 1748 2279 OTAE

601 2327 663 2373 14
700 2326 793 2374 Nil
808 2325 952 2389 pictis
971 2326 1167 2377 timidus
1186 2327 1352 2378 navita
1365 2326 1598 2391 puppibus
1675 2341 1851 2378 versus
1876 2326 2163 2390 Augustum
2187 2325 2312 2376 belli
2336 2323 2503 2374 aleam
2525 2323 2742 2386 experi-

536 2402 702 2467 Fidit]
737 2404 817 2455 Ne
850 2405 1115 2476 splendori
1137 2407 1214 2457 tui
1235 2406 1452 2456 nominis
1473 2405 1597 2467 fide,
1673 2410 1838 2453 retur.
1902 2402 1997 2453 Ait
2038 2401 2194 2465 ergo:
2245 2399 2294 2450 Ο
2337 2399 2542 2464 publica
2578 2400 2744 2463 salus,

538 2493 570 2529 o
617 2480 933 2545 Respublica
984 2482 1233 2545 Romana,
1273 2482 1357 2532 vel
1411 2481 1596 2544 origini
1675 2495 1790 2546 quae
1813 2479 2024 2530 taedium
2058 2480 2182 2529 mibi
2217 2487 2340 2528 tunc
2375 2477 2643 2542 praebuisti
2669 2476 2740 2526 ob

535 2557 806 2620 preclaroe
825 2575 839 2608 ε
863 2571 1034 2623 neque
1052 2566 1128 2617 tu,
1144 2561 1331 2623 Brute,
1348 2567 1436 2609 aut
1451 2559 1596 2621 inge·

533 2634 659 2683 nitae
682 2634 958 2699 nobilitati,
980 2645 1070 2687 aut
1091 2638 1316 2702 propriae
1332 2634 1596 2686 existima·

533 2709 683 2759 tioni.
746 2711 881 2762 Sunt
901 2712 1037 2762 enim
1057 2713 1175 2765 haec
1198 2728 1331 2765 vana
1350 2710 1597 2776 praesidia

536 2781 603 2835 ιε’
622 2785 965 2837 firmamenta.

604 2860 822 2910 Timidus
850 2861 1041 2924 muita]
1083 2862 1168 2912 Ne
1190 2876 1310 2912 cum
1331 2862 1597 2925 scaligero

534 2942 691 2997 putes
730 2936 1011 2999 legendnm
1045 2938 1269 2987 tusuidus.
1338 2938 1436 2986 Est
1458 2939 1597 2986 enim

533 3011 731 3060 timidus
757 3013 1022 3076 epitheton
1056 3014 1228 3063 nautis
1251 3027 1455 3076 semper
1476 3028 1597 3063 con-

536 3087 768 3150 veniens,
805 3096 861 3137 et
897 3088 983 3138 hic
1018 3090 1260 3140 maxime.
1338 3091 1426 3140 Sic
1461 3092 1597 3141 enim

534 3161 855 3224 significatur
876 3172 1031 3215 nauta
1054 3166 1339 3230 prudenter
1359 3176 1598 3218 metuens

535 3238 710 3287 omnia
743 3240 808 3288 ab
830 3239 989 3290 infido
1012 3242 1159 3305 mari,
1179 3241 1244 3290 ab
1277 3242 1599 3293 instabilibus

535 3315 725 3373 ventis,
778 3331 808 3365 a
850 3317 1136 3380 repentinis
1183 3319 1597 3383 tempestatibus,

536 3402 666 3437 cum
678 3392 969 3452 praesertim
991 3394 1196 3443 vehitur
1223 3396 1342 3445 navi
1371 3395 1480 3459 jam
1505 3395 1595 3444 de-

537 3461 756 3516 bilitata.

556 3584 561 3587 .
604 3545 664 3589 15
702 3542 820 3591 Nisi
858 3545 1011 3594 veneis
1047 3545 1205 3596 Debes
1239 3547 1514 3608 ludibrium]
1547 3546 1596 3596 A

534 3618 674 3668 bello
687 3620 882 3684 desine,
905 3623 1099 3688 nisiyis
1116 3623 1335 3674 fortunae
1344 3625 1596 3687 jocantis,

539 3702 632 3744 ant
665 3697 853 3746 Martis
889 3700 1190 3756 eommunis,
1225 3706 1316 3748 aut
1338 3700 1496 3749 etiam
1518 3698 1597 3749 fa·

537 3776 706 3821 torum
731 3774 1009 3825 ludibrium
1033 3790 1166 3825 esse.

556 3898 563 3905 ,
602 3853 663 3898 17
688 3851 859 3914 Nuper,
871 3851 1104 3901 solicitum
1125 3866 1229 3915 quoe
1249 3852 1369 3902 anilii
1384 3852 1598 3909 milium,

533 3925 642 3989 ξω]
669 3927 988 3977 Militaverat
1008 3928 1255 3978 Horatius
1288 3930 1383 3980 sub
1418 3929 1600 3979 Cassio

534 4007 592 4049 et
610 4000 777 4050 Bruto
797 4016 812 4061 ;
849 4009 1033 4065 postea
1049 4008 1222 4052 tamen
1235 4004 1472 4066 Augusto
1490 4007 1597 4054 vic·

537 4075 643 4124 tori
679 4076 984 4125 conciliatus
1024 4078 1228 4127 veniam
1263 4080 1594 4130 obtinuerat:

536 4150 652 4197 haec
674 4157 846 4198 antem
867 4152 1132 4216 scripsisse
1151 4151 1322 4203 fertur
1344 4164 1461 4220 post
1476 4158 1600 4206 Cas·

540 4225 669 4272 sium
693 4239 899 4290 caesum,
918 4236 974 4280 et
996 4235 1272 4296 antequam
1289 4232 1482 4282 Brutus
1506 4233 1596 4283 ad·

1676 2557 2067 2607 diuturnitatem
2106 2556 2473 2605 discordiarum
2507 2568 2569 2602 ac
2604 2553 2743 2602 mili-

1677 2635 1763 2685 tiae
1777 2635 2001 2698 labores,
2014 2649 2149 2684 nunc
2161 2639 2333 2684 antem
2355 2631 2741 2682 solicitudinem

1676 2719 1732 2761 et
1755 2725 1928 2761 euram
1950 2719 2164 2776 priestas
2186 2709 2254 2760 ob
2275 2724 2435 2759 novos
2469 2709 2750 2767 tumultus,

1676 2802 1770 2838 eur
1806 2788 2017 2838 evidens
2052 2787 2356 2852 periculum,
2388 2787 2619 2850 talesque
2648 2800 2742 2835 an-

1678 2863 1874 2927 gustias
1890 2874 2076 2926 sponte
2097 2862 2234 2912 adis?
2301 2862 2402 2911 Vel
2424 2861 2487 2910 ad
2511 2863 2741 2911 Brutum

1678 2941 1940 3005 loquitur:
1977 2940 2025 2990 O
2048 2941 2238 2999 Brute,
2257 2939 2346 3003 qui
2371 2940 2626 2988 solicitum
2655 2954 2742 2999 me
2817 2947 2822 2953 '

1680 3016 1899 3065 habuisti
1920 3016 1986 3065 de
2010 3021 2198 3065 eventu
2222 3015 2367 3078 belli,
2389 3014 2485 3064 sub
2509 3015 2611 3062 tuis
2634 3016 2743 3078 sig·

1679 3093 1757 3140 nis
1797 3097 2102 3150 merentem,
2148 3105 2287 3140 nunc
2338 3099 2510 3138 autem
2556 3090 2636 3138 tui
2680 3106 2743 3139 ac

1679 3166 1953 3230 libertatis,
1989 3182 2140 3232 quam
2185 3166 2433 3223 uindices,
2473 3165 2745 3227 desiderio

1680 3243 1898 3303 crucias,
1934 3257 2052 3292 cum
2099 3243 2367 3308 praeeisam
2403 3243 2583 3291 salutis
2629 3250 2742 3292 tuae

1680 3334 1824 3383 spem
1846 3319 2015 3368 animo
2045 3319 2154 3382 jam
2191 3318 2509 3382 concipiam3
2545 3318 2587 3366 si
2610 3318 2742 3368 mihi

1678 3395 1867 3457 credis,
1903 3406 1969 3445 ne
2008 3395 2232 3459 Augusti
2277 3402 2447 3458 partes
2491 3393 2745 3445 fortiores

1678 3472 1873 3523 lacesse
1892 3489 1908 3534 ;
1932 3486 2068 3536 pone
2087 3486 2387 3536 arma‚neve
2403 3478 2509 3520 tam
2531 3473 2747 3534 pericu-

1676 3548 1800 3597 losae
1845 3550 2022 3612 plenos
2066 3550 2194 3599 aleae
2237 3549 2440 3598 labores
2478 3549 2743 3600 incassum

1678 3625 1791 3675 subi
1814 3642 1826 3674 ι
1863 3626 2017 3675 immo
2040 3623 2377 3675 conciliandae
2403 3625 2547 3688 pacis
2571 3628 2743 3675 consi-

1678 3699 1748 3749 lia
1782 3707 1840 3749 et
1873 3699 2101 3749 rationes
2139 3698 2230 3749 ini.
2296 3698 2433 3748 Vide
2465 3713 2530 3748 n.
2555 3700 2665 3751 od.
2690 3706 2740 3751 7.

1679 3781 1733 3825 et
1756 3790 1820 3827 ιι.
1846 3778 2011 3843 Epist.
2039 3780 2088 3826 2.

1740 3857 1806 3904 20
1842 3851 2095 3916 Cyclados]
2151 3850 2340 3900 Insulae
2376 3856 2499 3900 sunt
2520 3851 2742 3914 circiter

1679 3929 2072 3995 quinquaginta,
2091 3926 2146 3976 in
2170 3926 2348 3990 AEgoeo
2370 3927 2500 3976 mari
2522 3927 2577 3976 in
2599 3930 2743 3993 cycli

1679 4018 1842 4069 prope
1882 4001 2097 4053 formam
2132 4002 2430 4065 dispositae:
2466 3986 2584 4067 q‘uae
2625 4006 2744 4068 qni·

1678 4082 1795 4132 dem
1817 4080 1885 4130 ob
1908 4080 2207 4144 frequentes
2227 4079 2482 4142 scopulos,
2502 4085 2559 4128 et
2579 4082 2744 4130 maris

1678 4157 1963 4220 angustias,
2004 4155 2135 4204 adiri
2180 4162 2271 4204 aut
2305 4155 2741 4220 circumnavigari

1678 4236 1765 4285 vix
1787 4234 1917 4285 citra
1940 4233 2224 4297 periculum
2248 4238 2483 4297 possunt.
