3059 4909
531 341 620 407 42
1225 362 1320 411 DE
1367 321 1650 418 Mss‘rfus
1695 368 2041 423 HoRA'rn.

534 499 795 561 Secundi
823 504 1056 583 generis
1080 506 1232 568 Odae
1255 510 1356 567 26.

613 596 738 658 Lib.
770 618 819 658 1.
850 599 983 662 Ode
1068 606 1127 663 2.
1168 604 1306 664 Jam
1335 605 1481 666 satis
1512 609 1681 669 terris
1708 610 1862 673 nivis
1899 623 2075 694 atque
2104 614 2270 678 dirae.

1040 702 1134 761 10.
1178 700 1458 774 Mercuri,
1487 703 1743 767 facunde
1771 728 1958 790 nepos
1987 712 2268 774 Atlantis.

1039 798 1133 857 12.
1177 796 1369 865 Quem
1399 800 1585 860 virum
1615 811 1718 863 aut
1742 803 1926 867 heroa
1944 807 2071 889 lyra
2097 810 2191 872 vel
2221 812 2362 871 acri.

1031 895 1131 953 20.
1175 893 1310 954 Vile
1330 897 1563 975 potabis
1590 898 1838 962 modicis
1869 904 2172 967 Sabinum.

1030 993 1132 1051 22.
1180 991 1417 1072 Integer
1445 993 1583 1054 vitae
1613 998 1968 1079 scelerisque
1995 1023 2198 1082 purus.

1036 1090 1135 1150 25.
1178 1088 1423 1151 Parcius
1445 1091 1686 1171 junctas
1714 1091 2331 1175 quatiunt'fenestras.

1032 1188 1131 1245 30.
1175 1186 1230 1246 O
1252 1187 1474 1261 Venu8‚
1504 1192 1710 1271 regina
1740 1193 1918 1253 Cnidi
1943 1195 2271 1277 Paphique.

1033 1285 1131 1342 32.
1176 1280 1487 1346 Poscimus
1514 1287 1565 1346 si
1593 1288 1736 1367 quid
1764 1291 1939 1352 vacui
1967 1283 2078 1351 sub
2110 1293 2337 1354 umbra.

1034 1380 1132 1439 38.
1176 1378 1449 1443 Persicos
1477 1384 1601 1456 odi,
1628 1406 1795 1466 puer,
1822 1400 2159 1468 apparatus.

741 1490 818 1531 11.
1081 1480 1141 1537 2.
1184 1477 1402 1540 Nullus
1432 1492 1680 1561 argento
1709 1484 1875 1546 color
1901 1497 1996 1547 est
2021 1487 2237 1548 avaris.

1072 1576 1136 1635 4.
1179 1574 1271 1635 Ne
1302 1576 1382 1636 sit
1408 1578 1643 1639 ancillae
1669 1580 1773 1641 tibi
1804 1601 1969 1643 amor
1999 1583 2234 1663 pudori.

1073 1671 1135 1731 6.
1180 1668 1427 1752 Septimi
1455 1674 1661 1738 Gades
1692 1678 1922 1740 aditure
1949 1700 2200 1741 mecum.

1072 1769 1129 1825 8.
1175 1768 1312 1829 Ulla
1343 1771 1392 1830 si
1419 1770 1573 1851 juris
1602 1774 1710 1834 tibi
1736 1776 2004 1857 pejerati.

1040 1865 1135 1924 10.
1177 1864 1425 1927 Rectius
1452 1870 1635 1945 vives,
1662 1872 1869 1946 Licini,
1898 1892 2091 1956 neque
2121 1874 2325 1934 altum.

1036 1961 1133 2021 16.
1180 1960 1383 2023 Otium
1414 1965 1602 2027 Divos
1632 1978 1805 2048 rogat
1832 1970 1888 2028 in
1910 1971 2161 2051 patenti.

708 2071 818 2113 111.
1072 2060 1131 2116 8.
1174 2058 1410 2121 Martiis
1438 2063 1659 2123 coelebs
1688 2064 1832 2143 quid
1863 2084 2037 2145 agam
2069 2064 2379 2126 Kalendis,

1032 2153 1127 2210 11.
1172 2152 1455 2230 Mercuri,
1478 2167 1702 2220 nam'te
1729 2158 1941 2221 docilis
1968 2162 2274 2242 magistro.

1035 2248 1130 2309 14.
1174 2248 1451 2313 Herculis
1478 2254 1595 2314 ritu
1626 2257 1804 2317 modo
1832 2255 2048 2332 dictus,
2075 2279 2112 2319 o
2140 2259 2328 2339 plebs.

1038 2344 1132 2402 18.
1176 2345 1379 2409 Faune
1411 2349 1821 2432 Nympharum
1847 2354 2177 2433 fugientum
2206 2365 2451 2416 amator.

1030 2442 1129 2503 20.
1174 2443 1314 2504 Non
1342 2444 1509 2508 vides
1538 2458 1765 2530 quanto
1792 2469 2032 2511 moveas
2058 2451 2299 2533 periclo.

1030 2542 1130 2599 22.
1174 2539 1471 2624 Montgium
1499 2556 1703 2607 custos
1733 2550 2156 2627 nemorumque
2184 2549 2372 2629 virgo,

1028 2638 1129 2697 27.
1172 2638 1391 2721 Impios
1419 2662 1611 2721 parrae
1640 2643 1956 2704 recinentis
1984 2663 2175 2704 omen.

722 2746 817 2787 ιν.
1071 2737 1131 2793 2.
1176 2733 1500 2797 Pindarum
1533 2738 1800 2817 quisquis
1833 2739 2032 2799 studet
2059 2742 2342 2801 aemulari.
2435 2813 2438 2816 ,

1065 2828 1122 2885 6.
1168 2827 1340 2901 Dive,
1372 2850 1546 2909 quem
1578 2833 1774 2911 proles
1805 2834 2040 2894 Niobea
2062 2855 2315 2915 magnae.

1040 2925 1135 2982 ll.
1179 2924 1290 2986 Est
1314 2925 1457 2986 mihi
1488 2946 1712 2989 nonum
1739 2926 2073 3012 superantis
2102 2951 2344 2994 annum.

604 3013 797 3092 Epod.
926 3038 1135 3078 xvn1.
1178 3020 1423 3097 Phoebe,
1453 3025 1869 3108 sylvarumque
1897 3037 2110 3109 potens
2140 3029 2359 3092 Diana.

518 3165 523 3170 ⁵
601 3190 918 3255 Tan-num
960 3217 1221 3262 onnus:
1269 3210 1339 3262 ut
1383 3223 1435 3265 1.
1484 3178 1605 3265 Od.
1652 3177 1710 3267 3.
1756 3225 1892 3286 quae
1942 3177 2036 3268 est
2065 3205 2311 3288 Dicplos
2342 3206 2720 3287 Distrophos.

522 3284 756 3348 Primus
809 3293 1062 3374 quisque
1119 3316 1321 3359 versus
1386 3309 1480 3360 est
1535 3299 1982 3365 Choriambicus
2058 3302 2388 3382 Glyconius
2438 3301 2724 3362 Trimeter

520 3381 941 3449 Acatalectus.
986 3404 1271 3456 constans
1319 3415 1353 3455 e
1392 3396 1718 3476 Spondaeo,
1749 3398 2128 3471 choriambo,
2162 3406 2224 3459 et
2261 3397 2582 3479 Pyrricbio,
2625 3397 2722 3459 vel

528 3477 768 3551 Iambo;
802 3486 928 3547 sic.

774 3614 864 3666 Sic
890 3623 943 3667 te
965 3643 1046 3655 --
1086 3620 1229 3671 Diva
1252 3627 1441 3686 potens
1463 3645 1617 3676 -υυ-
1660 3623 1821 3688 Cypri
1844 3647 1921 3677 υ-

524 3789 538 3809 2
598 3739 912 3804 Secundus
937 3764 1077 3806 vero
1106 3749 1358 3831 quisque
1389 3752 1839 3814 Choriambicus
1879 3751 2308 3833 Asclepiadeus
2358 3750 2725 3812 Tetrameter
2813 3727 2818 3730 v

522 3834 945 3900 Acatalectus:
988 3860 1022 3901 e
1067 3841 1391 3923 Spondaeo,
1428 3848 1666 3912 duobus
1703 3847 2101 3921 Choriambis,
2139 3857 2200 3907 et
2231 3846 2601 3928 Pyrrhichio‚
2629 3844 2724 3906 vel

527 3929 767 4000 Iambo;
799 3934 924 3994 sic.

706 4076 794 4129 Sic
814 4077 899 4131 fra
918 4106 998 4120 --
1023 4086 1129 4134 tres
1150 4083 1381 4146 ,Helenae
1404 4110 1556 4141 -υυ-
1598 4089 1775 4141 lucida
1796 4089 1842 4141 si
1863 4114 2017 4144 -υυ-
2060 4088 2186 4141 deta
2207 4112 2294 4142 υυ

1199 4175 1278 4186 --
1341 4173 1490 4203 -w-
1553 4177 1630 4205 υ-

1312 4240 1421 4276 --,
1455 4241 1608 4273 *w-
1671 4242 1832 4274 -υυ-
1892 4243 1979 4273 w
