<?xml version="1.0" encoding="UTF-8"?>
<!DOCTYPE html PUBLIC "-//W3C//DTD XHTML 1.0 Transitional//EN"
    "http://www.w3.org/TR/xhtml1/DTD/xhtml1-transitional.dtd">
<html xmlns="http://www.w3.org/1999/xhtml" xml:lang="en" lang="en">
 <head>
  <title>
</title>
<meta http-equiv="Content-Type" content="text/html;charset=utf-8" />
  <meta name='ocr-system' content='tesseract 3.04.00' />
  <meta name='ocr-capabilities' content='ocr_page ocr_carea ocr_par ocr_line ocrx_word'/>
</head>
<body>
  <div class='ocr_page' id='page_1' title='image "./quintihoratiifl00unkngoog_0123.png"; bbox 0 0 3059 4909; ppageno 0'>
   <div class='ocr_carea' id='block_1_1' title="bbox 991 385 1850 456">
    <p class='ocr_par' dir='ltr' id='par_1_1' title="bbox 991 385 1850 456">
     <span class='ocr_line' id='line_1_1' title="bbox 991 385 1850 456; baseline -0.001 -3"><span class='ocrx_word' id='word_1_1' title='bbox 991 401 1408 456; x_wconf 58' lang='lat' dir='ltr'>canuti-run</span> <span class='ocrx_word' id='word_1_2' title='bbox 1457 402 1603 454; x_wconf 67' lang='lat' dir='ltr'>nto.</span> <span class='ocrx_word' id='word_1_3' title='bbox 1649 402 1698 452; x_wconf 84' lang='lat'>1.</span> <span class='ocrx_word' id='word_1_4' title='bbox 1745 385 1850 453; x_wconf 86' lang='grc'>11.</span> 
     </span>
    </p>
   </div>
   <div class='ocr_carea' id='block_1_2' title="bbox 2379 390 2512 459">
    <p class='ocr_par' dir='ltr' id='par_1_2' title="bbox 2379 390 2512 459">
     <span class='ocr_line' id='line_1_2' title="bbox 2379 390 2512 459; baseline 0.015 -2"><span class='ocrx_word' id='word_1_5' title='bbox 2379 390 2512 459; x_wconf 80' lang='grc'><strong>113</strong></span> 
     </span>
    </p>
   </div>
   <div class='ocr_carea' id='block_1_3' title="bbox 489 548 2336 842">
    <p class='ocr_par' dir='ltr' id='par_1_3' title="bbox 489 548 2336 842">
     <span class='ocr_line' id='line_1_3' title="bbox 494 548 2268 635; baseline 0.002 -20"><span class='ocrx_word' id='word_1_6' title='bbox 494 549 735 617; x_wconf 81' lang='lat' dir='ltr'><strong>Finem</strong></span> <span class='ocrx_word' id='word_1_7' title='bbox 759 551 851 616; x_wconf 86' lang='lat' dir='ltr'>Di</span> <span class='ocrx_word' id='word_1_8' title='bbox 879 549 1203 630; x_wconf 73' lang='lat' dir='ltr'><strong>dederint,</strong></span> <span class='ocrx_word' id='word_1_9' title='bbox 1233 548 1639 632; x_wconf 41' lang='lat' dir='ltr'>lencona&amp;</span> <span class='ocrx_word' id='word_1_10' title='bbox 1689 564 1820 616; x_wconf 72' lang='lat' dir='ltr'>nee</span> <span class='ocrx_word' id='word_1_11' title='bbox 1844 548 2268 635; x_wconf 74' lang='lat' dir='ltr'>Babylonios</span> 
     </span>
     <span class='ocr_line' id='line_1_4' title="bbox 490 652 2336 742; baseline 0.003 -24"><span class='ocrx_word' id='word_1_12' title='bbox 490 653 805 719; x_wconf 62' lang='lat' dir='ltr'>&#39;tentaris</span> <span class='ocrx_word' id='word_1_13' title='bbox 827 670 1153 719; x_wconf 73' lang='lat' dir='ltr'>numeroS.</span> <span class='ocrx_word' id='word_1_14' title='bbox 1225 652 1329 718; x_wconf 85' lang='lat' dir='ltr'>Ut</span> <span class='ocrx_word' id='word_1_15' title='bbox 1347 652 1607 733; x_wconf 70' lang='lat' dir='ltr'>melina,</span> <span class='ocrx_word' id='word_1_16' title='bbox 1637 655 1957 738; x_wconf 81' lang='lat' dir='ltr'>quicquid</span> <span class='ocrx_word' id='word_1_17' title='bbox 1990 657 2130 733; x_wconf 72' lang='lat' dir='ltr'>erit,</span> <span class='ocrx_word' id='word_1_18' title='bbox 2160 657 2336 742; x_wconf 83' lang='lat' dir='ltr'>pati!</span> 
     </span>
     <span class='ocr_line' id='line_1_5' title="bbox 489 754 2260 842; baseline 0.003 -22"><span class='ocrx_word' id='word_1_19' title='bbox 489 754 625 821; x_wconf 90' lang='lat' dir='ltr'>Seu</span> <span class='ocrx_word' id='word_1_20' title='bbox 654 756 883 842; x_wconf 88' lang='lat' dir='ltr'>plures</span> <span class='ocrx_word' id='word_1_21' title='bbox 911 755 1209 840; x_wconf 82' lang='lat' dir='ltr'>hyemeS,</span> <span class='ocrx_word' id='word_1_22' title='bbox 1241 775 1359 820; x_wconf 90' lang='lat' dir='ltr'>seu</span> <span class='ocrx_word' id='word_1_23' title='bbox 1388 755 1619 822; x_wconf 84' lang='lat' dir='ltr'>tribuit</span> <span class='ocrx_word' id='word_1_24' title='bbox 1646 755 1910 842; x_wconf 81' lang='lat' dir='ltr'>Jupiter</span> <span class='ocrx_word' id='word_1_25' title='bbox 1940 758 2260 840; x_wconf 84' lang='lat' dir='ltr'>ultimam,</span> 
     </span>
    </p>
   </div>
   <div class='ocr_carea' id='block_1_4' title="bbox 316 919 2514 1052">
    <p class='ocr_par' dir='ltr' id='par_1_4' title="bbox 316 919 2514 1052">
     <span class='ocr_line' id='line_1_6' title="bbox 316 919 2512 984; baseline 0 -15"><span class='ocrx_word' id='word_1_26' title='bbox 316 922 417 970; x_wconf 77' lang='lat' dir='ltr'>rint</span> <span class='ocrx_word' id='word_1_27' title='bbox 445 921 658 970; x_wconf 69' lang='lat' dir='ltr'>Numina</span> <span class='ocrx_word' id='word_1_28' title='bbox 676 922 926 973; x_wconf 72' lang='lat' dir='ltr'>terminum</span> <span class='ocrx_word' id='word_1_29' title='bbox 945 921 1080 972; x_wconf 65' lang='grc' dir='ltr'><strong>νέω.</strong></span> <span class='ocrx_word' id='word_1_30' title='bbox 1148 919 1315 983; x_wconf 64' lang='lat' dir='ltr'>Neque</span> <span class='ocrx_word' id='word_1_31' title='bbox 1347 919 1596 984; x_wconf 70' lang='lat' dir='ltr'>experiare</span> <span class='ocrx_word' id='word_1_32' title='bbox 1620 921 1901 972; x_wconf 70' lang='lat' dir='ltr'><strong><em>Chaldaicos</em></strong></span> <span class='ocrx_word' id='word_1_33' title='bbox 1931 922 2163 972; x_wconf 76' lang='lat' dir='ltr'>ealculos:</span> <span class='ocrx_word' id='word_1_34' title='bbox 2194 923 2419 973; x_wconf 71' lang='lat' dir='ltr'>intentius</span> <span class='ocrx_word' id='word_1_35' title='bbox 2440 926 2512 971; x_wconf 76' lang='lat' dir='ltr'>to-</span> 
     </span>
     <span class='ocr_line' id='line_1_7' title="bbox 318 985 2514 1052; baseline 0.001 -16"><span class='ocrx_word' id='word_1_36' title='bbox 318 986 470 1037; x_wconf 75' lang='lat' dir='ltr'>lerare</span> <span class='ocrx_word' id='word_1_37' title='bbox 490 989 801 1052; x_wconf 72' lang='lat' dir='ltr'>quodcumqae</span> <span class='ocrx_word' id='word_1_38' title='bbox 819 987 1046 1038; x_wconf 79' lang='lat' dir='ltr'>acciderit</span> <span class='ocrx_word' id='word_1_39' title='bbox 1059 1003 1076 1036; x_wconf 91' lang='lat'>.·</span> <span class='ocrx_word' id='word_1_40' title='bbox 1097 985 1198 1036; x_wconf 78' lang='lat' dir='ltr'>sive</span> <span class='ocrx_word' id='word_1_41' title='bbox 1217 985 1390 1035; x_wconf 66' lang='lat' dir='ltr'>mutuas</span> <span class='ocrx_word' id='word_1_42' title='bbox 1409 985 1595 1048; x_wconf 70' lang='lat' dir='ltr'>hyemes</span> <span class='ocrx_word' id='word_1_43' title='bbox 1612 987 1807 1051; x_wconf 75' lang='lat' dir='ltr'>Jupiter</span> <span class='ocrx_word' id='word_1_44' title='bbox 1825 989 2081 1052; x_wconf 72' lang='lat' dir='ltr'>largiatur,</span> <span class='ocrx_word' id='word_1_45' title='bbox 2102 990 2203 1038; x_wconf 82' lang='lat' dir='ltr'>sive</span> <span class='ocrx_word' id='word_1_46' title='bbox 2228 993 2514 1052; x_wconf 73' lang='lat' dir='ltr'>postremam</span> 
     </span>
    </p>
   </div>
   <div class='ocr_carea' id='block_1_5' title="bbox 1238 1112 1600 1136">
    <p class='ocr_par' dir='ltr' id='par_1_5' title="bbox 1238 1112 1600 1136">
     <span class='ocr_line' id='line_1_8' title="bbox 1238 1112 1600 1136; baseline 0.008 -3"><span class='ocrx_word' id='word_1_47' title='bbox 1238 1112 1356 1134; x_wconf 65' lang='lat'>0000</span> <span class='ocrx_word' id='word_1_48' title='bbox 1361 1113 1600 1136; x_wconf 61' lang='lat' dir='ltr'>emm</span> 
     </span>
    </p>
   </div>
   <div class='ocr_carea' id='block_1_6' title="bbox 319 1189 1797 1249">
    <p class='ocr_par' dir='ltr' id='par_1_6' title="bbox 319 1189 1797 1249">
     <span class='ocr_line' id='line_1_9' title="bbox 319 1189 1797 1249; baseline 0 -3"><span class='ocrx_word' id='word_1_49' title='bbox 319 1201 434 1247; x_wconf 71' lang='lat'>329.</span> <span class='ocrx_word' id='word_1_50' title='bbox 455 1189 530 1246; x_wconf 73' lang='lat' dir='ltr'>&#39;et</span> <span class='ocrx_word' id='word_1_51' title='bbox 550 1197 683 1248; x_wconf 81' lang='lat' dir='ltr'>Met.</span> <span class='ocrx_word' id='word_1_52' title='bbox 708 1193 769 1248; x_wconf 70' lang='lat'>1‘1.</span> <span class='ocrx_word' id='word_1_53' title='bbox 790 1201 971 1248; x_wconf 78' lang='lat'>5⁷.-2</span> <span class='ocrx_word' id='word_1_54' title='bbox 1006 1197 1077 1246; x_wconf 74' lang='lat' dir='ltr'>Di</span> <span class='ocrx_word' id='word_1_55' title='bbox 1097 1200 1325 1247; x_wconf 75' lang='lat' dir='ltr'>dederunt</span> <span class='ocrx_word' id='word_1_56' title='bbox 1346 1197 1513 1248; x_wconf 82' lang='lat' dir='ltr'>codex</span> <span class='ocrx_word' id='word_1_57' title='bbox 1553 1198 1797 1249; x_wconf 74' lang='lat' dir='ltr'>Bentleii.</span> 
     </span>
    </p>
   </div>
   <div class='ocr_carea' id='block_1_7' title="bbox 1861 1197 2512 1262">
    <p class='ocr_par' dir='ltr' id='par_1_7' title="bbox 1861 1197 2512 1262">
     <span class='ocr_line' id='line_1_10' title="bbox 1861 1197 2512 1262; baseline 0 -12"><span class='ocrx_word' id='word_1_58' title='bbox 1861 1199 2123 1250; x_wconf 64' lang='lat' dir='ltr'>Leucothoe·</span> <span class='ocrx_word' id='word_1_59' title='bbox 2154 1200 2315 1249; x_wconf 89' lang='lat' dir='ltr'>Mart.</span> <span class='ocrx_word' id='word_1_60' title='bbox 2352 1197 2512 1262; x_wconf 83' lang='lat' dir='ltr'>Cruq.</span> 
     </span>
    </p>
   </div>
   <div class='ocr_carea' id='block_1_8' title="bbox 319 1260 2514 1327">
    <p class='ocr_par' dir='ltr' id='par_1_8' title="bbox 319 1260 2514 1327">
     <span class='ocr_line' id='line_1_11' title="bbox 319 1260 2514 1327; baseline 0.001 -18"><span class='ocrx_word' id='word_1_61' title='bbox 319 1270 372 1311; x_wconf 87' lang='lat' dir='ltr'>et</span> <span class='ocrx_word' id='word_1_62' title='bbox 393 1263 604 1325; x_wconf 85' lang='lat' dir='ltr'>quidam</span> <span class='ocrx_word' id='word_1_63' title='bbox 641 1277 728 1326; x_wconf 89' lang='lat' dir='ltr'>ap.</span> <span class='ocrx_word' id='word_1_64' title='bbox 752 1263 1000 1314; x_wconf 84' lang='lat' dir='ltr'>Glarean.</span> <span class='ocrx_word' id='word_1_65' title='bbox 1039 1262 1165 1312; x_wconf 87' lang='lat' dir='ltr'>item</span> <span class='ocrx_word' id='word_1_66' title='bbox 1209 1260 1327 1313; x_wconf 72' lang='grc' dir='ltr'><strong>ΑΜ.</strong></span> <span class='ocrx_word' id='word_1_67' title='bbox 1364 1262 1556 1312; x_wconf 75' lang='lat' dir='ltr'>venet.</span> <span class='ocrx_word' id='word_1_68' title='bbox 1579 1267 1724 1314; x_wconf 82' lang='grc'><strong>1491.</strong></span> <span class='ocrx_word' id='word_1_69' title='bbox 1763 1271 1822 1314; x_wconf 88' lang='lat' dir='ltr'>et</span> <span class='ocrx_word' id='word_1_70' title='bbox 1853 1265 2068 1315; x_wconf 84' lang='lat' dir='ltr'>Locher.</span> <span class='ocrx_word' id='word_1_71' title='bbox 2101 1279 2190 1314; x_wconf 72' lang='lat' dir='ltr'>neu</span> <span class='ocrx_word' id='word_1_72' title='bbox 2224 1263 2514 1327; x_wconf 71' lang='lat' dir='ltr'>Babylonios</span> 
     </span>
    </p>
   </div>
   <div class='ocr_carea' id='block_1_9' title="bbox 318 1327 448 1377">
    <p class='ocr_par' dir='ltr' id='par_1_9' title="bbox 318 1327 448 1377">
     <span class='ocr_line' id='line_1_12' title="bbox 318 1327 448 1377; baseline -0.015 0"><span class='ocrx_word' id='word_1_73' title='bbox 318 1327 448 1377; x_wconf 85' lang='lat' dir='ltr'>Cuni</span> 
     </span>
    </p>
   </div>
   <div class='ocr_carea' id='block_1_10' title="bbox 454 1327 2518 1393">
    <p class='ocr_par' dir='ltr' id='par_1_10' title="bbox 454 1327 2518 1393">
     <span class='ocr_line' id='line_1_13' title="bbox 454 1327 2518 1393; baseline 0.001 -16"><span class='ocrx_word' id='word_1_74' title='bbox 454 1343 542 1391; x_wconf 85' lang='lat' dir='ltr'>ug.</span> <span class='ocrx_word' id='word_1_75' title='bbox 563 1334 618 1377; x_wconf 91' lang='lat' dir='ltr'>et</span> <span class='ocrx_word' id='word_1_76' title='bbox 640 1328 863 1377; x_wconf 69' lang='lat' dir='ltr'>Sam—3</span> <span class='ocrx_word' id='word_1_77' title='bbox 899 1328 1165 1393; x_wconf 68' lang='lat' dir='ltr'>Temptaris</span> <span class='ocrx_word' id='word_1_78' title='bbox 1186 1332 1293 1377; x_wconf 86' lang='lat' dir='ltr'>tres</span> <span class='ocrx_word' id='word_1_79' title='bbox 1329 1327 1482 1377; x_wconf 88' lang='lat' dir='ltr'>codd.</span> <span class='ocrx_word' id='word_1_80' title='bbox 1503 1329 1828 1379; x_wconf 80' lang='lat' dir='ltr'>Bersmanni.</span> <span class='ocrx_word' id='word_1_81' title='bbox 1895 1330 1973 1380; x_wconf 73' lang='lat' dir='ltr'>Sit</span> <span class='ocrx_word' id='word_1_82' title='bbox 2007 1330 2175 1380; x_wconf 71' lang='lat' dir='ltr'>melius</span> <span class='ocrx_word' id='word_1_83' title='bbox 2202 1330 2434 1390; x_wconf 84' lang='lat' dir='ltr'>Crusius,</span> <span class='ocrx_word' id='word_1_84' title='bbox 2456 1335 2518 1379; x_wconf 84' lang='lat' dir='ltr'>at</span> 
     </span>
    </p>
   </div>
   <div class='ocr_carea' id='block_1_11' title="bbox 318 1390 2515 1541">
    <p class='ocr_par' dir='ltr' id='par_1_11' title="bbox 318 1390 2515 1541">
     <span class='ocr_line' id='line_1_14' title="bbox 320 1390 2515 1458; baseline 0.001 -18"><span class='ocrx_word' id='word_1_85' title='bbox 320 1390 462 1441; x_wconf 85' lang='lat' dir='ltr'>Best.</span> <span class='ocrx_word' id='word_1_86' title='bbox 486 1392 551 1441; x_wconf 90' lang='lat' dir='ltr'>de</span> <span class='ocrx_word' id='word_1_87' title='bbox 573 1393 692 1444; x_wconf 85' lang='lat' dir='ltr'>Rat.</span> <span class='ocrx_word' id='word_1_88' title='bbox 713 1392 934 1442; x_wconf 86' lang='lat' dir='ltr'>Emend.</span> <span class='ocrx_word' id='word_1_89' title='bbox 959 1396 1039 1443; x_wconf 88' lang='grc'>18.</span> <span class='ocrx_word' id='word_1_90' title='bbox 1063 1407 1114 1456; x_wconf 94' lang='lat' dir='ltr'>p.</span> <span class='ocrx_word' id='word_1_91' title='bbox 1136 1395 1248 1442; x_wconf 78' lang='lat'>199.</span> <span class='ocrx_word' id='word_1_92' title='bbox 1282 1390 1353 1443; x_wconf 77' lang='lat' dir='ltr'>At</span> <span class='ocrx_word' id='word_1_93' title='bbox 1372 1392 1541 1442; x_wconf 79' lang='lat' dir='ltr'>melius</span> <span class='ocrx_word' id='word_1_94' title='bbox 1562 1394 1739 1444; x_wconf 80' lang='lat' dir='ltr'>Burni.</span> <span class='ocrx_word' id='word_1_95' title='bbox 1763 1394 1828 1443; x_wconf 89' lang='lat' dir='ltr'>ad</span> <span class='ocrx_word' id='word_1_96' title='bbox 1850 1390 2067 1445; x_wconf 88' lang='lat' dir='ltr'>Suetou.</span> <span class='ocrx_word' id='word_1_97' title='bbox 2090 1395 2247 1458; x_wconf 87' lang='lat' dir='ltr'>Vesp.</span> <span class='ocrx_word' id='word_1_98' title='bbox 2267 1398 2349 1444; x_wconf 72' lang='lat'>33.</span> <span class='ocrx_word' id='word_1_99' title='bbox 2403 1392 2515 1442; x_wconf 78' lang='lat' dir='ltr'>Uti·</span> 
     </span>
     <span class='ocr_line' id='line_1_15' title="bbox 318 1457 2515 1541; baseline 0 -34"><span class='ocrx_word' id='word_1_100' title='bbox 318 1457 410 1534; x_wconf 63' lang='lat' dir='ltr'>lius</span> <span class='ocrx_word' id='word_1_101' title='bbox 429 1457 567 1521; x_wconf 79' lang='lat' dir='ltr'>conj.</span> <span class='ocrx_word' id='word_1_102' title='bbox 590 1457 749 1541; x_wconf 57' lang='lat' dir='ltr'>With.</span> <span class='ocrx_word' id='word_1_103' title='bbox 819 1457 1066 1509; x_wconf 81' lang='lat' dir='ltr'>Nonnulli</span> <span class='ocrx_word' id='word_1_104' title='bbox 1090 1470 1288 1507; x_wconf 89' lang='lat' dir='ltr'>comma</span> <span class='ocrx_word' id='word_1_105' title='bbox 1312 1464 1510 1521; x_wconf 89' lang='lat' dir='ltr'>ponunt</span> <span class='ocrx_word' id='word_1_106' title='bbox 1535 1466 1652 1524; x_wconf 89' lang='lat' dir='ltr'>post</span> <span class='ocrx_word' id='word_1_107' title='bbox 1667 1460 1775 1524; x_wconf 72' lang='lat' dir='ltr'>pati</span> <span class='ocrx_word' id='word_1_108' title='bbox 1788 1476 1808 1518; x_wconf 93' lang='lat'>,·</span> <span class='ocrx_word' id='word_1_109' title='bbox 1840 1460 2078 1511; x_wconf 84' lang='lat' dir='ltr'>Muretus</span> <span class='ocrx_word' id='word_1_110' title='bbox 2116 1460 2306 1524; x_wconf 89' lang='lat' dir='ltr'>aliique</span> <span class='ocrx_word' id='word_1_111' title='bbox 2336 1465 2515 1508; x_wconf 85' lang='lat' dir='ltr'>notam</span> 
     </span>
    </p>
   </div>
   <div class='ocr_carea' id='block_1_12' title="bbox 1314 1592 1529 1648">
    <p class='ocr_par' dir='ltr' id='par_1_12' title="bbox 1314 1592 1529 1648">
     <span class='ocr_line' id='line_1_16' title="bbox 1314 1592 1529 1648; baseline 0 -1"><span class='ocrx_word' id='word_1_112' title='bbox 1314 1592 1529 1648; x_wconf 74' lang='lat' dir='ltr'>No&#39;rAE</span> 
     </span>
    </p>
   </div>
   <div class='ocr_carea' id='block_1_13' title="bbox 292 1692 1391 4335">
    <p class='ocr_par' dir='ltr' id='par_1_13' title="bbox 314 1692 1379 2202">
     <span class='ocr_line' id='line_1_17' title="bbox 314 1692 1377 1763; baseline 0.001 -20"><span class='ocrx_word' id='word_1_113' title='bbox 314 1692 434 1744; x_wconf 77' lang='lat' dir='ltr'>finis</span> <span class='ocrx_word' id='word_1_114' title='bbox 457 1693 617 1744; x_wconf 87' lang='lat' dir='ltr'>etiam</span> <span class='ocrx_word' id='word_1_115' title='bbox 648 1693 843 1744; x_wconf 84' lang='lat' dir='ltr'>doloris</span> <span class='ocrx_word' id='word_1_116' title='bbox 877 1693 1082 1744; x_wconf 81' lang='lat' dir='ltr'>futurus</span> <span class='ocrx_word' id='word_1_117' title='bbox 1119 1694 1222 1744; x_wconf 87' lang='lat' dir='ltr'>sit.’</span> <span class='ocrx_word' id='word_1_118' title='bbox 1285 1694 1377 1763; x_wconf 68' lang='lat' dir='ltr'>Se·</span> 
     </span>
     <span class='ocr_line' id='line_1_18' title="bbox 314 1770 1378 1836; baseline 0 -15"><span class='ocrx_word' id='word_1_119' title='bbox 314 1782 448 1821; x_wconf 80' lang='lat' dir='ltr'>neca</span> <span class='ocrx_word' id='word_1_120' title='bbox 468 1782 594 1822; x_wconf 82' lang='lat' dir='ltr'>vero·</span> <span class='ocrx_word' id='word_1_121' title='bbox 616 1770 690 1822; x_wconf 87' lang='lat' dir='ltr'>sic</span> <span class='ocrx_word' id='word_1_122' title='bbox 713 1771 891 1836; x_wconf 78' lang='lat' dir='ltr'>paucis</span> <span class='ocrx_word' id='word_1_123' title='bbox 915 1786 1069 1821; x_wconf 86' lang='lat' dir='ltr'>vanas</span> <span class='ocrx_word' id='word_1_124' title='bbox 1099 1786 1186 1822; x_wconf 90' lang='lat' dir='ltr'>eas</span> <span class='ocrx_word' id='word_1_125' title='bbox 1210 1773 1378 1822; x_wconf 82' lang='lat' dir='ltr'>solici-</span> 
     </span>
     <span class='ocr_line' id='line_1_19' title="bbox 318 1844 1379 1913; baseline 0.003 -17"><span class='ocrx_word' id='word_1_126' title='bbox 318 1844 525 1898; x_wconf 79' lang='lat' dir='ltr'>tudines</span> <span class='ocrx_word' id='word_1_127' title='bbox 547 1850 888 1913; x_wconf 82' lang='lat' dir='ltr'>perstringit:</span> <span class='ocrx_word' id='word_1_128' title='bbox 911 1850 926 1877; x_wconf 77' lang='lat'>⁸</span> <span class='ocrx_word' id='word_1_129' title='bbox 943 1848 1096 1902; x_wconf 84' lang='lat' dir='ltr'>Quod</span> <span class='ocrx_word' id='word_1_130' title='bbox 1117 1849 1264 1898; x_wconf 87' lang='lat' dir='ltr'>times</span> <span class='ocrx_word' id='word_1_131' title='bbox 1287 1855 1379 1899; x_wconf 88' lang='lat' dir='ltr'>aut</span> 
     </span>
     <span class='ocr_line' id='line_1_20' title="bbox 316 1924 1375 1988; baseline 0.001 -14"><span class='ocrx_word' id='word_1_132' title='bbox 316 1924 551 1974; x_wconf 84' lang='lat' dir='ltr'>futurum</span> <span class='ocrx_word' id='word_1_133' title='bbox 591 1932 690 1988; x_wconf 85' lang='lat' dir='ltr'>est,</span> <span class='ocrx_word' id='word_1_134' title='bbox 733 1931 825 1975; x_wconf 85' lang='lat' dir='ltr'>ant</span> <span class='ocrx_word' id='word_1_135' title='bbox 871 1939 1038 1975; x_wconf 87' lang='lat' dir='ltr'>secus.</span> <span class='ocrx_word' id='word_1_136' title='bbox 1102 1925 1159 1975; x_wconf 91' lang='lat' dir='ltr'>Si</span> <span class='ocrx_word' id='word_1_137' title='bbox 1197 1941 1375 1976; x_wconf 82' lang='lat' dir='ltr'>secus:</span> 
     </span>
     <span class='ocr_line' id='line_1_21' title="bbox 316 1996 1377 2066; baseline 0.002 -18"><span class='ocrx_word' id='word_1_138' title='bbox 316 1996 514 2049; x_wconf 82' lang='lat' dir='ltr'>frustra</span> <span class='ocrx_word' id='word_1_139' title='bbox 555 2001 779 2051; x_wconf 79' lang='lat' dir='ltr'>vexaris.</span> <span class='ocrx_word' id='word_1_140' title='bbox 852 2002 905 2051; x_wconf 89' lang='lat' dir='ltr'>Si</span> <span class='ocrx_word' id='word_1_141' title='bbox 950 2008 1220 2051; x_wconf 83' lang='lat' dir='ltr'>venturum</span> <span class='ocrx_word' id='word_1_142' title='bbox 1264 2010 1377 2066; x_wconf 87' lang='lat' dir='ltr'>est;</span> 
     </span>
     <span class='ocr_line' id='line_1_22' title="bbox 318 2074 1378 2142; baseline 0.003 -17"><span class='ocrx_word' id='word_1_143' title='bbox 318 2083 429 2125; x_wconf 88' lang='lat' dir='ltr'>tum</span> <span class='ocrx_word' id='word_1_144' title='bbox 468 2077 596 2126; x_wconf 80' lang='lat' dir='ltr'>satis</span> <span class='ocrx_word' id='word_1_145' title='bbox 630 2076 829 2128; x_wconf 84' lang='lat' dir='ltr'>dolebis</span> <span class='ocrx_word' id='word_1_146' title='bbox 859 2078 1089 2142; x_wconf 79' lang='lat' dir='ltr'>tandem,</span> <span class='ocrx_word' id='word_1_147' title='bbox 1110 2093 1225 2128; x_wconf 91' lang='lat' dir='ltr'>cum</span> <span class='ocrx_word' id='word_1_148' title='bbox 1249 2074 1378 2128; x_wconf 82' lang='lat' dir='ltr'>affu-</span> 
     </span>
     <span class='ocr_line' id='line_1_23' title="bbox 318 2152 748 2202; baseline 0.005 -2"><span class='ocrx_word' id='word_1_149' title='bbox 318 2152 427 2201; x_wconf 88' lang='lat' dir='ltr'>erit</span> <span class='ocrx_word' id='word_1_150' title='bbox 443 2152 748 2202; x_wconf 65' lang='lat' dir='ltr'>tribulatio!</span> 
     </span>
    </p>

    <p class='ocr_par' dir='ltr' id='par_1_14' title="bbox 317 2226 1385 2752">
     <span class='ocr_line' id='line_1_24' title="bbox 382 2226 1376 2294; baseline 0.007 -18"><span class='ocrx_word' id='word_1_151' title='bbox 382 2232 417 2277; x_wconf 75' lang='lat'><em>2</em></span> <span class='ocrx_word' id='word_1_152' title='bbox 449 2226 714 2292; x_wconf 66' lang='lat' dir='ltr'>leucono‘e]</span> <span class='ocrx_word' id='word_1_153' title='bbox 771 2229 874 2280; x_wconf 87' lang='lat' dir='ltr'>Alii</span> <span class='ocrx_word' id='word_1_154' title='bbox 902 2231 1083 2294; x_wconf 87' lang='lat' dir='ltr'>legunt</span> <span class='ocrx_word' id='word_1_155' title='bbox 1101 2228 1376 2285; x_wconf 61' lang='lat' dir='ltr'>Leucothoe.</span> 
     </span>
     <span class='ocr_line' id='line_1_25' title="bbox 318 2302 1381 2359; baseline 0.006 -7"><span class='ocrx_word' id='word_1_156' title='bbox 318 2302 527 2353; x_wconf 76' lang='lat' dir='ltr'>Pictum</span> <span class='ocrx_word' id='word_1_157' title='bbox 551 2318 737 2354; x_wconf 87' lang='lat' dir='ltr'>nornen</span> <span class='ocrx_word' id='word_1_158' title='bbox 766 2313 848 2357; x_wconf 84' lang='lat' dir='ltr'>est</span> <span class='ocrx_word' id='word_1_159' title='bbox 869 2322 899 2357; x_wconf 87' lang='lat' dir='ltr'>a</span> <span class='ocrx_word' id='word_1_160' title='bbox 919 2306 1102 2358; x_wconf 71' lang='lat' dir='ltr'>Po&#39;e‘ta.</span> <span class='ocrx_word' id='word_1_161' title='bbox 1172 2310 1381 2359; x_wconf 86' lang='lat' dir='ltr'>Ludunt</span> 
     </span>
     <span class='ocr_line' id='line_1_26' title="bbox 317 2378 1382 2448; baseline 0.006 -18"><span class='ocrx_word' id='word_1_162' title='bbox 317 2380 480 2445; x_wconf 84' lang='lat' dir='ltr'>aliqui</span> <span class='ocrx_word' id='word_1_163' title='bbox 505 2381 555 2430; x_wconf 90' lang='lat' dir='ltr'>iu</span> <span class='ocrx_word' id='word_1_164' title='bbox 576 2378 891 2448; x_wconf 75' lang='lat' dir='ltr'>etymologia</span> <span class='ocrx_word' id='word_1_165' title='bbox 913 2385 1308 2446; x_wconf 84' lang='lat' dir='ltr'>nominisistius,</span> <span class='ocrx_word' id='word_1_166' title='bbox 1326 2392 1382 2436; x_wconf 92' lang='lat' dir='ltr'>et</span> 
     </span>
     <span class='ocr_line' id='line_1_27' title="bbox 318 2456 1381 2522; baseline 0.005 -16"><span class='ocrx_word' id='word_1_167' title='bbox 318 2456 530 2522; x_wconf 82' lang='lat' dir='ltr'>quidem</span> <span class='ocrx_word' id='word_1_168' title='bbox 572 2472 787 2522; x_wconf 82' lang='lat' dir='ltr'>operam</span> <span class='ocrx_word' id='word_1_169' title='bbox 833 2460 1033 2511; x_wconf 88' lang='lat' dir='ltr'>ludunt.</span> <span class='ocrx_word' id='word_1_170' title='bbox 1099 2460 1222 2511; x_wconf 85' lang='lat' dir='ltr'>Fuit</span> <span class='ocrx_word' id='word_1_171' title='bbox 1259 2462 1381 2511; x_wconf 91' lang='lat' dir='ltr'>olim</span> 
     </span>
     <span class='ocr_line' id='line_1_28' title="bbox 322 2534 1385 2603; baseline 0.003 -19"><span class='ocrx_word' id='word_1_172' title='bbox 322 2535 599 2585; x_wconf 69' lang='lat' dir='ltr'>Iaeueonoe</span> <span class='ocrx_word' id='word_1_173' title='bbox 634 2534 738 2585; x_wconf 84' lang='lat' dir='ltr'>filia</span> <span class='ocrx_word' id='word_1_174' title='bbox 781 2537 1070 2601; x_wconf 87' lang='lat' dir='ltr'>Lycambis‚</span> <span class='ocrx_word' id='word_1_175' title='bbox 1106 2552 1258 2603; x_wconf 88' lang='lat' dir='ltr'>quam</span> <span class='ocrx_word' id='word_1_176' title='bbox 1286 2539 1385 2587; x_wconf 84' lang='lat' dir='ltr'>Ar-</span> 
     </span>
     <span class='ocr_line' id='line_1_29' title="bbox 323 2611 1384 2664; baseline 0.006 -6"><span class='ocrx_word' id='word_1_177' title='bbox 323 2611 584 2662; x_wconf 77' lang='lat' dir='ltr'>chilochus</span> <span class='ocrx_word' id='word_1_178' title='bbox 626 2613 834 2662; x_wconf 86' lang='lat' dir='ltr'>acribus</span> <span class='ocrx_word' id='word_1_179' title='bbox 871 2612 1118 2664; x_wconf 86' lang='lat' dir='ltr'>conviciis</span> <span class='ocrx_word' id='word_1_180' title='bbox 1164 2614 1229 2663; x_wconf 89' lang='lat' dir='ltr'>ad</span> <span class='ocrx_word' id='word_1_181' title='bbox 1275 2620 1384 2664; x_wconf 83' lang='lat' dir='ltr'>s&#39;us·</span> 
     </span>
     <span class='ocr_line' id='line_1_30' title="bbox 325 2688 786 2752; baseline 0.007 -17"><span class='ocrx_word' id='word_1_182' title='bbox 325 2688 567 2752; x_wconf 80' lang='lat' dir='ltr'>pendium</span> <span class='ocrx_word' id='word_1_183' title='bbox 592 2688 786 2751; x_wconf 84' lang='lat' dir='ltr'>adegit.</span> 
     </span>
    </p>

    <p class='ocr_par' dir='ltr' id='par_1_15' title="bbox 292 2762 1391 4335">
     <span class='ocr_line' id='line_1_31' title="bbox 389 2762 1382 2829; baseline 0.001 -18"><span class='ocrx_word' id='word_1_184' title='bbox 389 2762 492 2811; x_wconf 84' lang='lat' dir='ltr'>Nec</span> <span class='ocrx_word' id='word_1_185' title='bbox 543 2762 841 2827; x_wconf 73' lang='lat' dir='ltr'>Babylonios</span> <span class='ocrx_word' id='word_1_186' title='bbox 883 2762 1107 2814; x_wconf 71' lang='lat' dir='ltr'>Tentoria</span> <span class='ocrx_word' id='word_1_187' title='bbox 1141 2764 1382 2829; x_wconf 83' lang='lat' dir='ltr'>numeros]</span> 
     </span>
     <span class='ocr_line' id='line_1_32' title="bbox 328 2836 1383 2903; baseline 0 -15"><span class='ocrx_word' id='word_1_188' title='bbox 328 2838 411 2888; x_wconf 83' lang='lat' dir='ltr'>Ne</span> <span class='ocrx_word' id='word_1_189' title='bbox 451 2836 855 2890; x_wconf 78' lang='lat' dir='ltr'>Mathematicos</span> <span class='ocrx_word' id='word_1_190' title='bbox 900 2840 1005 2902; x_wconf 87' lang='lat' dir='ltr'>adi,</span> <span class='ocrx_word' id='word_1_191' title='bbox 1046 2848 1101 2890; x_wconf 89' lang='lat' dir='ltr'>et</span> <span class='ocrx_word' id='word_1_192' title='bbox 1155 2842 1383 2903; x_wconf 83' lang='lat' dir='ltr'>consule,</span> 
     </span>
     <span class='ocr_line' id='line_1_33' title="bbox 325 2912 1386 2970; baseline 0.002 -6"><span class='ocrx_word' id='word_1_193' title='bbox 325 2926 457 2970; x_wconf 78' lang='lat' dir='ltr'>neve</span> <span class='ocrx_word' id='word_1_194' title='bbox 490 2912 553 2963; x_wconf 85' lang='lat' dir='ltr'>lis</span> <span class='ocrx_word' id='word_1_195' title='bbox 599 2916 787 2966; x_wconf 81' lang='lat' dir='ltr'>crede:</span> <span class='ocrx_word' id='word_1_196' title='bbox 823 2923 942 2966; x_wconf 87' lang='lat' dir='ltr'>suut</span> <span class='ocrx_word' id='word_1_197' title='bbox 978 2917 1114 2965; x_wconf 87' lang='lat' dir='ltr'>enim</span> <span class='ocrx_word' id='word_1_198' title='bbox 1153 2914 1386 2966; x_wconf 86' lang='lat' dir='ltr'>fallaces.</span> 
     </span>
     <span class='ocr_line' id='line_1_34' title="bbox 327 2989 1385 3055; baseline -0.002 -13"><span class='ocrx_word' id='word_1_199' title='bbox 327 2989 479 3042; x_wconf 81' lang='lat' dir='ltr'>Quod</span> <span class='ocrx_word' id='word_1_200' title='bbox 519 2990 728 3054; x_wconf 76' lang='lat' dir='ltr'>quidem</span> <span class='ocrx_word' id='word_1_201' title='bbox 771 2990 994 3054; x_wconf 76' lang='lat' dir='ltr'>probant</span> <span class='ocrx_word' id='word_1_202' title='bbox 1027 2991 1238 3055; x_wconf 81' lang='lat' dir='ltr'>egregie</span> <span class='ocrx_word' id='word_1_203' title='bbox 1276 2997 1385 3040; x_wconf 89' lang='lat' dir='ltr'>tum</span> 
     </span>
     <span class='ocr_line' id='line_1_35' title="bbox 324 3067 1385 3130; baseline 0.002 -15"><span class='ocrx_word' id='word_1_204' title='bbox 324 3067 555 3117; x_wconf 60' lang='lat' dir='ltr'>historiar</span> <span class='ocrx_word' id='word_1_205' title='bbox 599 3069 810 3130; x_wconf 85' lang='lat' dir='ltr'>passim,</span> <span class='ocrx_word' id='word_1_206' title='bbox 858 3083 974 3118; x_wconf 89' lang='lat' dir='ltr'>cnm</span> <span class='ocrx_word' id='word_1_207' title='bbox 1026 3070 1178 3119; x_wconf 87' lang='lat' dir='ltr'>ratio.</span> <span class='ocrx_word' id='word_1_208' title='bbox 1247 3068 1385 3118; x_wconf 84' lang='lat' dir='ltr'>Vide</span> 
     </span>
     <span class='ocr_line' id='line_1_36' title="bbox 329 3142 1387 3197; baseline 0 -4"><span class='ocrx_word' id='word_1_209' title='bbox 329 3143 439 3193; x_wconf 83' lang='lat' dir='ltr'>Cic.</span> <span class='ocrx_word' id='word_1_210' title='bbox 464 3157 504 3192; x_wconf 90' lang='lat'>1.</span> <span class='ocrx_word' id='word_1_211' title='bbox 531 3150 588 3197; x_wconf 90' lang='lat' dir='ltr'>et</span> <span class='ocrx_word' id='word_1_212' title='bbox 604 3156 666 3192; x_wconf 87' lang='lat' dir='ltr'>n.</span> <span class='ocrx_word' id='word_1_213' title='bbox 688 3144 752 3192; x_wconf 84' lang='lat' dir='ltr'>de</span> <span class='ocrx_word' id='word_1_214' title='bbox 771 3144 950 3193; x_wconf 83' lang='lat' dir='ltr'>Divin.</span> <span class='ocrx_word' id='word_1_215' title='bbox 992 3142 1128 3193; x_wconf 84' lang='lat' dir='ltr'>Item</span> <span class='ocrx_word' id='word_1_216' title='bbox 1154 3143 1218 3192; x_wconf 91' lang='lat' dir='ltr'>de</span> <span class='ocrx_word' id='word_1_217' title='bbox 1238 3142 1387 3194; x_wconf 86' lang='lat' dir='ltr'>Fato.</span> 
     </span>
     <span class='ocr_line' id='line_1_37' title="bbox 328 3218 1387 3271; baseline 0.003 -3"><span class='ocrx_word' id='word_1_218' title='bbox 328 3218 467 3269; x_wconf 83' lang='lat' dir='ltr'>Item</span> <span class='ocrx_word' id='word_1_219' title='bbox 514 3230 604 3269; x_wconf 85' lang='lat' dir='ltr'>m.</span> <span class='ocrx_word' id='word_1_220' title='bbox 647 3221 710 3269; x_wconf 85' lang='lat' dir='ltr'>de</span> <span class='ocrx_word' id='word_1_221' title='bbox 755 3221 878 3270; x_wconf 78' lang='lat' dir='ltr'>Nat.</span> <span class='ocrx_word' id='word_1_222' title='bbox 913 3220 1079 3271; x_wconf 89' lang='lat' dir='ltr'>Deor.</span> <span class='ocrx_word' id='word_1_223' title='bbox 1147 3219 1213 3269; x_wconf 87' lang='lat' dir='ltr'>A&#39;.</span> <span class='ocrx_word' id='word_1_224' title='bbox 1248 3220 1387 3271; x_wconf 81' lang='lat' dir='ltr'>G‘ell.</span> 
     </span>
     <span class='ocr_line' id='line_1_38' title="bbox 292 3295 1388 3362; baseline 0.001 -17"><span class='ocrx_word' id='word_1_225' title='bbox 292 3331 296 3334; x_wconf 51' lang='lat'>&lt;</span> <span class='ocrx_word' id='word_1_226' title='bbox 328 3308 449 3347; x_wconf 85' lang='lat' dir='ltr'>xrv.</span> <span class='ocrx_word' id='word_1_227' title='bbox 472 3298 521 3345; x_wconf 86' lang='lat'>1.</span> <span class='ocrx_word' id='word_1_228' title='bbox 555 3296 642 3345; x_wconf 87' lang='lat' dir='ltr'>ubi</span> <span class='ocrx_word' id='word_1_229' title='bbox 666 3295 861 3347; x_wconf 72' lang='lat' dir='ltr'>refutat</span> <span class='ocrx_word' id='word_1_230' title='bbox 894 3312 983 3346; x_wconf 86' lang='lat' dir='ltr'>eos</span> <span class='ocrx_word' id='word_1_231' title='bbox 1012 3296 1100 3362; x_wconf 90' lang='lat' dir='ltr'>qui</span> <span class='ocrx_word' id='word_1_232' title='bbox 1136 3297 1388 3346; x_wconf 75' lang='lat' dir='ltr'>curiosius</span> 
     </span>
     <span class='ocr_line' id='line_1_39' title="bbox 328 3371 1389 3435; baseline 0.001 -15"><span class='ocrx_word' id='word_1_233' title='bbox 328 3371 626 3422; x_wconf 81' lang='lat' dir='ltr'>anscultant</span> <span class='ocrx_word' id='word_1_234' title='bbox 657 3371 1031 3435; x_wconf 87' lang='lat' dir='ltr'>Genethliacis,</span> <span class='ocrx_word' id='word_1_235' title='bbox 1068 3371 1244 3422; x_wconf 82' lang='lat' dir='ltr'>futura</span> <span class='ocrx_word' id='word_1_236' title='bbox 1281 3372 1389 3422; x_wconf 87' lang='lat' dir='ltr'>dic-</span> 
     </span>
     <span class='ocr_line' id='line_1_40' title="bbox 329 3449 1390 3513; baseline 0 -15"><span class='ocrx_word' id='word_1_237' title='bbox 329 3455 475 3498; x_wconf 75' lang='lat' dir='ltr'>turos</span> <span class='ocrx_word' id='word_1_238' title='bbox 500 3460 596 3512; x_wconf 87' lang='lat' dir='ltr'>per</span> <span class='ocrx_word' id='word_1_239' title='bbox 616 3453 754 3497; x_wconf 84' lang='lat' dir='ltr'>artes</span> <span class='ocrx_word' id='word_1_240' title='bbox 785 3449 1108 3512; x_wconf 84' lang='lat' dir='ltr'>prodigiosas</span> <span class='ocrx_word' id='word_1_241' title='bbox 1137 3449 1390 3513; x_wconf 87' lang='lat' dir='ltr'>sponden-</span> 
     </span>
     <span class='ocr_line' id='line_1_41' title="bbox 327 3514 1389 3590; baseline 0.001 -16"><span class='ocrx_word' id='word_1_242' title='bbox 327 3514 483 3574; x_wconf 76' lang='lat' dir='ltr'>tibus.</span> <span class='ocrx_word' id='word_1_243' title='bbox 538 3522 593 3575; x_wconf 84' lang='lat' dir='ltr'>S.</span> <span class='ocrx_word' id='word_1_244' title='bbox 618 3524 752 3590; x_wconf 67' lang='lat' dir='ltr'>Aug·</span> <span class='ocrx_word' id='word_1_245' title='bbox 775 3520 841 3574; x_wconf 77' lang='lat' dir='ltr'>d&#39;e</span> <span class='ocrx_word' id='word_1_246' title='bbox 865 3524 977 3575; x_wconf 83' lang='lat' dir='ltr'>Civ.</span> <span class='ocrx_word' id='word_1_247' title='bbox 997 3525 1120 3589; x_wconf 88' lang='lat' dir='ltr'>Dei,</span> <span class='ocrx_word' id='word_1_248' title='bbox 1138 3529 1236 3575; x_wconf 66' lang='grc' dir='ltr'><strong>διο.</strong></span> <span class='ocrx_word' id='word_1_249' title='bbox 1290 3524 1389 3575; x_wconf 85' lang='lat' dir='ltr'>Ta-</span> 
     </span>
     <span class='ocr_line' id='line_1_42' title="bbox 325 3596 1390 3666; baseline 0 -15"><span class='ocrx_word' id='word_1_250' title='bbox 325 3596 455 3651; x_wconf 80' lang='lat' dir='ltr'>citus</span> <span class='ocrx_word' id='word_1_251' title='bbox 468 3601 563 3652; x_wconf 91' lang='lat' dir='ltr'>lib.</span> <span class='ocrx_word' id='word_1_252' title='bbox 577 3610 723 3652; x_wconf 72' lang='lat' dir='ltr'>xva.</span> <span class='ocrx_word' id='word_1_253' title='bbox 785 3602 1190 3651; x_wconf 79' lang='lat' dir='ltr'>Mathematicus</span> <span class='ocrx_word' id='word_1_254' title='bbox 1210 3603 1390 3666; x_wconf 89' lang='lat' dir='ltr'>appel·</span> 
     </span>
     <span class='ocr_line' id='line_1_43' title="bbox 325 3679 1388 3743; baseline 0.001 -16"><span class='ocrx_word' id='word_1_255' title='bbox 325 3679 400 3727; x_wconf 86' lang='lat' dir='ltr'>lat</span> <span class='ocrx_word' id='word_1_256' title='bbox 423 3685 623 3743; x_wconf 81' lang='lat' dir='ltr'>‘genus</span> <span class='ocrx_word' id='word_1_257' title='bbox 655 3679 918 3729; x_wconf 84' lang='lat' dir='ltr'>homiuum</span> <span class='ocrx_word' id='word_1_258' title='bbox 952 3679 1253 3742; x_wconf 78' lang='lat' dir='ltr'>potentibus</span> <span class='ocrx_word' id='word_1_259' title='bbox 1275 3680 1388 3728; x_wconf 85' lang='lat' dir='ltr'>infi-</span> 
     </span>
     <span class='ocr_line' id='line_1_44' title="bbox 327 3752 1387 3819; baseline 0.003 -16"><span class='ocrx_word' id='word_1_260' title='bbox 327 3754 469 3819; x_wconf 88' lang='lat' dir='ltr'>dum,</span> <span class='ocrx_word' id='word_1_261' title='bbox 511 3754 841 3818; x_wconf 76' lang='lat' dir='ltr'>sperantibus</span> <span class='ocrx_word' id='word_1_262' title='bbox 873 3752 1062 3804; x_wconf 69' lang='lat' dir='ltr'>fallax!</span> <span class='ocrx_word' id='word_1_263' title='bbox 1128 3754 1239 3804; x_wconf 89' lang='lat' dir='ltr'>Cic.</span> <span class='ocrx_word' id='word_1_264' title='bbox 1263 3771 1299 3806; x_wconf 88' lang='lat'>1.</span> <span class='ocrx_word' id='word_1_265' title='bbox 1322 3757 1387 3806; x_wconf 90' lang='lat' dir='ltr'>de</span> 
     </span>
     <span class='ocr_line' id='line_1_45' title="bbox 325 3830 1390 3896; baseline 0.002 -18"><span class='ocrx_word' id='word_1_266' title='bbox 325 3830 504 3878; x_wconf 85' lang='lat' dir='ltr'>Divin.</span> <span class='ocrx_word' id='word_1_267' title='bbox 520 3831 535 3856; x_wconf 85' lang='lat'>‘</span> <span class='ocrx_word' id='word_1_268' title='bbox 549 3836 935 3879; x_wconf 82' lang='lat' dir='ltr'>contemnamus</span> <span class='ocrx_word' id='word_1_269' title='bbox 955 3830 1285 3895; x_wconf 79' lang='lat' dir='ltr'>Babylonios,</span> <span class='ocrx_word' id='word_1_270' title='bbox 1300 3833 1390 3896; x_wconf 90' lang='lat' dir='ltr'>qui</span> 
     </span>
     <span class='ocr_line' id='line_1_46' title="bbox 326 3906 1390 3969; baseline 0.001 -13"><span class='ocrx_word' id='word_1_271' title='bbox 326 3918 357 3956; x_wconf 81' lang='lat' dir='ltr'>e</span> <span class='ocrx_word' id='word_1_272' title='bbox 380 3906 619 3956; x_wconf 83' lang='lat' dir='ltr'>Caucaso</span> <span class='ocrx_word' id='word_1_273' title='bbox 661 3906 810 3969; x_wconf 87' lang='lat' dir='ltr'>sigua</span> <span class='ocrx_word' id='word_1_274' title='bbox 842 3907 960 3956; x_wconf 82' lang='lat' dir='ltr'>coeli</span> <span class='ocrx_word' id='word_1_275' title='bbox 995 3915 1262 3957; x_wconf 77' lang='lat' dir='ltr'>servantes</span> <span class='ocrx_word' id='word_1_276' title='bbox 1294 3922 1390 3957; x_wconf 88' lang='lat' dir='ltr'>uu-</span> 
     </span>
     <span class='ocr_line' id='line_1_47' title="bbox 327 3983 1387 4034; baseline 0.002 -2"><span class='ocrx_word' id='word_1_277' title='bbox 327 3986 486 4033; x_wconf 82' lang='lat' dir='ltr'>meris</span> <span class='ocrx_word' id='word_1_278' title='bbox 525 3991 580 4032; x_wconf 87' lang='lat' dir='ltr'>et</span> <span class='ocrx_word' id='word_1_279' title='bbox 628 3983 854 4031; x_wconf 87' lang='lat' dir='ltr'>motibus</span> <span class='ocrx_word' id='word_1_280' title='bbox 896 3984 1163 4033; x_wconf 83' lang='lat' dir='ltr'>stellarum</span> <span class='ocrx_word' id='word_1_281' title='bbox 1208 3999 1387 4034; x_wconf 88' lang='lat' dir='ltr'>cursus</span> 
     </span>
     <span class='ocr_line' id='line_1_48' title="bbox 328 4055 1391 4121; baseline 0.002 -14"><span class='ocrx_word' id='word_1_282' title='bbox 328 4055 756 4121; x_wconf 63' lang='lat' dir='ltr'>persequuntur!</span> <span class='ocrx_word' id='word_1_283' title='bbox 820 4056 1064 4109; x_wconf 80' lang='lat' dir='ltr'>Juvenal.</span> <span class='ocrx_word' id='word_1_284' title='bbox 1097 4056 1207 4109; x_wconf 79' lang='lat' dir='ltr'>Sat.</span> <span class='ocrx_word' id='word_1_285' title='bbox 1244 4068 1320 4108; x_wconf 71' lang='lat' dir='ltr'>vt.</span> <span class='ocrx_word' id='word_1_286' title='bbox 1359 4075 1391 4110; x_wconf 88' lang='lat' dir='ltr'>a</span> 
     </span>
     <span class='ocr_line' id='line_1_49' title="bbox 327 4132 1390 4198; baseline 0.004 -17"><span class='ocrx_word' id='word_1_287' title='bbox 327 4144 484 4183; x_wconf 73' lang='lat' dir='ltr'>versu</span> <span class='ocrx_word' id='word_1_288' title='bbox 508 4137 624 4182; x_wconf 84' lang='grc'><strong>551).</strong></span> <span class='ocrx_word' id='word_1_289' title='bbox 646 4132 709 4181; x_wconf 85' lang='lat' dir='ltr'>ad</span> <span class='ocrx_word' id='word_1_290' title='bbox 728 4136 840 4182; x_wconf 84' lang='grc'><strong>590.</strong></span> <span class='ocrx_word' id='word_1_291' title='bbox 877 4134 1147 4198; x_wconf 82' lang='lat' dir='ltr'>Ejusmodi</span> <span class='ocrx_word' id='word_1_292' title='bbox 1163 4136 1390 4187; x_wconf 86' lang='lat' dir='ltr'>studium</span> 
     </span>
     <span class='ocr_line' id='line_1_50' title="bbox 333 4209 1390 4276; baseline 0.006 -19"><span class='ocrx_word' id='word_1_293' title='bbox 333 4209 389 4257; x_wconf 84' lang='lat' dir='ltr'>iu</span> <span class='ocrx_word' id='word_1_294' title='bbox 407 4209 710 4258; x_wconf 84' lang='lat' dir='ltr'>mulieribus</span> <span class='ocrx_word' id='word_1_295' title='bbox 735 4211 1047 4274; x_wconf 74' lang='lat' dir='ltr'>praesertim,</span> <span class='ocrx_word' id='word_1_296' title='bbox 1063 4213 1292 4276; x_wconf 83' lang='lat' dir='ltr'>graviter</span> <span class='ocrx_word' id='word_1_297' title='bbox 1313 4213 1390 4263; x_wconf 85' lang='lat' dir='ltr'>iu-</span> 
     </span>
     <span class='ocr_line' id='line_1_51' title="bbox 339 4292 655 4335; baseline 0.003 -1"><span class='ocrx_word' id='word_1_298' title='bbox 339 4292 590 4335; x_wconf 67' lang='lat' dir='ltr'>sectatur.</span> <span class='ocrx_word' id='word_1_299' title='bbox 646 4302 655 4305; x_wconf 92' lang='grc'><strong><em>·</em></strong></span> 
     </span>
    </p>
   </div>
   <div class='ocr_carea' id='block_1_14' title="bbox 464 4365 1003 4429">
    <p class='ocr_par' dir='ltr' id='par_1_16' title="bbox 464 4365 1003 4429">
     <span class='ocr_line' id='line_1_52' title="bbox 464 4365 1003 4429; baseline 0.002 -13"><span class='ocrx_word' id='word_1_300' title='bbox 464 4365 644 4429; x_wconf 77' lang='lat' dir='ltr'>Delph·</span> <span class='ocrx_word' id='word_1_301' title='bbox 662 4370 713 4416; x_wconf 81' lang='lat' dir='ltr'>et</span> <span class='ocrx_word' id='word_1_302' title='bbox 739 4365 854 4416; x_wconf 74' lang='lat' dir='ltr'>Var-</span> <span class='ocrx_word' id='word_1_303' title='bbox 874 4366 1003 4417; x_wconf 77' lang='lat' dir='ltr'>Clas.</span> 
     </span>
    </p>
   </div>
   <div class='ocr_carea' id='block_1_15' title="bbox 1458 1690 2523 2598">
    <p class='ocr_par' dir='ltr' id='par_1_17' title="bbox 1458 1690 2519 2204">
     <span class='ocr_line' id='line_1_53' title="bbox 1523 1690 2517 1762; baseline 0 -17"><span class='ocrx_word' id='word_1_304' title='bbox 1523 1692 1834 1761; x_wconf 71' lang='lat' dir='ltr'>Babybm&#39;os]</span> <span class='ocrx_word' id='word_1_305' title='bbox 1871 1695 1935 1747; x_wconf 87' lang='lat' dir='ltr'>Iu</span> <span class='ocrx_word' id='word_1_306' title='bbox 1952 1690 2244 1762; x_wconf 84' lang='lat' dir='ltr'>Babylonia</span> <span class='ocrx_word' id='word_1_307' title='bbox 2267 1696 2517 1761; x_wconf 88' lang='lat' dir='ltr'>templum</span> 
     </span>
     <span class='ocr_line' id='line_1_54' title="bbox 1458 1770 2517 1823; baseline 0.003 -4"><span class='ocrx_word' id='word_1_308' title='bbox 1458 1781 1569 1821; x_wconf 85' lang='lat' dir='ltr'>erat</span> <span class='ocrx_word' id='word_1_309' title='bbox 1591 1773 1706 1822; x_wconf 85' lang='lat' dir='ltr'>Beli</span> <span class='ocrx_word' id='word_1_310' title='bbox 1731 1772 1978 1823; x_wconf 86' lang='lat' dir='ltr'>Sideralis</span> <span class='ocrx_word' id='word_1_311' title='bbox 2002 1772 2247 1823; x_wconf 79' lang='lat' dir='ltr'>Scientiae</span> <span class='ocrx_word' id='word_1_312' title='bbox 2280 1770 2517 1822; x_wconf 79' lang='lat' dir='ltr'>iuvento-</span> 
     </span>
     <span class='ocr_line' id='line_1_55' title="bbox 1458 1846 2518 1912; baseline 0 -16"><span class='ocrx_word' id='word_1_313' title='bbox 1458 1846 1550 1910; x_wconf 84' lang='lat' dir='ltr'>ris,</span> <span class='ocrx_word' id='word_1_314' title='bbox 1591 1863 1658 1898; x_wconf 84' lang='lat' dir='ltr'>ex</span> <span class='ocrx_word' id='word_1_315' title='bbox 1691 1846 1832 1899; x_wconf 89' lang='lat' dir='ltr'>Plin.</span> <span class='ocrx_word' id='word_1_316' title='bbox 1869 1861 1951 1898; x_wconf 78' lang='lat' dir='ltr'>vr.</span> <span class='ocrx_word' id='word_1_317' title='bbox 1974 1853 2059 1899; x_wconf 83' lang='lat'>26.</span> <span class='ocrx_word' id='word_1_318' title='bbox 2107 1847 2401 1912; x_wconf 74' lang='lat' dir='ltr'>Babylonii,</span> <span class='ocrx_word' id='word_1_319' title='bbox 2424 1861 2518 1897; x_wconf 83' lang='lat' dir='ltr'>seu</span> 
     </span>
     <span class='ocr_line' id='line_1_56' title="bbox 1460 1922 2518 1988; baseline -0.003 -15"><span class='ocrx_word' id='word_1_320' title='bbox 1460 1923 1693 1973; x_wconf 81' lang='lat' dir='ltr'>Chaldaei</span> <span class='ocrx_word' id='word_1_321' title='bbox 1733 1923 2069 1988; x_wconf 85' lang='lat' dir='ltr'>Babyloniam</span> <span class='ocrx_word' id='word_1_322' title='bbox 2106 1923 2389 1973; x_wconf 83' lang='lat' dir='ltr'>incolentes</span> <span class='ocrx_word' id='word_1_323' title='bbox 2419 1922 2518 1972; x_wconf 87' lang='lat' dir='ltr'>As-</span> 
     </span>
     <span class='ocr_line' id='line_1_57' title="bbox 1463 1996 2518 2064; baseline -0.003 -16"><span class='ocrx_word' id='word_1_324' title='bbox 1463 2000 1696 2064; x_wconf 81' lang='lat' dir='ltr'>trologiae</span> <span class='ocrx_word' id='word_1_325' title='bbox 1720 1999 2018 2064; x_wconf 82' lang='lat' dir='ltr'>peritissimi</span> <span class='ocrx_word' id='word_1_326' title='bbox 2040 2006 2209 2061; x_wconf 88' lang='lat' dir='ltr'>eraut,</span> <span class='ocrx_word' id='word_1_327' title='bbox 2229 2012 2294 2047; x_wconf 82' lang='lat' dir='ltr'>ex</span> <span class='ocrx_word' id='word_1_328' title='bbox 2318 1996 2428 2048; x_wconf 89' lang='lat' dir='ltr'>Cic.</span> <span class='ocrx_word' id='word_1_329' title='bbox 2451 1997 2518 2046; x_wconf 88' lang='lat' dir='ltr'>de</span> 
     </span>
     <span class='ocr_line' id='line_1_58' title="bbox 1461 2074 2519 2130; baseline 0.002 -2"><span class='ocrx_word' id='word_1_330' title='bbox 1461 2078 1642 2129; x_wconf 88' lang='lat' dir='ltr'>Divin.</span> <span class='ocrx_word' id='word_1_331' title='bbox 1678 2078 1898 2130; x_wconf 87' lang='lat' dir='ltr'>Diodor.</span> <span class='ocrx_word' id='word_1_332' title='bbox 1929 2076 2089 2129; x_wconf 90' lang='lat' dir='ltr'>Sicul.</span> <span class='ocrx_word' id='word_1_333' title='bbox 2125 2074 2265 2128; x_wconf 81' lang='lat' dir='ltr'>Gen.</span> <span class='ocrx_word' id='word_1_334' title='bbox 2292 2092 2331 2128; x_wconf 87' lang='lat'>1.</span> <span class='ocrx_word' id='word_1_335' title='bbox 2350 2081 2400 2127; x_wconf 86' lang='grc'><strong>9.</strong></span> <span class='ocrx_word' id='word_1_336' title='bbox 2450 2077 2519 2130; x_wconf 78' lang='lat' dir='ltr'>Q·</span> 
     </span>
     <span class='ocr_line' id='line_1_59' title="bbox 1462 2150 1797 2204; baseline 0 0"><span class='ocrx_word' id='word_1_337' title='bbox 1462 2150 1612 2204; x_wconf 80' lang='lat' dir='ltr'>Curt-</span> <span class='ocrx_word' id='word_1_338' title='bbox 1633 2154 1721 2203; x_wconf 90' lang='lat' dir='ltr'>lib.</span> <span class='ocrx_word' id='word_1_339' title='bbox 1746 2170 1797 2204; x_wconf 89' lang='lat' dir='ltr'>v.</span> 
     </span>
    </p>

    <p class='ocr_par' dir='ltr' id='par_1_18' title="bbox 1459 2226 2523 2598">
     <span class='ocr_line' id='line_1_60' title="bbox 1523 2226 2521 2296; baseline -0.002 -16"><span class='ocrx_word' id='word_1_340' title='bbox 1523 2228 1814 2296; x_wconf 71' lang='lat' dir='ltr'>Babylonios</span> <span class='ocrx_word' id='word_1_341' title='bbox 1852 2226 2090 2294; x_wconf 79' lang='lat' dir='ltr'>numeros]</span> <span class='ocrx_word' id='word_1_342' title='bbox 2140 2226 2300 2281; x_wconf 86' lang='lat' dir='ltr'>Certe</span> <span class='ocrx_word' id='word_1_343' title='bbox 2342 2240 2521 2280; x_wconf 88' lang='lat' dir='ltr'>ueces-</span> 
     </span>
     <span class='ocr_line' id='line_1_61' title="bbox 1460 2304 2523 2371; baseline 0.001 -18"><span class='ocrx_word' id='word_1_344' title='bbox 1460 2308 1596 2354; x_wconf 85' lang='lat' dir='ltr'>saria</span> <span class='ocrx_word' id='word_1_345' title='bbox 1635 2306 1785 2355; x_wconf 83' lang='lat' dir='ltr'>valde</span> <span class='ocrx_word' id='word_1_346' title='bbox 1826 2322 2151 2356; x_wconf 89' lang='lat' dir='ltr'>numerorum</span> <span class='ocrx_word' id='word_1_347' title='bbox 2196 2304 2422 2371; x_wconf 84' lang='lat' dir='ltr'>cognitio</span> <span class='ocrx_word' id='word_1_348' title='bbox 2465 2310 2523 2354; x_wconf 80' lang='lat' dir='ltr'>et</span> 
     </span>
     <span class='ocr_line' id='line_1_62' title="bbox 1459 2381 2521 2445; baseline -0.001 -15"><span class='ocrx_word' id='word_1_349' title='bbox 1459 2384 1635 2445; x_wconf 83' lang='lat' dir='ltr'>praxis</span> <span class='ocrx_word' id='word_1_350' title='bbox 1657 2390 1919 2445; x_wconf 87' lang='lat' dir='ltr'>accurata,</span> <span class='ocrx_word' id='word_1_351' title='bbox 1952 2383 2017 2432; x_wconf 86' lang='lat' dir='ltr'>ad</span> <span class='ocrx_word' id='word_1_352' title='bbox 2041 2383 2407 2432; x_wconf 83' lang='lat' dir='ltr'>dimensionem</span> <span class='ocrx_word' id='word_1_353' title='bbox 2430 2381 2521 2430; x_wconf 82' lang='lat' dir='ltr'>ho·</span> 
     </span>
     <span class='ocr_line' id='line_1_63' title="bbox 1461 2456 2523 2522; baseline -0.002 -15"><span class='ocrx_word' id='word_1_354' title='bbox 1461 2459 1685 2522; x_wconf 84' lang='lat' dir='ltr'>roscopi,</span> <span class='ocrx_word' id='word_1_355' title='bbox 1710 2467 2085 2522; x_wconf 72' lang='lat' dir='ltr'>aspectumque</span> <span class='ocrx_word' id='word_1_356' title='bbox 2118 2457 2182 2506; x_wconf 86' lang='lat' dir='ltr'>ad</span> <span class='ocrx_word' id='word_1_357' title='bbox 2217 2458 2319 2507; x_wconf 88' lang='lat' dir='ltr'>alia</span> <span class='ocrx_word' id='word_1_358' title='bbox 2352 2456 2523 2505; x_wconf 80' lang='lat' dir='ltr'>sidera</span> 
     </span>
     <span class='ocr_line' id='line_1_64' title="bbox 1463 2530 2522 2598; baseline -0.001 -16"><span class='ocrx_word' id='word_1_359' title='bbox 1463 2534 1801 2598; x_wconf 82' lang='lat' dir='ltr'>planetasque</span> <span class='ocrx_word' id='word_1_360' title='bbox 1838 2534 2115 2598; x_wconf 86' lang='lat' dir='ltr'>diligenter</span> <span class='ocrx_word' id='word_1_361' title='bbox 2142 2530 2522 2597; x_wconf 84' lang='lat' dir='ltr'>inquirendum.</span> 
     </span>
    </p>
   </div>
   <div class='ocr_carea' id='block_1_16' title="bbox 1441 2608 2522 2679">
    <p class='ocr_par' dir='ltr' id='par_1_19' title="bbox 1441 2608 2522 2679">
     <span class='ocr_line' id='line_1_65' title="bbox 1441 2608 2522 2679; baseline -0.002 -21"><span class='ocrx_word' id='word_1_362' title='bbox 1441 2674 1445 2679; x_wconf 78' lang='lat'>.</span> <span class='ocrx_word' id='word_1_363' title='bbox 1463 2609 1604 2658; x_wconf 87' lang='lat' dir='ltr'>Hinc</span> <span class='ocrx_word' id='word_1_364' title='bbox 1622 2608 1964 2658; x_wconf 83' lang='lat' dir='ltr'>Arithmetica</span> <span class='ocrx_word' id='word_1_365' title='bbox 1977 2622 2119 2671; x_wconf 80' lang='lat' dir='ltr'>saepe</span> <span class='ocrx_word' id='word_1_366' title='bbox 2136 2613 2409 2670; x_wconf 86' lang='lat' dir='ltr'>usurpatur</span> <span class='ocrx_word' id='word_1_367' title='bbox 2426 2620 2522 2670; x_wconf 88' lang='lat' dir='ltr'>pro</span> 
     </span>
    </p>
   </div>
   <div class='ocr_carea' id='block_1_17' title="bbox 1463 2682 2558 4353">
    <p class='ocr_par' dir='ltr' id='par_1_20' title="bbox 1463 2682 2558 3119">
     <span class='ocr_line' id='line_1_66' title="bbox 1464 2682 2524 2749; baseline 0 -15"><span class='ocrx_word' id='word_1_368' title='bbox 1464 2682 1789 2749; x_wconf 79' lang='lat' dir='ltr'>Astrologia,</span> <span class='ocrx_word' id='word_1_369' title='bbox 1840 2692 1897 2734; x_wconf 90' lang='lat' dir='ltr'>ut</span> <span class='ocrx_word' id='word_1_370' title='bbox 1954 2690 2164 2747; x_wconf 85' lang='lat' dir='ltr'>vocant,</span> <span class='ocrx_word' id='word_1_371' title='bbox 2218 2683 2524 2735; x_wconf 84' lang='lat' dir='ltr'>Judiciaria.</span> 
     </span>
     <span class='ocr_line' id='line_1_67' title="bbox 1463 2760 2524 2825; baseline -0.005 -11"><span class='ocrx_word' id='word_1_372' title='bbox 1463 2760 1706 2814; x_wconf 85' lang='lat' dir='ltr'>Lactaut.</span> <span class='ocrx_word' id='word_1_373' title='bbox 1739 2768 1755 2791; x_wconf 86' lang='lat'>‘</span> <span class='ocrx_word' id='word_1_374' title='bbox 1779 2761 2131 2823; x_wconf 85' lang='lat' dir='ltr'>Arithmetici,</span> <span class='ocrx_word' id='word_1_375' title='bbox 2165 2774 2292 2825; x_wconf 92' lang='lat' dir='ltr'>quos</span> <span class='ocrx_word' id='word_1_376' title='bbox 2317 2760 2524 2811; x_wconf 86' lang='lat' dir='ltr'>Mathe-</span> 
     </span>
     <span class='ocr_line' id='line_1_68' title="bbox 1465 2838 2558 2902; baseline -0.003 -13"><span class='ocrx_word' id='word_1_377' title='bbox 1465 2840 1685 2890; x_wconf 91' lang='lat' dir='ltr'>maticos</span> <span class='ocrx_word' id='word_1_378' title='bbox 1712 2839 1947 2900; x_wconf 88' lang='lat' dir='ltr'>dicimus,</span> <span class='ocrx_word' id='word_1_379' title='bbox 1966 2853 2177 2902; x_wconf 84' lang='lat' dir='ltr'>quorum</span> <span class='ocrx_word' id='word_1_380' title='bbox 2212 2839 2262 2886; x_wconf 90' lang='lat' dir='ltr'>iu</span> <span class='ocrx_word' id='word_1_381' title='bbox 2298 2838 2558 2897; x_wconf 47' lang='lat' dir='ltr'>numeris,</span> 
     </span>
     <span class='ocr_line' id='line_1_69' title="bbox 1466 2913 2525 2976; baseline 0 -12"><span class='ocrx_word' id='word_1_382' title='bbox 1466 2923 1549 2965; x_wconf 84' lang='lat' dir='ltr'>est</span> <span class='ocrx_word' id='word_1_383' title='bbox 1590 2924 1704 2964; x_wconf 86' lang='lat' dir='ltr'>tota</span> <span class='ocrx_word' id='word_1_384' title='bbox 1726 2913 1998 2976; x_wconf 83' lang='lat' dir='ltr'>doctrina,&#39;</span> <span class='ocrx_word' id='word_1_385' title='bbox 2023 2917 2123 2964; x_wconf 73' lang='grc' dir='ltr'><strong>ὅτε.</strong></span> <span class='ocrx_word' id='word_1_386' title='bbox 2185 2913 2376 2963; x_wconf 87' lang='lat' dir='ltr'>Auson.</span> <span class='ocrx_word' id='word_1_387' title='bbox 2410 2915 2525 2964; x_wconf 88' lang='lat' dir='ltr'>‘Tu</span> 
     </span>
     <span class='ocr_line' id='line_1_70' title="bbox 1467 2987 2526 3052; baseline -0.001 -12"><span class='ocrx_word' id='word_1_388' title='bbox 1467 2988 1599 3041; x_wconf 87' lang='lat' dir='ltr'>Coeli</span> <span class='ocrx_word' id='word_1_389' title='bbox 1622 3006 1887 3052; x_wconf 82' lang='lat' dir='ltr'>numeros,</span> <span class='ocrx_word' id='word_1_390' title='bbox 1910 2998 1965 3041; x_wconf 86' lang='lat' dir='ltr'>et</span> <span class='ocrx_word' id='word_1_391' title='bbox 1990 2990 2200 3042; x_wconf 82' lang='lat' dir='ltr'>cou&#39;scia</span> <span class='ocrx_word' id='word_1_392' title='bbox 2234 2990 2407 3040; x_wconf 84' lang='lat' dir='ltr'>sidera</span> <span class='ocrx_word' id='word_1_393' title='bbox 2425 2987 2526 3041; x_wconf 86' lang='lat' dir='ltr'>fati</span> 
     </span>
     <span class='ocr_line' id='line_1_71' title="bbox 1467 3067 2489 3119; baseline -0.002 0"><span class='ocrx_word' id='word_1_394' title='bbox 1467 3067 1744 3119; x_wconf 87' lang='lat' dir='ltr'>Callebas.&#39;</span> <span class='ocrx_word' id='word_1_395' title='bbox 2485 3091 2489 3095; x_wconf 93' lang='lat'>·</span> 
     </span>
    </p>

    <p class='ocr_par' dir='ltr' id='par_1_21' title="bbox 1466 3144 2532 4106">
     <span class='ocr_line' id='line_1_72' title="bbox 1540 3144 2524 3209; baseline -0.002 -15"><span class='ocrx_word' id='word_1_396' title='bbox 1540 3145 1808 3209; x_wconf 21' lang='lat' dir='ltr'>Utlmeh‘us,</span> <span class='ocrx_word' id='word_1_397' title='bbox 1826 3145 2046 3208; x_wconf 75' lang='lat' dir='ltr'>quiequid</span> <span class='ocrx_word' id='word_1_398' title='bbox 2064 3144 2178 3207; x_wconf 77' lang='lat' dir='ltr'>erit,</span> <span class='ocrx_word' id='word_1_399' title='bbox 2194 3144 2323 3208; x_wconf 79' lang='lat' dir='ltr'>pati]</span> <span class='ocrx_word' id='word_1_400' title='bbox 2349 3144 2524 3196; x_wconf 83' lang='lat' dir='ltr'>Quan-</span> 
     </span>
     <span class='ocr_line' id='line_1_73' title="bbox 1469 3219 2524 3286; baseline -0.004 -16"><span class='ocrx_word' id='word_1_401' title='bbox 1469 3224 1525 3270; x_wconf 81' lang='lat' dir='ltr'>ta</span> <span class='ocrx_word' id='word_1_402' title='bbox 1566 3221 1650 3270; x_wconf 85' lang='lat' dir='ltr'>hic</span> <span class='ocrx_word' id='word_1_403' title='bbox 1694 3221 1830 3286; x_wconf 77' lang='lat' dir='ltr'>apud</span> <span class='ocrx_word' id='word_1_404' title='bbox 1874 3221 2199 3284; x_wconf 87' lang='lat' dir='ltr'>Interpretes</span> <span class='ocrx_word' id='word_1_405' title='bbox 2237 3219 2524 3271; x_wconf 79' lang='lat' dir='ltr'>dissensio?</span> 
     </span>
     <span class='ocr_line' id='line_1_74' title="bbox 1468 3295 2527 3360; baseline -0.002 -13"><span class='ocrx_word' id='word_1_406' title='bbox 1468 3295 1575 3347; x_wconf 85' lang='lat' dir='ltr'>Alii</span> <span class='ocrx_word' id='word_1_407' title='bbox 1604 3296 1836 3360; x_wconf 85' lang='lat' dir='ltr'>jungunt</span> <span class='ocrx_word' id='word_1_408' title='bbox 1869 3296 1972 3346; x_wconf 85' lang='lat' dir='ltr'>ista</span> <span class='ocrx_word' id='word_1_409' title='bbox 2006 3311 2119 3346; x_wconf 91' lang='lat' dir='ltr'>cum</span> <span class='ocrx_word' id='word_1_410' title='bbox 2154 3310 2301 3353; x_wconf 83' lang='lat' dir='ltr'>voce,</span> <span class='ocrx_word' id='word_1_411' title='bbox 2333 3296 2527 3358; x_wconf 52' lang='lat' dir='ltr'>sapiam</span> 
     </span>
     <span class='ocr_line' id='line_1_75' title="bbox 1469 3369 2529 3436; baseline -0.002 -15"><span class='ocrx_word' id='word_1_412' title='bbox 1469 3387 1585 3436; x_wconf 74' lang='lat' dir='ltr'>quae</span> <span class='ocrx_word' id='word_1_413' title='bbox 1606 3386 1728 3422; x_wconf 83' lang='lat' dir='ltr'>vero</span> <span class='ocrx_word' id='word_1_414' title='bbox 1743 3372 2049 3425; x_wconf 88' lang='lat' dir='ltr'>intermedia</span> <span class='ocrx_word' id='word_1_415' title='bbox 2065 3379 2203 3429; x_wconf 86' lang='lat' dir='ltr'>sunt,</span> <span class='ocrx_word' id='word_1_416' title='bbox 2227 3369 2529 3433; x_wconf 84' lang='lat' dir='ltr'>parenthesi</span> 
     </span>
     <span class='ocr_line' id='line_1_76' title="bbox 1469 3447 2526 3500; baseline 0.001 -5"><span class='ocrx_word' id='word_1_417' title='bbox 1469 3447 1755 3499; x_wconf 88' lang='lat' dir='ltr'>includunt.</span> <span class='ocrx_word' id='word_1_418' title='bbox 1821 3449 1926 3500; x_wconf 82' lang='lat' dir='ltr'>Alii</span> <span class='ocrx_word' id='word_1_419' title='bbox 1962 3463 2168 3498; x_wconf 86' lang='lat' dir='ltr'>sensum</span> <span class='ocrx_word' id='word_1_420' title='bbox 2188 3448 2376 3497; x_wconf 86' lang='lat' dir='ltr'>finiunt</span> <span class='ocrx_word' id='word_1_421' title='bbox 2398 3460 2526 3497; x_wconf 83' lang='lat' dir='ltr'>voce</span> 
     </span>
     <span class='ocr_line' id='line_1_77' title="bbox 1466 3522 2532 3588; baseline -0.005 -15"><span class='ocrx_word' id='word_1_422' title='bbox 1466 3523 1606 3586; x_wconf 47' lang='lat' dir='ltr'>path·</span> <span class='ocrx_word' id='word_1_423' title='bbox 1641 3524 2008 3588; x_wconf 84' lang='lat' dir='ltr'>explicantque</span> <span class='ocrx_word' id='word_1_424' title='bbox 2043 3523 2150 3573; x_wconf 87' lang='lat' dir='ltr'>sic:</span> <span class='ocrx_word' id='word_1_425' title='bbox 2192 3537 2309 3572; x_wconf 91' lang='lat' dir='ltr'>cum</span> <span class='ocrx_word' id='word_1_426' title='bbox 2346 3522 2532 3570; x_wconf 85' lang='lat' dir='ltr'>melius</span> 
     </span>
     <span class='ocr_line' id='line_1_78' title="bbox 1471 3597 2528 3666; baseline -0.004 -18"><span class='ocrx_word' id='word_1_427' title='bbox 1471 3601 1556 3664; x_wconf 85' lang='lat' dir='ltr'>sit,</span> <span class='ocrx_word' id='word_1_428' title='bbox 1580 3602 1660 3649; x_wconf 86' lang='lat' dir='ltr'>vel</span> <span class='ocrx_word' id='word_1_429' title='bbox 1699 3609 1942 3666; x_wconf 87' lang='lat' dir='ltr'>tanquam</span> <span class='ocrx_word' id='word_1_430' title='bbox 1978 3600 2155 3648; x_wconf 90' lang='lat' dir='ltr'>melius</span> <span class='ocrx_word' id='word_1_431' title='bbox 2180 3598 2251 3648; x_wconf 88' lang='lat' dir='ltr'>sit</span> <span class='ocrx_word' id='word_1_432' title='bbox 2274 3597 2382 3661; x_wconf 87' lang='lat' dir='ltr'>pati</span> <span class='ocrx_word' id='word_1_433' title='bbox 2406 3608 2528 3646; x_wconf 89' lang='lat' dir='ltr'>cou-</span> 
     </span>
     <span class='ocr_line' id='line_1_79' title="bbox 1472 3670 2528 3741; baseline -0.007 -16"><span class='ocrx_word' id='word_1_434' title='bbox 1472 3683 1676 3725; x_wconf 88' lang='lat' dir='ltr'>stauter</span> <span class='ocrx_word' id='word_1_435' title='bbox 1699 3675 1941 3741; x_wconf 87' lang='lat' dir='ltr'>quicquid</span> <span class='ocrx_word' id='word_1_436' title='bbox 1972 3672 2225 3735; x_wconf 86' lang='lat' dir='ltr'>evenerit,</span> <span class='ocrx_word' id='word_1_437' title='bbox 2245 3686 2398 3736; x_wconf 87' lang='lat' dir='ltr'>quam</span> <span class='ocrx_word' id='word_1_438' title='bbox 2419 3670 2528 3719; x_wconf 83' lang='lat' dir='ltr'>ani-</span> 
     </span>
     <span class='ocr_line' id='line_1_80' title="bbox 1468 3747 2529 3814; baseline -0.007 -13"><span class='ocrx_word' id='word_1_439' title='bbox 1468 3766 1606 3800; x_wconf 87' lang='lat' dir='ltr'>mum</span> <span class='ocrx_word' id='word_1_440' title='bbox 1664 3750 2010 3814; x_wconf 82' lang='lat' dir='ltr'>distorquere,</span> <span class='ocrx_word' id='word_1_441' title='bbox 2050 3748 2201 3796; x_wconf 87' lang='lat' dir='ltr'>anxie</span> <span class='ocrx_word' id='word_1_442' title='bbox 2254 3762 2369 3812; x_wconf 76' lang='lat' dir='ltr'>quae</span> <span class='ocrx_word' id='word_1_443' title='bbox 2425 3747 2529 3795; x_wconf 91' lang='lat' dir='ltr'>siut</span> 
     </span>
     <span class='ocr_line' id='line_1_81' title="bbox 1469 3821 2532 3887; baseline -0.004 -12"><span class='ocrx_word' id='word_1_444' title='bbox 1469 3833 1721 3876; x_wconf 82' lang='lat' dir='ltr'>eventura</span> <span class='ocrx_word' id='word_1_445' title='bbox 1744 3823 2069 3887; x_wconf 88' lang='lat' dir='ltr'>inquirendo.</span> <span class='ocrx_word' id='word_1_446' title='bbox 2132 3822 2259 3884; x_wconf 90' lang='lat' dir='ltr'>Alii,</span> <span class='ocrx_word' id='word_1_447' title='bbox 2279 3827 2334 3872; x_wconf 77' lang='lat' dir='ltr'>ut</span> <span class='ocrx_word' id='word_1_448' title='bbox 2364 3821 2532 3872; x_wconf 81' lang='lat' dir='ltr'>melius</span> 
     </span>
     <span class='ocr_line' id='line_1_82' title="bbox 1470 3901 2529 3966; baseline -0.001 -14"><span class='ocrx_word' id='word_1_449' title='bbox 1470 3903 1914 3965; x_wconf 84' lang='lat' dir='ltr'>interpretantur:</span> <span class='ocrx_word' id='word_1_450' title='bbox 1974 3901 2161 3963; x_wconf 83' lang='lat' dir='ltr'>Quam,</span> <span class='ocrx_word' id='word_1_451' title='bbox 2203 3901 2288 3951; x_wconf 80' lang='lat' dir='ltr'>vel</span> <span class='ocrx_word' id='word_1_452' title='bbox 2333 3908 2529 3966; x_wconf 88' lang='lat' dir='ltr'>quanto</span> 
     </span>
     <span class='ocr_line' id='line_1_83' title="bbox 1469 3976 2527 4045; baseline -0.005 -15"><span class='ocrx_word' id='word_1_453' title='bbox 1469 3981 1654 4030; x_wconf 88' lang='lat' dir='ltr'>melius</span> <span class='ocrx_word' id='word_1_454' title='bbox 1698 3994 1845 4045; x_wconf 82' lang='lat' dir='ltr'>aequo</span> <span class='ocrx_word' id='word_1_455' title='bbox 1889 3980 2059 4029; x_wconf 87' lang='lat' dir='ltr'>auimo</span> <span class='ocrx_word' id='word_1_456' title='bbox 2102 3978 2243 4029; x_wconf 83' lang='lat' dir='ltr'>ferre</span> <span class='ocrx_word' id='word_1_457' title='bbox 2284 3976 2527 4044; x_wconf 88' lang='lat' dir='ltr'>quicquid</span> 
     </span>
     <span class='ocr_line' id='line_1_84' title="bbox 1470 4055 1754 4106; baseline -0.007 0"><span class='ocrx_word' id='word_1_458' title='bbox 1470 4055 1754 4106; x_wconf 82' lang='lat' dir='ltr'>acciderit!</span> 
     </span>
    </p>

    <p class='ocr_par' dir='ltr' id='par_1_22' title="bbox 1469 4123 2530 4353">
     <span class='ocr_line' id='line_1_85' title="bbox 1534 4123 2530 4199; baseline -0.004 -15"><span class='ocrx_word' id='word_1_459' title='bbox 1534 4139 1567 4184; x_wconf 77' lang='lat'>4</span> <span class='ocrx_word' id='word_1_460' title='bbox 1584 4134 1680 4184; x_wconf 79' lang='lat' dir='ltr'>Seu</span> <span class='ocrx_word' id='word_1_461' title='bbox 1698 4135 1858 4199; x_wconf 74' lang='lat' dir='ltr'>plnres</span> <span class='ocrx_word' id='word_1_462' title='bbox 1877 4123 2078 4199; x_wconf 73' lang='lat' dir='ltr'>hyems,</span> <span class='ocrx_word' id='word_1_463' title='bbox 2090 4133 2195 4196; x_wconf 54' lang='grc' dir='ltr'>ξω]</span> <span class='ocrx_word' id='word_1_464' title='bbox 2213 4131 2392 4182; x_wconf 84' lang='lat' dir='ltr'>Gratis</span> <span class='ocrx_word' id='word_1_465' title='bbox 2411 4145 2530 4196; x_wconf 87' lang='lat' dir='ltr'>pro-</span> 
     </span>
     <span class='ocr_line' id='line_1_86' title="bbox 1469 4206 2530 4274; baseline -0.005 -14"><span class='ocrx_word' id='word_1_466' title='bbox 1469 4208 1610 4260; x_wconf 80' lang='lat' dir='ltr'>fecto</span> <span class='ocrx_word' id='word_1_467' title='bbox 1644 4226 1699 4260; x_wconf 90' lang='lat' dir='ltr'>se</span> <span class='ocrx_word' id='word_1_468' title='bbox 1735 4206 2053 4260; x_wconf 77' lang='lat' dir='ltr'>discruciant</span> <span class='ocrx_word' id='word_1_469' title='bbox 2078 4209 2253 4274; x_wconf 88' lang='lat' dir='ltr'>aliqui,</span> <span class='ocrx_word' id='word_1_470' title='bbox 2273 4215 2334 4258; x_wconf 90' lang='lat' dir='ltr'>ut</span> <span class='ocrx_word' id='word_1_471' title='bbox 2356 4217 2530 4258; x_wconf 80' lang='lat' dir='ltr'>osten-</span> 
     </span>
     <span class='ocr_line' id='line_1_87' title="bbox 1471 4283 2529 4353; baseline -0.005 -17"><span class='ocrx_word' id='word_1_472' title='bbox 1471 4288 1602 4338; x_wconf 88' lang='lat' dir='ltr'>dant</span> <span class='ocrx_word' id='word_1_473' title='bbox 1623 4303 1821 4352; x_wconf 87' lang='lat' dir='ltr'>vocem,</span> <span class='ocrx_word' id='word_1_474' title='bbox 1845 4288 2045 4353; x_wconf 78' lang='lat' dir='ltr'>hyemes,</span> <span class='ocrx_word' id='word_1_475' title='bbox 2068 4285 2227 4350; x_wconf 82' lang='lat' dir='ltr'>priori</span> <span class='ocrx_word' id='word_1_476' title='bbox 2261 4286 2377 4334; x_wconf 92' lang='lat' dir='ltr'>loco</span> <span class='ocrx_word' id='word_1_477' title='bbox 2408 4283 2529 4348; x_wconf 88' lang='lat' dir='ltr'>poni</span> 
     </span>
    </p>
   </div>
   <div class='ocr_carea' id='block_1_18' title="bbox 1348 4364 2400 4417">
    <p class='ocr_par' dir='ltr' id='par_1_23' title="bbox 1348 4364 2400 4417">
     <span class='ocr_line' id='line_1_88' title="bbox 1348 4364 2400 4417; baseline -0.004 0"><span class='ocrx_word' id='word_1_478' title='bbox 1348 4367 1526 4417; x_wconf 82' lang='lat' dir='ltr'>Horat.</span> <span class='ocrx_word' id='word_1_479' title='bbox 2346 4364 2400 4413; x_wconf 88' lang='grc' dir='ltr'><strong><em>Η</em></strong></span> 
     </span>
    </p>
   </div>
  </div>
 </body>
</html>
