3059 4909
527 417 657 484 200
1248 437 1316 497 Q.

1362 435 1682 484 HORATu
1737 436 1998 485 [maeel

784 587 981 652 lllum
1015 588 1167 669 aget
1197 602 1418 667 penna
1446 585 1780 648 metuente
1813 582 1990 647 solvi

1300 685 1518 751 Fama
1547 691 1853 769 superate
1892 704 1951 751 s,

787 791 1028 856 Latius
1054 808 1287 873 regnes
1313 786 1584 853 avidum
1613 787 1946 854 domando

781 893 1130 977 Spiritum,
1162 911 1367 976 quam
1396 890 1455 955 si
1486 890 1772 975 Libyam
1799 893 2068 958 remotis

2641 895 2724 960 10

778 994 1082 1061 Gadibus
1100 993 1373 1078 jungas,
1397 998 1464 1058 et
1488 999 1767 1079 uterque
1789 996 2050 1061 Poenus

1296 1096 1562 1163 Serviat
1581 1098 1719 1164 uni.

520 1292 598 1340 ala
619 1290 811 1341 dissolvi
832 1291 1114 1352 refugiente.
1180 1289 1399 1354 Amplius
1428 1289 1745 1340 dominaberis
1774 1290 1989 1353 cupidam
2023 1290 2250 1340 vincendo
2278 1295 2500 1351 mentem,
2521 1304 2658 1355 quam
2675 1291 2717 1338 si

519 1355 722 1421 Libyam
742 1358 889 1406 addas
909 1356 1179 1421 longinquis
1202 1355 1438 1416 Gadibus,
1458 1360 1600 1419 utque
1621 1357 1706 1405 ιιιιι·
1726 1356 2007 1417 sufficiam
2031 1356 2224 1419 genam
2250 1326 2512 1418 emungo’.
2578 1355 2716 1408 Soeva

1433 1498 1641 1520 0000000

1646 1499 1798 1519 00000

520 1600 573 1652 in
596 1602 787 1661 finti-es
819 1618 869 1652 α.
886 1601 1117 1679 stasmi.
1120 1605 1215 1651 -7
1253 1602 1511 1666 Porphyr.
1538 1601 1687 1652 Harl.
1722 1607 1769 1652 l.
1810 1616 1988 1652 omnes
2022 1599 2266 1652 Torreat.
2290 1599 2519 1652 Bentleii
2540 1600 2717 1654 (ἔνων.

522 1666 673 1722 Leid.
696 1667 880 1730 Regin.
909 1676 962 1716 et
1001 1668 1110 1729 ipse
1149 1668 1327 1717 Bentl.
1361 1668 1499 1730 ugit:
1533 1669 1608 1718 sic
1631 1668 1788 1718 etiam
1814 1667 1978 1718 Kidd.
2025 1682 2181 1731 penna
2213 1666 2340 1716 haud
2373 1671 2609 1716 niet-ente
2632 1666 2713 1715 ed.

520 1731 690 1795 prima
723 1732 919 1781 Mureti
950 1732 1086 1781 unde
1122 1732 1173 1781 in
1196 1733 1389 1784 Venet.
1412 1737 1561 1783 1659.
1584 1740 1641 1783 et
1665 1733 1793 1783 alias
1814 1732 2065 1810 quasdam
2094 1732 2329 1795 vulgatas
2353 1730 2515 1782 venit.
2583 1730 2716 1782 Vide

518 1795 700 1845 Lamb.
726 1804 782 1846 et
818 1797 1015 1847 Mutet.
1036 1797 1186 1847 Varr.
1208 1798 1379 1849 Lectt.
1401 1811 1440 1847 ι.
1467 1802 1516 1848 7.
1551 1803 1775 1852 renuente
1808 1798 1930 1849 solvi
1969 1797 2173 1847 emend.
2195 1797 2362 1846 Sanad
2369 1801 2484 1846 .-9
2515 1796 2715 1850 Lutatius

518 1875 689 1921 regnes
728 1875 858 1910 unus
897 1862 1201 1913 Bersmanni
1240 1870 1295 1913 et
1334 1863 1485 1913 Dess.
1519 1867 1571 1913 2.
1575 1867 1702 1913 -11
1739 1862 2020 1913 Schrader.
2039 1862 2242 1913 emend.
2298 1866 2494 1925 uterque
2524 1866 2714 1925 pontus,

520 1926 740 1978 Emend.
762 1941 882 1991 cap.
901 1940 977 1979 iv,
999 1931 1154 1992 p-B3.
1159 1932 1285 1978 -12
1318 1927 1505 1979 Sei-viee
1536 1928 1623 1979 uui
1652 1928 1802 1980 Harl.
1830 1932 2006 1979 1.·-1a
2044 1926 2281 1978 Lambini
2318 1925 2470 1976 codd.
2492 1927 2714 1992 quidam,

1506 2025 1721 2118 Nora:

513 2163 819 2215 victitarent
847 2178 908 2214 ac
937 2170 1367 2223 sustentarentur,
1391 2178 1572 2214 recon-

514 2240 831 2291 ciliationem
855 2239 1064 2303 insuper
1085 2248 1142 2291 et
1164 2241 1362 2290 veniam
1388 2255 1574 2305 procu·

513 2315 671 2363 ravit.
702 2313 837 2364 Vide
864 2316 1018 2364 Dion.
1043 2315 1133 2365 lib.
1157 2328 1272 2365 mv.
1303 2316 1573 2366 Plutarch.

513 2390 566 2442 in
586 2391 710 2440 Vita
737 2389 970 2453 Antonii,
991 2392 1128 2443 Plin.
1150 2405 1252 2441 vn.
1273 2397 1355 2443 45.

578 2471 608 2518 7
644 2466 790 2518 Illum
822 2473 935 2529 aget
965 2482 1136 2531 pennu,
1171 2467 1276 2531 ξω]
1307 2468 1574 2530 Traducet

508 2544 646 2596 fama
669 2561 854 2596 nomen
878 2547 1140 2596 Proculeii
1163 2548 1483 2613 gloriamque
1507 2548 1573 2597 ad

513 2629 779 2685 posteros:
811 2637 966 2686 penna
1000 2628 1235 2674 metuente
1269 2624 1410 2688 solvi,
1443 2640 1573 2674 nun·

512 2712 663 2762 quam
709 2699 1039 2750 dissolvenda
1088 2699 1414 2749 celebritate.
1485 2700 1573 2752 Sic

511 2773 654 2832 alibi,
689 2773 706 2801 ‘
727 2776 927 2838 culpari
966 2776 1150 2825 metuit
1188 2773 1367 2839 fides,''
1391 2774 1444 2827 id
1467 2784 1571 2840 est,

511 2859 664 2900 cavet
686 2851 907 2915 culpari,
926 2851 999 2900 ita
1021 2857 1078 2900 nt
1099 2865 1358 2916 uunquam
1393 2853 1569 2916 culpe·

409 2909 427 2970 Ῐ
510 2932 612 2976 tur.
673 2928 895 2979 Quintil.
928 2927 1166 2978 Declam.
1193 2942 1274 2978 vl.
1327 2927 1344 2955 ⁸
1369 2928 1433 2978 In
1455 2931 1571 2993 ipsa

509 3010 652 3051 astra
673 3003 943 3053 sublimem
961 3012 1190 3067 pennata
1215 3004 1379 3053 virtus
1401 3003 1569 3056 feret?

507 3075 687 3127 Sidon.
731 3077 906 3142 Apoll.
944 3092 1068 3128 viu.
1107 3084 1186 3130 ll.
1254 3080 1420 3131 ‘Eum
1445 3082 1572 3146 jure

507 3166 747 3216 censeres
785 3160 903 3218 post
939 3155 1254 3205 Horatianos
1287 3165 1343 3207 et
1377 3159 1572 3209 Pinda-

509 3228 644 3279 ricos
675 3243 868 3293 cycnos
904 3232 1084 3296 gloriae
1123 3234 1301 3298 pennis
1335 3236 1571 3287 evolatu-

512 3305 662 3360 tum?

570 3387 604 3432 9
635 3382 806 3433 Latius
839 3398 1024 3446 regnes,
1055 3385 1164 3450 ξω]
1208 3386 1334 3450 Tac.
1378 3386 1567 3439 Annal.

508 3472 594 3508 ιιι.
640 3458 705 3508 de
743 3461 803 3510 C.
845 3462 1088 3511 Sallustio
1135 3464 1353 3529 Crispo:
1412 3464 1567 3529 ‘me,

503 3549 791 3601 quanquam
845 3550 1049 3601 promto
1104 3540 1169 3590 ad
1215 3542 1563 3604 capessendos

500 3610 722 3666 honores
746 3614 1261 3678 aditu‚Maecenatem
1280 3619 1565 3675 aemulatus,

501 3688 610 3738 sine
646 3690 902 3754 dignitate
938 3694 1210 3744 Senatoria
1250 3696 1437 3745 multos
1472 3696 1564 3744 tri-

503 3765 817 3829 umphalium
849 3769 1300 3835 consulariumque
1326 3772 1563 3835 potentia

501 3842 710 3893 anteiit:
741 3842 980 3894 diversus
1001 3858 1031 3892 a
1048 3852 1280 3896 veterum
1304 3847 1563 3909 instituto,

499 3929 597 3978 per
635 3919 831 3968 cultum
868 3925 923 3969 et
962 3921 1276 3984 munditiam
1310 3924 1562 3989 copiaque

499 3999 553 4040 et
574 3990 839 4043 affluentia
858 3994 980 4043 luxu
1005 3998 1249 4060 propior-‚⁹
1272 4003 1368 4051 &c.
1404 4001 1562 4050 Hunc

498 4070 676 4134 itaque
692 4080 864 4123 monet
886 4074 1070 4137 Poeta,
1086 4078 1414 4129 ambitionem
1439 4080 1561 4131 frae—

500 4159 642 4204 nare,
664 4147 868 4198 avidum
891 4164 983 4199 seu
1013 4154 1242 4216 pecuniae
1276 4170 1368 4205 seu
1401 4156 1556 4206 hono·

498 4220 570 4268 ris
608 4221 842 4284 spiritum
881 4225 1110 4289 domare,
1145 4231 1416 4293 gloriosius
1441 4247 1556 4283 esse

500 4308 652 4360 quam
696 4297 902 4350 dissitas
946 4303 1182 4367 regiones
1228 4306 1323 4355 sub
1366 4306 1555 4374 jugum

1651 2163 1878 2216 mittere.
1911 2164 1985 2215 Ut
2002 2178 2127 2228 ergo
2143 2162 2421 2214 Sallustius
2444 2161 2530 2212 ille
2555 2160 2710 2225 prior,
2813 2172 2822 2188 ⁸

1653 2255 1941 2306 quanquam
1989 2241 2248 2292 Numidiae
2289 2239 2599 2306 praefectus,
2624 2253 2712 2287 ne·

1654 2332 1913 2382 quaquam
1946 2317 2066 2369 inde
2105 2318 2307 2367 beatior
2348 2315 2465 2372 fnit,
2509 2316 2583 2364 sic
2617 2328 2710 2364 nec

1654 2395 1917 2456 posterior
1939 2394 2004 2444 ab
2022 2394 2136 2458 ipso
2164 2394 2459 2458 adoptatus,
2484 2390 2709 2456 quamvis

1656 2469 1871 2535 Libyam
1896 2469 2111 2534 Africae,
2143 2478 2197 2521 et
2230 2471 2410 2522 Gades
2446 2469 2708 2534 Hispania:

1654 2547 1945 2611 provincias
1982 2547 2176 2614 domet,
2210 2563 2311 2599 non
2345 2546 2564 2609 proinde
2587 2546 2709 2596 felix

1653 2621 1950 2673 habendus:
1986 2633 2041 2671 et
2061 2622 2105 2670 si
2126 2623 2173 2670 ei
2196 2621 2281 2670 uni
2300 2621 2477 2671 serviat
2500 2636 2563 2670 ac
2594 2621 2707 2670 sub-

1647 2698 1865 2762 jiciatur
1898 2703 2093 2761 uterque
2116 2698 2315 2758 Poenus,
2347 2707 2568 2762 utraque
2589 2698 2708 2748 Car-

1653 2774 1824 2838 thago,
1844 2771 2087 2823 Africana
2123 2788 2275 2839 quam
2312 2772 2475 2835 Dido,
2500 2780 2556 2823 et
2590 2773 2705 2823 His-

1651 2850 1856 2914 panica,
1879 2865 2029 2914 quam
2053 2849 2349 2899 Hasdrubal
2372 2849 2623 2899 condidit.

1718 2930 1776 2976 11
1839 2924 2080 2989 Gadibus]
2146 2926 2343 2977 Gadita
2402 2926 2707 2990 Ptolemaeo,

1651 3000 1855 3053 Gaddir
1892 3016 1984 3052 seu
2007 3001 2175 3053 Gadir
2211 3006 2346 3069 apud
2387 3003 2598 3062 Poenos,
2620 3004 2704 3054 ho·

1650 3077 1735 3128 die
1772 3079 1942 3141 cadiz,
1979 3080 2145 3130 insula
2185 3088 2240 3130 et
2282 3080 2400 3131 urbs
2443 3082 2704 3145 Hispaniae

1651 3156 1865 3207 Baeticae
1890 3172 1921 3206 a
1938 3156 2109 3221 Tyriis
2129 3157 2357 3207 condita.
2391 3158 2598 3207 Ferrar.
2618 3156 2703 3219 ‘yd-

1648 3234 1791 3298 δειρα,
1837 3235 1980 3298 quasi
2021 3234 2113 3294 γῆς
2153 3235 2299 3299 δεῖρα,
2343 3240 2486 3284 terroe
2526 3235 2702 3283 cervix.

1647 3310 1883 3360 Eustatb.
1915 3310 1965 3358 in
1993 3307 2209 3374 Dionys.
2245 3310 2512 3359 veriorem
2534 3317 2702 3360 tamen

1646 3388 2009 3452 etymologiam
2051 3388 2351 3452 expiscatus
2390 3386 2599 3436 videtur
2618 3386 2700 3452 qui

1644 3465 1720 3514 sic
1748 3466 1922 3515 canit:
1953 3467 1968 3493 ‘
1996 3464 2162 3514 Gadir
2198 3466 2362 3531 prima
2398 3462 2590 3513 fretum
2625 3480 2703 3513 so·

1643 3542 1749 3592 lida
1792 3542 2141 3606 supereminet
2198 3555 2336 3604 arce,
2392 3539 2703 3605 Attollitque

1645 3625 1802 3683 caput
1816 3620 2033 3683 genuinis
2051 3620 2243 3668 inserta
2262 3618 2530 3668 columnis.
2569 3617 2699 3668 Haec

1644 3691 1891 3745 Cotinusa
1939 3695 2080 3758 prius
2124 3689 2301 3744 fuerat
2355 3693 2450 3743 sub
2498 3694 2700 3743 nomine

1644 3771 1848 3835 prisco:
1895 3772 2291 3835 Tartessumque
2335 3769 2524 3820 dehinc
2560 3769 2700 3833 Tyrii

1643 3847 1824 3915 dixere
1863 3848 2053 3897 coloni.
2109 3845 2338 3894 Barbara
2378 3844 2500 3909 quin
2545 3847 2696 3895 etiam

1642 3925 1819 3984 Gades
1850 3925 1983 3973 hanc
2012 3923 2189 3987 lingua
2211 3920 2547 3987 frequentat:
2580 3921 2693 3970 1²oe-

1642 4015 1740 4050 nus
1761 4001 1954 4066 quippe
1969 4000 2145 4056 locum
2179 3997 2345 4047 Gadir
2378 4005 2533 4047 vocat
2555 3997 2694 4047 undi-

1642 4072 2005 4140 quevseptuml
2049 4073 2196 4122 Idem
2218 4079 2443 4121 testatur
2466 4071 2602 4120 Plin.
2619 4086 2693 4129 tv,

1639 4141 1725 4203 22.
1746 4162 1801 4202 et
1831 4150 2056 4215 Hesych.
2089 4147 2300 4211 γάδειρα,
2335 4148 2524 4212 inquit,
2547 4148 2691 4196 Pboe-

1640 4232 1781 4280 uices
1803 4237 1994 4280 vocant
2015 4227 2078 4276 τὰ
2099 4223 2482 4291 περιφράγματα,
2503 4230 2650 4296 septu.
