3059 4909
577 365 709 437 882
1307 383 1375 442 Q.
1419 376 1738 427 nolimu
1788 376 2054 427 rusoor

775 601 1256 733 m,
1483 623 1684 690 onE
1748 623 1888 691 111.

584 796 939 848 Pulcherrima
973 794 1180 859 Dilogia
1212 793 1442 845 declarat
1479 794 1669 845 Divum
1706 793 1992 858 Augustum
2028 792 2097 844 ob
2128 791 2389 857 justitiam
2427 789 2772 855 invictamque

648 879 805 929 animi
849 875 1256 943 magnitudinem
1299 877 1352 926 in
1403 877 1630 925 Deorum
1692 889 1960 926 numerum
2005 881 2295 938 receptum,
2355 880 2410 923 et
2463 879 2647 924 contra
2699 871 2774 921 M.

649 956 934 1008 Antonium
977 955 1199 1022 perfidia
1232 962 1290 1006 et
1318 955 1555 1006 muliebri
1587 955 1801 1007 mollitie
1844 955 2088 1007 infamem
2135 956 2249 1007 Diis
2283 954 2503 1006 invisum
2525 952 2767 1019 periisset

649 1040 776 1105 quin
816 1045 871 1089 et
903 1039 1052 1088 Deos
1089 1037 1369 1095 universos,
1394 1037 1668 1102 consopito
1704 1036 1816 1101 jam
1854 1037 1993 1088 civili
2023 1035 2183 1099 bello,
2221 1035 2536 1086 consensisse
2576 1034 2643 1085 ad
2676 1041 2777 1083 sta·

652 1121 933 1172 biliendum
973 1120 1322 1171 Romanorum
1365 1119 1656 1184 imperium.
1712 1120 1871 1169 Buxt.
1956 1118 2115 1186 (Tan.
2164 1116 2350 1168 Faber.
2385 1116 2558 1181 Epist.
2592 1130 2658 1166 11.
2698 1118 2778 1165 4³.

650 1203 881 1268 conjicit,
900 1201 1177 1253 Horatium
1198 1200 1462 1253 dehortari
1487 1201 1712 1254 voluisse
1733 1201 2047 1266 Augustum,
2061 1214 2127 1250 ne
2147 1197 2388 1264 exemplo
2401 1197 2531 1250 Julii
2544 1197 2784 1257 Caesaris,

653 1285 720 1336 de
744 1298 847 1350 quo
877 1283 1026 1335 Suet.
1055 1298 1104 1333 c.
1126 1287 1209 1333 79.
1249 1281 1388 1334 forte
1424 1284 1682 1350 cogitaret
1716 1282 1782 1333 de
1821 1281 1946 1333 sede
1983 1282 2186 1346 imperii
2218 1280 2372 1331 Ilium
2405 1278 2786 1331 transferenda.

653 1368 930 1417 Massonus
975 1365 1066 1428 ait,
1096 1364 1297 1414 landari
1338 1364 1687 1415 constantiam
1723 1361 1966 1427 Augusti,
2007 1378 2112 1432 qua
2142 1362 2188 1419 is
2224 1368 2362 1413 teste
2406 1362 2579 1414 Dione
2603 1374 2716 1413 uv-
2736 1364 2785 1412 6.

654 1464 708 1513 p.
726 1450 840 1514 624.
872 1449 933 1497 C.
956 1446 1023 1496 A.
1043 1446 1108 1497 U.
1141 1449 1258 1497 ⁷³8.
1283 1460 1349 1496 ex
1379 1446 1574 1511 Sicilia,
1609 1445 1745 1496 unde
1778 1445 1832 1495 in
1855 1443 2031 1495 Asiam
2061 1444 2166 1495 iter
2196 1443 2438 1509 parabat,
2458 1444 2699 1497 revocari
2731 1453 2786 1492 se

593 1583 600 1588 ,
653 1530 872 1580 Romam
911 1527 976 1578 ad
1017 1526 1216 1592 turbas,
1237 1527 1514 1578 occasione
1551 1526 1897 1578 consularium
1932 1525 2254 1578 comitiorum
2277 1532 2435 1591 ortas,
2465 1540 2569 1590 nou
2607 1540 2787 1591 passus

655 1617 759 1661 est.
825 1608 900 1659 At
937 1607 1137 1669 nescio,
1175 1622 1240 1658 an
1271 1608 1357 1659 hic
1390 1606 1635 1660 ‘Justum
1669 1616 1727 1660 et
1770 1616 2006 1660 tenacem
2041 1608 2296 1673 propositi
2312 1608 2506 1659 virum’
2548 1623 2607 1659 se
2636 1609 2788 1659 vaide

655 1690 965 1757 praestiterit
989 1689 1289 1754 Augustus:
1323 1696 1388 1742 et·
1411 1687 1592 1757 quidni
1623 1689 1765 1741 dicat
1793 1689 1986 1755 Faber,
2006 1673 2195 1741 talium'
2213 1692 2479 1741 turbarum
2502 1695 2787 1756 pertaesum

655 1771 944 1837 principem
979 1772 1063 1823 vel
1100 1785 1164 1822 eo
1197 1772 1310 1836 ipso
1343 1780 1585 1837 tempore
1618 1771 1855 1836 cogitare
1884 1772 2117 1836 potuisse
2153 1772 2220 1823 de
2258 1773 2382 1823 sede
2412 1772 2619 1837 imperii
2655 1771 2790 1822 Ilion

660 1853 1023 1906 transferenda
1040 1854 1061 1903 ἓ
1093 1854 1251 1904 Certe
1276 1852 1430 1904 Fabri
1449 1854 1758 1918 conjectura
1779 1854 1983 1919 ingenio
2004 1854 2215 1905 Horatii
2235 1862 2290 1905 et
2304 1853 2508 1919 judicio
2529 1853 2790 1904 infinitum

655 1940 905 2001 qnantum
928 1932 1347 1994 honorificentior
1380 1941 1485 1997 est,
1512 1938 1667 2000 quam
1701 1935 1914 2001 Diiogia
1946 1935 2184 2000 Buteri,
2215 1944 2272 1987 et
2305 1936 2541 1986 Massoni
2561 1934 2791 1994 historia.

655 2015 759 2066 Sed
785 2017 937 2081 plane
954 2015 1034 2066 sui
1052 2016 1233 2066 similis
1251 2023 1334 2066 est
1355 2015 1679 2077 Harduinus,
1701 2016 1788 2081 qni
1804 2017 2048 2081 somniat,
2065 2033 2097 2069 a
2114 2015 2574 2069 Pseudo-Horatio
2588 2016 2791 2068 Saeculo

659 2110 789 2148 xm.
822 2097 904 2148 liic
934 2097 1114 2148 fictam
1134 2112 1248 2149 esse
1285 2097 1624 2164 Prophetiam
1646 2098 1713 2149 de
1747 2099 2119 2164 Hierosolymis
2152 2098 2325 2165 (eujus
2359 2098 2500 2150 cives
2522 2100 2743 2156 Quirites
2761 2112 2791 2147 a

656 2177 803 2244 resp)
828 2186 949 2245 post
965 2178 1265 2230 Babelicum
1288 2180 1548 2231 excidium
1573 2180 1830 2239 recidivis,
1848 2188 1905 2231 et
1928 2197 1962 2232 a
1976 2181 2299 2247 Vespasiano
2322 2181 2493 2232 denno
2516 2181 2793 2231 vastandis.

662 2261 839 2319 Genu.)
903 2260 1170 2312 laudatur
1191 2262 1490 2312 constantia
1510 2247 1655 2312 imre
1684 2263 1820 2314 bona
1848 2264 2088 2328 exemplo
2120 2263 2364 2327 Pollu'cis,
2396 2263 2665 2326 Herculis,
2688 2262 2788 2313 Aa·
2848 2283 2857 2292 ·

660 2343 817 2406 gusti,
836 2342 1050 2405 Bacchi,
1072 2343 1299 2401 Quirini,
1333 2349 1390 2393 et
1425 2342 1664 2408 inprimis
1684 2344 1720 2396 J
1726 2343 1907 2394 unonis
1926 2343 1993 2395 de
2025 2343 2183 2408 Troja
2203 2358 2460 2409 nunquam
2480 2343 2791 2408 reparanda,

660 2423 754 2472 sed
790 2424 1009 2488 imperio
1030 2424 1267 2474 Romano
1297 2424 1685 2488 amplificando.
1750 2425 1868 2475 Nee
1903 2423 2221 2490 negaverim,
2259 2424 2480 2475 Poiitam
2513 2424 2687 2475 videri
2709 2440 2792 2475 vo·

659 2504 821 2556 luisse
856 2517 1067 2567 cavere,
1100 2518 1189 2567 ne,
1220 2512 1278 2555 ut
1300 2504 1471 2558 Julius
1509 2506 1717 2570 Caesar,
1744 2504 1812 2556 de
1843 2506 1968 2557 sede
2006 2506 2211 2573 imperii
2243 2506 2395 2557 ilium
2430 2489 2799 2558 transferenda

661 2586 923 2650 cogitaret
943 2585 1227 2651 Augustus.
1260 2586 1417 2637 Zona.

935 2702 983 2768 J
994 2719 1246 2769 us'rUM
1280 2678 1348 2769 e‘t
1374 2658 2058 2808 tena'censszzprbpositi'
2068 2661 2282 2771 viru'm

668 2803 839 2886 Virum
858 2836 1099 2901 integrm
1119 2843 1168 2889 et
1188 2837 1242 2888 in
1260 2840 1497 2891 sententio
1517 2821 1806 2891 constantem
1825 2841 1885 2891 de
1896 2840 2046 2908 firmo
2060 2840 2303 2906 proposito
2324 2854 2419 2889 uon
2439 2840 2646 2891 dimovet
2667 2809 2796 2891 velie-

1845 2971 1874 2990 0

1802 2995 1811 3004 .-

664 3050 784 3101 Ode
807 3058 959 3102 sexta
981 3052 1123 3103 Libri
1145 3053 1316 3119 quarti
1338 3054 1389 3103 in
1414 3055 1656 3105 Editione
1685 3055 1880 3107 Sanad.
1913 3055 1930 3084 ‘
1951 3056 2071 3107 Non
2103 3061 2188 3106 est
2210 3052 2320 3104 'alia
2337 3052 2451 3103 haec
2473 3051 2614 3109 Ode,
2640 3063 2789 3117 qnam

597 3118 858 3179 superior,
889 3117 978 3167 sed
999 3118 1093 3167 -iui
1125 3120 1391 3181 adliaeret3
1426 3135 1585 3184 quare
1616 3119 1887 3182 falluntur,
1907 3121 1995 3186 qui
2030 3135 2145 3170 eam
2169 3126 2434 3183 separant,
2458 3118 2656 3183 quippe
2680 3130 2790 3182 quas

597 3180 874 3231 manifeste
911 3182 1208 3233 cobaereat.’
1242 3184 1477 3251 Porphyr.
1559 3185 1577 3213 ‘
1596 3185 1681 3236 Ita
1704 3186 1757 3236 in
1790 3186 2063 3250 antiquiss.
2087 3185 2276 3234 Bland.
2312 3185 2471 3247 Cruq·
2505 3196 2680 3248 neque
2719 3183 2793 3231 iu-

598 3244 883 3307 scriptione
925 3261 1025 3297 nec
1058 3249 1213 3299 litera
1250 3251 1448 3313 majore
1477 3250 1578 3301 hoc
1620 3252 1792 3304 Carm.
1834 3251 1900 3301 ab
1934 3250 2284 3304 antecedente
2323 3248 2626 3300 distinctum
2669 3254 2794 3298 erat.

600 3309 790 3373 Neque
812 3312 863 3359 id
888 3317 1106 3375 temere,
1126 3315 1201 3365 ait
1222 3314 1384 3379 Cruq.
1404 3330 1522 3365 nam
1547 3321 1797 3366 arternum
1821 3316 2091 3381 praemium
2114 3314 2336 3380 proponi
2356 3314 2432 3366 iili
2457 3311 2570 3363 viro
2594 3312 2718 3363 forti
2740 3319 2792 3362 et

598 3372 762 3425 fideli.
824 3375 930 3425 Sed
955 3376 1110 3429 docet
1133 3387 1188 3430 et
1210 3393 1294 3428 res
1328 3386 1385 3430 et
1416 3395 1598 3430 sensus
1633 3381 1845 3444 lyricus,
1881 3382 2021 3431 aliud
2059 3394 2171 3429 esse
2196 3379 2341 3428 Odes
2362 3393 2429 3428 ιι.
2462 3378 2604 3428 aliud
2640 3377 2789 3441 hujus

598 3444 790 3489 nostrae
816 3456 873 3489 ar
944 3450 1174 3494 mentum
1195 3452 1353 3509 atque
1368 3447 1636 3495 consilinm
1653 3463 1669 3507 ς
1689 3446 1817 3496 licet
1834 3445 1903 3497 ob
1927 3444 2234 3495 affinitatem
2252 3443 2636 3509 argumenti,et
2660 3443 2790 3494 idem

600 3510 839 3568 metrum,
882 3507 1016 3558 acile
1040 3508 1140 3559 iste
1164 3523 1312 3559 error
1333 3509 1554 3561 suboriri
1589 3509 1832 3575 potnerit.
1897 3511 2028 3561 Tum
2063 3511 2118 3559 in
2155 3509 2308 3560 codd.
2331 3516 2464 3559 antt.
2486 3507 2789 3558 Horatianis

599 3570 794 3634 sapius
814 3572 1057 3636 neglecta
1078 3574 1313 3625 Odarum
1338 3574 1623 3626 distinctio.
1687 3576 1904 3628 Interim
1929 3575 2159 3637 fuerunt,
2183 3582 2318 3625 teste
2350 3573 2540 3624 Sanad.
2561 3573 2652 3636 qni
2676 3587 2792 3637 qua-

601 3639 723 3685 tuor
744 3638 918 3699 priora
946 3639 1113 3689 nostri
1148 3640 1321 3690 Carm.
1344 3641 1648 3692 tetrasticha
1681 3640 1999 3705 praecedenti
2021 3644 2377 3689 annecterent.
2442 3633 2622 3690 Quid?
2660 3636 2790 3699 quod

600 3700 695 3750 Du
720 3700 909 3751 Hamel
928 3716 993 3750 ea
1016 3716 1117 3751 non
1141 3705 1304 3753 solum
1327 3704 1380 3753 h.
1404 3706 1438 3754 l.
1460 3711 1519 3755 nt
1552 3713 1846 3769 separatam
1879 3706 2036 3757 Oden
2070 3703 2325 3767 exhibuit,
2347 3701 2440 3752 sed
2463 3702 2649 3752 eadem
2674 3703 2793 3751 Car·

606 3764 732 3813 mini
756 3779 793 3817 ι.
813 3771 896 3816 29.
919 3762 1183 3819 attexuit.’
1201 3769 1343 3818 dani.
1400 3769 1648 3822 Ceterum
1668 3770 1838 3822 Inscri
1880 3778 1943 3821 tt.
1965 3769 2018 3818 in
2032 3768 2188 3819 codd.
2209 3776 2330 3817 sunt
2355 3767 2531 3817 variae.
2576 3766 2794 3817 Mentel.

601 3831 682 3879 Aa
697 3831 867 3880 Musas
884 3833 943 3881 de
961 3831 1180 3893 Augusto
1196 3849 1217 3892 ,-
1250 3834 1395 3902 Lips.
1416 3838 1465 3884 2.
1498 3834 1562 3884 In
1582 3834 1796 3886 Laudem
1864 3834 2061 3897 agatnen
2094 3831 2405 3883 Locher.Ad
2422 3832 2595 3881 Musas
2616 3834 2674 3881 de
2695 3834 2792 3881 Aa·

597 3900 789 4009 {3522
803 3895 971 4011 ιῖίιυσὲἒ
990 3897 1247 4014 έοηεεξιὲιίἕιηι
1263 3900 1690 4030 md“t123ve¹¹⁸t·
1711 3900 2171 4019 ἰ43ἰὲιῖῐηΑεῗειω.
2201 3898 2390 3947 Docens
2409 3894 2793 4013 ζᾞαέῖᾰωέωέῐί

631 3991 645 4010 1
790 3995 807 4025 ,
1067 3978 1112 4012 m⁴
1211 3978 1402 4016 mne
1507 3979 1706 4017 nens.-
1804 3995 1809 3998 ,
1997 3980 2022 4016 e
2103 3978 2294 4015 mrem
2325 3977 2408 4019 om
2687 3999 2700 4013 .

1598 4096 1811 4148 NOTAE

667 4186 899 4238 Metrum
924 4197 1007 4240 est
1031 4190 1165 4245 idem
1189 4193 1326 4257 quod
1352 4208 1392 4244 ι.
1416 4194 1522 4245 od.
1544 4198 1594 4244 9.
1618 4265 1620 4267 Ὺ
1741 4192 1885 4244 tata'
1932 4192 2168 4257 profecto
2206 4199 2222 4222 ³
2246 4207 2342 4242 nec
2398 4191 2544 4241 tenui
2595 4203 2757 4255 penus
2775 4186 2790 4209 ’

670 4268 697 4316 1
722 4266 1227 4334 saumatam-em,
1247 4270 1355 4335 ξω]
1386 4272 1403 4300 ⁴
1423 4270 1546 4321 Non
1563 4271 1663 4321 usi·
1743 4272 1856 4329 baec
1894 4271 2011 4323 Ode
2055 4272 2250 4336 scripta
2287 4277 2388 4328 esi,
2430 4269 2481 4320 in
2520 4282 2621 4334 qua
2655 4279 2788 4316 caeco
