3059 4909
915 444 1329 493 cAanuM
1384 445 1526 491 ms.
1576 445 1690 491 ιιι.
1734 427 1839 493 18.
2354 426 2485 494 477

640 582 809 648 Cum
842 584 966 650 tibi
999 585 1218 651 Nonae
1249 585 1518 650 redeunt
1552 583 1959 650 Decembres
1986 606 2004 650 t
2399 586 2486 649 10

638 688 892 751 Festus
922 688 987 751 in
1013 690 1226 771 pratis
1256 694 1450 752 vacat
1482 687 1698 752 otioso

671 843 679 851 .
1068 789 1239 855 Cum
1270 793 1446 855 bove
1477 811 1691 874 pagus
1718 811 1733 852 ε

637 889 818 956 Inter
849 891 1136 974 audaces
1165 893 1363 975 lupus
1395 899 1567 957 errat
1595 912 1846 974 agnos:

639 992 912 1075 Spargit
944 999 1234 1076 agrestes
1276 995 1400 1058 tibi
1434 994 1630 1079 sylva
1657 994 1930 1059 frondes
1957 1016 1973 1056 t
2405 1062 2413 1073 ,

636 1094 900 1161 Gaudet
928 1096 1213 1160 invisam
1245 1086 1587 1179 pepulisse
1615 1096 1841 1160 fossor
2397 1099 2485 1164 15

1071 1197 1207 1261 Ter
1234 1197 1407 1281 pede
1440 1205 1706 1262 terram.

289 1382 487 1441 pecudes
501 1386 680 1436 cunctoe
702 1380 952 1430 lasciviunt
973 1381 1024 1430 in
1043 1381 1217 1444 pratis,
1237 1381 1366 1445 vicus
1387 1379 1577 1439 sestam
1597 1379 1833 1430 celebrans
1852 1380 2043 1429 herboso
2062 1395 2221 1443 campo
2237 1379 2486 1443 requiescit

291 1460 395 1493 eum
418 1446 558 1494 bobas
577 1461 665 1494 aon
687 1446 1002 1495 laborantibus
1015 1462 1031 1494 .·
1065 1447 1201 1507 lupus
1219 1451 1424 1506 vagatur
1442 1444 1573 1492 inter
1590 1459 1736 1505 agnos
1752 1445 1874 1494 nihil
1893 1446 2138 1495 timentes.-
2171 1461 2332 1494 nemus
2362 1450 2484 1493 ster·

291 1509 365 1557 nit
373 1510 503 1569 folia
523 1511 576 1560 ia
591 1516 721 1559 tuum
740 1511 985 1561 honorem:
1017 1511 1226 1571 agricola
1247 1510 1437 1560 hamum
1457 1510 1694 1558 nwlestam
1714 1515 1788 1558 ter
1800 1511 1965 1572 planta
1974 1508 2129 1570 ferire
2152 1512 2365 1559 loetatar.

1201 1654 1540 1676 ΟΜΝΗ
1545 1655 1575 1675 0

293 1759 427 1803 vetus
440 1770 461 1812 ,·
493 1754 626 1804 Sivr.
649 1759 696 1805 et
718 1761 1002 1809 vetum—10
1027 1757 1157 1805 Dum
1178 1757 1269 1806 tibi
1289 1755 1424 1806 Sivr.
1448 1757 1645 1805 redeant
1667 1754 2259 1814 Mentel.-11.Cuning.
2284 1757 2339 1800 ct
2359 1751 2485 1803 Pul-

294 1821 464 1867 manni
491 1819 691 1869 Diesth.
729 1822 896 1872 otiosa.
961 1823 976 1848 ‘
1002 1822 1144 1870 Male
1177 1822 1231 1869 h.
1267 1822 1302 1869 l.
1338 1820 1496 1871 habet
1521 1818 1877 1871 flamininum!
1910 1820 2181 1881 ,Ιαῃιζ-ΙἏ
2220 1818 2339 1864 Cum
2377 1817 2486 1864 bove

291 1886 471 1947 pardus
493 1884 607 1934 cod.
635 1885 798 1934 Achil.
818 1885 952 1935 Stat.
986 1901 1015 1934 a
1036 1887 1250 1934 Mureto
1274 1887 1558 1947 inspectus,
1578 1886 1731 1933 Torn.
1752 1894 1803 1933 et
1829 1884 2032 1946 quidam
2069 1884 2153 1931 alii
2193 1897 2275 1944 ap.
2304 1879 2484 1929 Lamb.

295 1949 385 1996 sed
411 1963 527 1997 cum
550 1949 724 2008 litura,
747 1950 1020 1998 Pnlmanni
1043 1950 1213 1999 Diest.
1238 1959 1292 1999 et
1316 1950 1587 1999 Gemblac.
1612 1954 1660 1997 1.
1683 1956 1737 1997 et
1763 1948 1955 1996 Beller.
1982 1962 2075 2010 pro
2102 1962 2149 1996 v.
2172 1946 2205 1994 l.
2235 1960 2364 1992 unus
2392 1945 2487 1992 Fa-

295 2013 465 2076 bricii,
501 2014 733 2082 pleri-que
755 2014 1042 2077 Torrentii,
1064 2015 1167 2063 duo
1191 2011 1514 2070 B'ersmanni,
1556 2013 1776 2062 Bentleii
1804 2013 1986 2076 Regin.
2018 2027 2048 2060 a
2078 2027 2146 2059 m.
2173 2025 2280 2059 sec.
2304 2009 2482 2057 Graev.

296 2078 446 2128 Leid.
482 2087 537 2127 et
560 2079 794 2128 Colbert.
826 2095 918 2143 pro
961 2095 1010 2128 v.
1038 2080 1073 2130 l.
1114 2080 1354 2128 Petrens.
1389 2079 1519 2141 Reg.
1553 2078 1671 2127 Soc.
1721 2077 1949 2139 Magdal.
1972 2076 2168 2124 Battel.
2192 2082 2248 2123 et
2270 2075 2486 2132 Vigorn.

299 2142 450 2193 Harl.
465 2147 514 2192 2.
530 2143 691 2192 Brod.
711 2145 840 2195 Exc.
854 2144 972 2194 Sax.
992 2144 1214 2193 Mentel.
1234 2145 1456 2207 Franeq.
1476 2158 1507 2192 a
1528 2158 1596 2191 m.
1621 2157 1723 2190 sec.
1751 2142 2151 2191 Zarot.Venett.
2175 2143 2319 2187 1477.
2344 2140 2491 2186 1478.

297 2211 446 2258 1479.
473 2212 615 2256 1492.
672 2209 799 2258 Vet.
821 2208 999 2258 Comb.
1024 2217 1079 2258 et
1099 2209 1318 2259 Locher.
1384 2207 1503 2259 Jam
1538 2206 1667 2255 vidit
1701 2205 1879 2255 Lamb.
1904 2220 2074 2268 neque
2098 2203 2336 2263 intelligi,
2361 2200 2489 2265 quid

295 2274 384 2333 sit,
406 2277 421 2301 ‘
450 2273 636 2339 pardus
658 2272 822 2323 festus
844 2282 898 2323 et
921 2273 1144 2338 vacanS,'
1178 2288 1274 2323 nec
1299 2272 1409 2321 dari
1433 2271 1651 2335 pardum
1675 2271 1727 2319 in
1750 2271 1936 2319 Italia:
1975 2269 2079 2318 vid.
2104 2269 2241 2318 Pliu.
2259 2281 2389 2315 vin.
2411 2269 2488 2313 17.

296 2337 580 2399 Muretnm,
609 2353 763 2403 quem
788 2339 1119 2388 Robortellus
1144 2337 1276 2387 falso
1300 2338 1513 2386 crimine
1536 2336 1739 2385 dixerat
1764 2335 2037 2384 lectionem
2074 2334 2248 2396 pardus
2281 2333 2334 2379 in
2367 2344 2489 2379 con·

298 2410 500 2451 textum
519 2402 1044 2466 recepisse,defendit
1065 2404 1124 2453 C.
1140 2403 1316 2464 Sigon.
1351 2400 1650 2451 Emendatt.
1676 2400 1761 2448 lib.
1787 2413 1827 2448 1.
1852 2414 1900 2462 p.
1913 2402 1961 2449 9.
2006 2392 2154 2447 Harl.
2176 2403 2221 2446 1.
2241 2399 2286 2444 3.
2308 2398 2355 2444 4.
2374 2399 2422 2443 5.
2439 2397 2488 2442 6.

290 2481 460 2529 pagus.
498 2468 657 2516 With.
678 2482 774 2532 pro
791 2483 944 2531 pagus
973 2469 1111 2531 conj.
1140 2469 1455 2530 panon—13
1475 2465 1615 2514 Inter
1635 2467 1834 2513 audaces
1855 2466 1991 2527 lapus
2010 2466 2169 2512 exstat
2194 2457 2486 2509 Helmstad.

1277 2610 1492 2661 NOTAE

299 2725 595 2789 praesidenti
617 2726 754 2774 aedes
776 2727 951 2775 Romae
971 2724 1228 2776 aedificata
1254 2724 1353 2788 pri-

298 2802 416 2851 dem
440 2817 469 2852 e
487 2802 803 2851 mulctatitia
826 2801 1182 2865 pecuariorum
1199 2815 1354 2863 pecu-

298 2894 404 2928 nia.

368 2958 426 3004 13
466 2955 602 3004 Inter
635 2956 832 3003 audaces
865 2955 1002 3017 lupus
1041 2957 1146 3002 erat
1182 2953 1353 3016 agnos]

297 3032 440 3081 Tunc
478 3030 596 3092 agni
634 3037 775 3079 tuam
809 3030 1096 3080 custodiam
1132 3039 1187 3078 et
1223 3035 1356 3078 tute-

300 3108 397 3155 lam
421 3107 563 3172 quasi
582 3107 867 3156 sentientes
891 3107 941 3155 in
966 3107 1142 3170 lupum
1168 3104 1355 3154 audac·

302 3193 383 3234 ter
406 3185 694 3247 incurrunt,
718 3199 809 3233 sen
833 3184 906 3233 nil
931 3184 1050 3232 mali
1074 3184 1140 3232 ab
1164 3198 1224 3231 eo
1248 3197 1354 3231 me-

300 3269 471 3311 tuunt.
668 3272 671 3273 ’

366 3342 427 3386 14
453 3337 655 3400 spargit
685 3343 898 3399 agrestes
933 3337 1022 3386 tibi
1055 3339 1188 3400 sylva
1213 3333 1356 3395 sran-

300 3413 404 3476 des]
437 3414 598 3462 Velut
632 3413 683 3462 in
716 3416 955 3463 honorem
981 3421 1123 3463 tuum
1146 3413 1356 3461 arbores

302 3490 405 3539 suis
429 3505 483 3539 se
506 3488 637 3539 foliis
661 3498 855 3538 exuunt
878 3496 1032 3552 atque
1056 3488 1192 3536 humi
1215 3486 1358 3549 'spar-

303 3574 466 3628 guut3
500 3565 738 3615 nimirum
772 3564 866 3612 sub
900 3562 1148 3612 Autumni
1181 3560 1354 3609 finem.

305 3642 421 3690 Hoc
456 3640 589 3701 enim
626 3641 859 3704 pertinet
898 3639 962 3687 ad
999 3640 1245 3686 rusticum
1280 3651 1361 3684 so-

305 3718 476 3767 lenne.
541 3716 726 3779 virgil.
757 3715 871 3765 Ecl.
898 3728 950 3764 V.
975 3717 1054 3763 40.
1086 3715 1100 3741 ‘
1118 3710 1360 3775 Spargite

304 3794 512 3842 humum
535 3792 706 3842 foliis!

374 3875 432 3918 15
461 3869 653 3918 Gaudet
683 3868 888 3918 invisam
921 3866 1154 3931 pepulisse
1179 3864 1360 3927 fossor,

305 3948 410 4011 Esou]
450 3946 670 3994 Choreas
707 3954 762 3995 et
799 3945 1096 3993 saltatIones
1132 3943 1183 3991 in
1221 3940 1364 3990 festis

310 4024 560 4076 celebrari
584 4039 693 4072 mos
715 4029 847 4072 erat.

374 4100 549 4166 lsssTer
568 4098 705 4162 pede]
726 4098 866 4146 Hinc
889 4098 904 4124 ‘
927 4093 1235 4162 tripudiare'
1260 4092 1364 4143 fac-

313 4189 420 4230 tum
446 4179 666 4227 videtur.
712 4175 914 4225 Tarneb.

1494 2724 1708 2773 Inoisam
1732 2722 1928 2786 terram]
1961 2720 2117 2783 Cujus
2141 2732 2297 2783 opere
2314 2724 2368 2767 et
2386 2718 2493 2767 cul-

1436 2812 1552 2851 tura
1576 2800 1807 2865 quotidie
1833 2798 2097 2861 fatigatur.
2146 2796 2331 2859 Itaque
2357 2796 2492 2858 agri-

1434 2879 1568 2940 cola,
1592 2877 1802 2938 vinitor,
1824 2874 2010 2936 fossor,
2032 2872 2321 2922 intermisso
2353 2871 2492 2927 diur-

1435 2970 1501 3004 no
1525 2953 1720 3014 labore,
1740 2959 1860 3001 tunc
1883 2950 2012 3012 otio,
2035 2947 2217 3014 quieti,
2247 2947 2494 2996 hilaritati

1437 3030 1688 3093 indulget.
1754 3029 2033 3077 Lucret.v.
2060 3028 2205 3073 1393.
2246 3024 2493 3075 rusticam

1436 3105 1779 3155 festivitatem
1820 3109 1876 3151 et
1919 3103 2247 3150 saltationem
2288 3099 2363 3149 ita
2405 3101 2496 3149 de-

1434 3182 1640 3232 scribit:
1676 3183 1691 3209 ‘
1718 3181 1832 3230 Non
1852 3178 2051 3240 magnis
2067 3176 2497 3240 opibusjucunde

1436 3272 1657 3320 corpora
1677 3255 1938 3307 habebant
1962 3288 1975 3303 .
1997 3288 2010 3302 .
2031 3288 2043 3301 .
2062 3254 2188 3300 Tum
2216 3252 2361 3314 joca,
2387 3257 2495 3300 tum

1438 3348 1625 3393 sermo,
1650 3341 1755 3380 tum
1781 3330 1957 3378 dulces
1978 3342 2088 3376 esse
2106 3327 2342 3375 cachinni
2363 3328 2496 3375 Con-

1439 3417 1680 3470 suerant;
1717 3408 1937 3472 agrestis
1959 3406 2092 3455 enim
2117 3413 2222 3453 tuni
2248 3405 2400 3452 Musa
2424 3405 2495 3451 vi-

1441 3487 1611 3550 gebat.
1675 3485 1807 3533 Tnm
1833 3488 2010 3545 caput,
2044 3486 2203 3543 atque
2244 3481 2494 3538 humeros,

1444 3562 1613 3625 plexis
1638 3559 1878 3608 redimire
1911 3556 2131 3615 coroniS,
2154 3553 2411 3615 FloribuS,
2443 3561 2497 3602 et

1441 3637 1601 3698 foliis,
1626 3635 1838 3685 lascivia
1861 3634 1984 3680 loeta
2004 3629 2281 3678 monebat:
2321 3627 2495 3692 Atque

1442 3721 1596 3764 extra
1619 3724 1886 3761 numerum
1927 3707 2227 3770 procedere,
2266 3705 2499 3754 membra

1442 3796 1710 3839 moventes
1748 3787 1990 3836 Duriter:
2034 3794 2088 3832 et
2132 3782 2260 3831 duro
2304 3789 2498 3830 terram

1445 3865 1579 3930 pede
1627 3865 1820 3928 pellere
1863 3858 2115 3915 matrem‚'
2166 3861 2265 3906 διο.
2342 3857 2503 3906 ovid.

1439 3937 1589 3991 'Fast.
1613 3952 1691 3988 vt.
1713 3943 1829 3988 293.
1858 3943 1872 3966 ⁶
1895 3937 1963 3986 Hi
1989 3936 2204 3985 ludunt:
2241 3935 2331 3982 hos
2369 3949 2504 3983 som·

1444 4033 1542 4066 nus
1579 4017 1763 4065 habeta
1800 4029 1923 4079 pars
1963 4011 2171 4061 brachia
2206 4010 2393 4072 nectit,
2432 4011 2499 4060 Et

1445 4093 1662 4142 viridem
1701 4092 1859 4143 celeri
1906 4098 1987 4140 ter
2031 4088 2162 4153 pede
2204 4078 2373 4152 pulsat
2411 4087 2498 4136 hu-

1447 4168 1621 4219 mum.'
2151 4172 2158 4179 ’
