3059 4909
1223 429 1293 488 Q.
1339 427 1657 479 noaa'ru
1713 430 1976 483 asscel

855 568 1056 647 Quod
1085 588 1218 635 non
1248 572 1461 637 imber
1490 573 1691 652 edax,
1721 594 1855 638 non
1888 573 2144 660 Aquilo
2173 579 2509 664 impotens

846 670 1085 737 Possit
1109 673 1392 753 diruere,
1422 682 1540 741 aut
1567 677 2076 744 innumerabilis

846 770 1191 839 Annorum
1220 777 1452 855 serieS,
1485 783 1553 843 et
1578 778 1740 863 fuga
1769 784 2156 864 temporum.
2668 790 2712 851 5

850 873 1011 943 Nou
1040 880 1254 943 omnis
1279 880 1549 959 moriar,
1578 880 1926 965 multaque
1958 904 2116 967 pars
2146 887 2276 953 mei

843 975 1116 1045 Vitabit
1143 980 1533 1047 Libitinam.
1621 982 1860 1067 Usque
1889 1006 2013 1069 ego
2047 996 2318 1070 postera

843 1077 1163 1147 Crescam
1189 1083 1671 1162 laude-receuS,
1701 1085 1865 1150 dum
1895 1086 2310 1172 Capitolium

847 1181 1143 1252 Soandet
1171 1206 1323 1251 cum
1351 1190 1567 1254 tacita
1598 1189 1849 1272 virgine
1880 1192 2202 1275 pontifex.

494 1348 657 1411 plavia
689 1364 1003 1414 corrumpens,
1021 1367 1108 1403 aec
1127 1354 1313 1404 Boreas
1332 1356 1564 1407 violemus
1600 1360 1840 1408 destruere
1873 1367 2031 1423 queat,
2062 1363 2137 1411 vel
2167 1366 2428 1426 temporum
2459 1365 2623 1429 lapsus
2653 1371 2705 1415 et

496 1413 830 1476 longinquitas.
902 1417 1050 1467 Haud
1070 1423 1199 1467 totus
1219 1420 1450 1471 interibo:
1481 1428 1531 1471 et
1559 1424 1717 1486 portio
1750 1426 1842 1474 mei
1860 1426 2068 1488 plurima
2090 1431 2287 1476 mortem
2304 1427 2522 1490 effugiet.
2593 1430 2702 1490 Ego

496 1491 676 1540 anper
695 1494 843 1530 nom
875 1486 1171 1545 posterorum
1204 1486 1476 1537 laudatimw
1507 1489 1729 1551 angebar,
1764 1491 1987 1554 quamdiu
2005 1506 2214 1541 umus
2232 1492 2466 1542 Sacerdos
2485 1497 2706 1544 meamet

1422 1688 1430 1693 ,
1494 1634 1710 1687 norff:
1763 1615 1770 1621 ’

494 1722 652 1787 latur,
670 1723 808 1788 quod
833 1726 898 1775 ad
923 1726 1057 1790 ignis
1080 1729 1330 1793 speciem,
1364 1732 1453 1782 τοῦ
1472 1751 1559 1781 πυ·

490 1797 592 1861 pbr,
635 1807 695 1850 ut
738 1815 830 1851 uns
870 1802 1110 1867 dicimus,
1151 1813 1466 1860 extenuatur
1504 1809 1557 1860 in

448 1884 452 1893 ·
495 1889 716 1925 conum:
761 1891 976 1942 quarum
1025 1882 1326 1944 magnitudo
1377 1886 1557 1949 quoni-

493 1955 648 2004 amin
673 1955 1030 2006 celsitudinem
1065 1960 1271 2009 nimiam
1302 1964 1556 2013 scandens

491 2031 791 2094 gracilescit
811 2033 1062 2096 paulatim
1082 2052 1096 2097 ;
1120 2036 1327 2087 umbras
1349 2054 1554 2104 quoque

489 2107 793 2157 mechanica
828 2109 1032 2160 ratione
1060 2114 1353 2164 consumit?
1417 2117 1554 2167 'Vide

489 2181 666 2231 Strab.
705 2197 850 2234 xvn.
899 2194 955 2236 et
998 2189 1216 2239 Diodor.
1283 2191 1444 2242 Sicul.
1486 2208 1552 2244 ιι.

488 2261 538 2308 2.
604 2259 710 2309 Hic
750 2264 1075 2325 pyramidem
1107 2267 1182 2317 ait
1214 2269 1485 2319 maximam
1522 2285 1554 2320 a

490 2333 726 2385 Chemmi
746 2337 894 2403 Rege
919 2349 1239 2394 exstructam
1259 2344 1479 2397 artificio
1495 2356 1553 2397 et

488 2424 649 2477 opere
695 2412 935 2471 mirabili,
974 2432 1087 2482 quae
1132 2420 1148 2447 ⁶
1173 2429 1392 2481 quatuor
1435 2431 1553 2475 erat

485 2484 728 2552 laterum,
763 2505 978 2555 quorum
1019 2489 1292 2559 quodlibet
1326 2498 1390 2547 ab
1420 2497 1551 2550 infe-

485 2561 610 2610 riori
635 2571 782 2627 parte
795 2567 984 2630 jugera
1003 2578 1204 2634 septem
1226 2573 1550 2625 continebat.

484 2637 730 2690 Altitudo
768 2644 987 2708 amplius
1037 2661 1190 2713 quam
1226 2648 1419 2714 jugera
1458 2665 1552 2702 sex

485 2716 698 2767 tolleret
724 2753 738 2770 .
763 2754 777 2768 .
803 2755 817 2769 .
840 2755 854 2772 .
878 2720 1039 2773 ferme
1086 2726 1231 2775 anuis
1283 2728 1445 2792 mille,
1490 2738 1549 2780 ut

484 2790 722 2846 referunt
746 2796 950 2860 quidam
971 2815 987 2860 ;
1013 2807 1069 2850 ut
1088 2801 1175 2850 alii
1193 2803 1425 2868 tradunt,
1444 2821 1550 2856 am-

474 2869 639 2932 ‘plius'
661 2868 826 2924 tribus
873 2875 1095 2927 millibus
1138 2879 1551 2948 quadringentis,

483 2945 549 2994 ad
585 2961 677 2997 nos
712 2962 873 3015 usque
913 2966 977 3001 ea
1007 2955 1170 3005 moles
1204 2957 1410 3023 integra
1428 2975 1550 3024 per·

482 3024 702 3072 mansitt
736 3039 803 3075 ex
846 3025 1042 3078 Arabia
1075 3030 1229 3095 longo
1269 3034 1546 3086 admodum

481 3099 670 3148 itinere
687 3099 922 3151 advectis
940 3104 1196 3168 lapidibus
1211 3113 1548 3163 constructa?

483 3173 648 3223 Istam
674 3189 729 3225 se
752 3176 944 3227 vidisse
967 3180 1135 3232 adbuc
1165 3190 1384 3236 stantem
1408 3198 1545 3239 auno

483 3252 632 3300 1688.
675 3251 868 3304 iu‘suae
905 3259 1331 3322 peregrinationis
1368 3278 1545 3315 narra-

479 3326 641 3389 tione,
665 3334 889 3379 testatur
917 3333 1151 3387 Jeannes
1177 3338 1408 3391 Greaves
1441 3343 1543 3392 As·

477 3406 748 3455 tronomiae
773 3406 1046 3459 Professor
1063 3413 1300 3478 Anglus3
1324 3431 1543 3485 eamque

481 3485 588 3530 tam
619 3481 1105 3552 Interiorem-quam
1140 3494 1453 3545 exteriorem
1487 3512 1541 3545 e-

478 3558 659 3622 gregie
680 3559 933 3611 describit
967 3566 1175 3628 qualem
1213 3567 1440 3633 inspexit
1477 3588 1540 3624 ae

479 3633 745 3686 dimensus
768 3645 866 3694 est,
888 3640 976 3689 vix
998 3644 1262 3704 paululum
1289 3646 1539 3699 deforma-

477 3717 619 3772 tau13
659 3714 918 3780 altamque
948 3717 1080 3768 dicit
1104 3720 1265 3784 pedes
1285 3723 1395 3775 fere
1418 3742 1537 3792 sep-

476 3787 774 3853 tingentos3
820 3801 875 3842 et
899 3798 1295 3849 convenientem
1319 3802 1538 3853 Diodori

474 3879 766 3917 mensuram
789 3883 879 3919 seu
903 3873 1154 3924 metiendi
1187 3877 1432 3929 rationem
1457 3896 1539 3932 as-

476 3941 624 4004 serit,
645 3946 744 3993 &c.
868 3991 873 3995 .

536 4021 570 4066 8
609 4018 746 4073 Quod
762 4035 854 4069 uon
875 4020 1022 4071 imber
1043 4027 1184 4083 edaci,
1209 4030 1319 4094 qm]
1355 4031 1531 4083 Imita-

471 4093 547 4143 tio
593 4102 678 4145 est
731 4096 1022 4150 Pindaricae
1072 4103 1328 4170 dictionis,
1371 4109 1530 4172 Pytb.

472 4169 581 4221 od.
605 4184 680 4221 vt.
714 4171 803 4220 ubi
837 4173 1116 4228 Xenocrati
1148 4190 1362 4245 paratus
1398 4187 1529 4236 dici·
1565 4222 1574 4228 ι

471 4252 560 4295 tur
581 4246 791 4297 laudum
826 4250 1112 4320 thesaurus,
1145 4273 1297 4322 quem
1321 4260 1527 4315 diruere

471 4334 566 4374 seu
606 4322 811 4376 auferre
859 4338 1084 4393 nequeat
1139 4333 1222 4382 vel
1267 4336 1527 4400 hybernus

1641 1732 1825 1796 imber,
1867 1742 1960 1786 aut
2011 1743 2218 1798 ventus,
2272 1744 2365 1787 aut
2417 1738 2701 1789 borrisonae

1641 1802 1966 1875 tempestatis
1988 1813 2255 1863 exercitus
2279 1813 2639 1879 implacabilis.

1699 1880 1732 1936 6
1767 1888 1883 1937 Non
1903 1889 2058 1943 οικιιίο
2086 1890 2282 1953 monier,
2299 1889 2410 1955 ξω]
2443 1890 2569 1962 Non
2594 1899 2699 1943 tam

1636 1964 1842 2027 auimae,
1876 1979 2028 2029 quam
2073 1965 2152 2021 sui
2187 1967 2407 2023 nominis
2440 1967 2700 2017 immorta-

1634 2041 1771 2093 litati
1807 2049 1864 2093 et
1901 2042 2162 2093 memoriae
2204 2041 2492 2093 velificatur
2531 2043 2700 2102 Poeta

1634 2127 1831 2175 noster.

1695 2200 1726 2245 7
1769 2195 2257 2259 VitabitLibitinam]
2280 2197 2564 2260 Superstes
2579 2198 2698 2261 erit,

1633 2278 1883 2322 :eternum
1903 2272 2135 2324 durabit.
2202 2273 2430 2324 Libitina
2446 2270 2697 2324 feretrum

1630 2349 1908 2414 significat.
1974 2353 2072 2402 Est
2102 2352 2263 2402 etiam
2298 2350 2538 2402 funerum
2564 2354 2699 2418 Dea,

1606 2426 1681 2479 .in
1700 2429 1849 2492 cujus
1872 2428 1985 2479 rede
2006 2429 2368 2485 vendebantur
2384 2436 2440 2481 et
2458 2430 2697 2487 locaban-

1632 2512 1714 2555 tur
1737 2520 2073 2571 quaeeumque
2097 2506 2162 2557 ad
2188 2507 2508 2570 sepulturam
2532 2508 2695 2575 perti·

1628 2582 1841 2633 nebant.
1874 2582 1920 2632 Α
1944 2583 2129 2634 libendo
2154 2582 2316 2644 dicta,
2335 2597 2400 2632 ex
2420 2583 2656 2633 Varrone
2678 2601 2692 2632 :

1625 2657 1810 2708 eadem
1852 2674 1968 2723 quae
2016 2659 2362 2721 Proserpina}
2399 2673 2498 2708 nec
2532 2661 2692 2709 etiam

1628 2734 1731 2783 alia
1745 2748 1898 2800 quam
1915 2736 2093 2785 Venus
2118 2734 2346 2800 antiquis
2373 2734 2694 2800 existimata,

1626 2817 1685 2859 ut
1738 2811 1922 2861 eadem
1964 2812 2225 2863 natalibus
2277 2820 2333 2862 et
2377 2812 2530 2862 morti
2578 2815 2693 2863 Dea

1627 2888 1951 2952 praesideret,
1987 2896 2147 2953 atque
2175 2888 2486 2953 principium
2510 2888 2692 2940 finem·

1625 2962 1725 3025 q'ue
1761 2963 1884 3013 vitae
1917 2964 1968 3013 iu
2007 2970 2274 3033 potestate
2303 2965 2552 3016 haberet:
2588 2982 2691 3032 quo

1624 3035 1923 3102 fragilitatis
1960 3039 2199 3091 humanae
2232 3042 2528 3092 mortalium
2554 3045 2692 3109 quis-

1626 3128 1725 3177 que
1777 3115 2162 3167 admoneretur.
2232 3116 2432 3189 Auctor
2480 3119 2690 3171 Plutara

1625 3189 1751 3239 chus
1774 3191 1828 3239 iu
1863 3191 2035 3241 Numa
2057 3198 2114 3241 et
2136 3192 2189 3240 iu
2215 3194 2481 3244 Problem.
2551 3198 2689 3249 Vide

1599 3333 1610 3340 η
1625 3274 1681 3319 et
1704 3269 1833 3319 Coel.
1856 3270 2081 3335 Rhodig.
2104 3285 2267 3322 xxix.
2290 3278 2371 3325 18.

1696 3346 1852 3410 Usque
1869 3361 1954 3409 ego
1980 3353 2171 3411 postera
2196 3349 2418 3399 Cressam
2440 3351 2579 3400 laude
2613 3365 2689 3400 re-

1621 3425 1753 3489 cens]
1804 3426 1968 3476 Novis
1991 3428 2045 3476 in
2066 3426 2178 3476 dies
2201 3427 2439 3478 laudibus
2460 3430 2690 3477 cumula-

1624 3500 1720 3549 bor
1735 3516 1765 3550 a
1784 3502 2004 3564 pesteris
2026 3517 2039 3551 ε
2069 3502 2253 3568 'sicque
2276 3504 2418 3552 velut
2439 3504 2686 3553 innovata

1620 3577 1723 3626 mci
1738 3578 1981 3628 memoria
1991 3592 2197 3643 semper
2212 3580 2545 3642 inclarescet,
2562 3595 2684 3631 con-

1619 3654 1763 3704 cidet
1786 3669 2043 3720 nunquam
2067 3661 2157 3705 aut
2181 3663 2439 3705 senescet.

1682 3735 1715 3780 8
1771 3731 1906 3780 Dum
1962 3731 2253 3796 Capitolium
2301 3732 2527 3795 scandet,
2573 3734 2680 3798 &ot-J

1620 3807 1762 3855 Dum
1786 3821 1936 3856 sacra
1970 3808 2146 3857 Romae
2176 3806 2305 3859 fient
2326 3810 2377 3857 iu
2402 3809 2682 3874 Capitolio,

1618 3899 1680 3934 ac
1705 3884 1923 3949 proinde
1958 3885 2202 3950 quamdiu
2242 3886 2404 3936 stabit
2440 3886 2561 3935 urbs
2588 3888 2680 3938 illa

1617 3969 1831 4010 aeterna.
1916 3961 2108 4026 virgil.
2163 3960 2366 4011 AEneid.
2421 3975 2503 4012 xx,
2559 3967 2676 4013 448.

1615 4037 1632 4067 ⁴
1660 4037 1789 4086 Dum
1814 4038 1995 4086 domus
2022 4036 2200 4086 AEueae
2235 4037 2465 4101 Capitoli
2496 4039 2678 4089 immo·

1613 4113 1720 4164 bile
1758 4129 1938 4164 saxum
1991 4114 2228 4171 Accolet,
2282 4113 2672 4180 Imperiumque

1612 4196 1766 4254 pater
1786 4191 2045 4239 Romanus
2066 4187 2317 4238 habebit.²

1674 4270 1707 4314 9
1744 4268 1866 4316 Cum
1896 4266 2047 4315 tacita
2085 4265 2297 4329 virgine]
2330 4265 2591 4317 Quamdiu
2615 4272 2671 4319 et

1614 4342 1848 4394 Vestales
1891 4343 1994 4394 rite
2030 4341 2292 4393 silentium
2336 4342 2669 4396 observantes
2763 4384 2777 4399 .
