3059 4909
1256 429 1322 491 Q.
1372 427 1694 478 noum!
1745 429 2013 504 πωροι

796 574 1013 654 Quem
1042 574 1275 640 mortis
1303 576 1521 642 timuit
1551 575 1846 660 gradum,

883 677 1024 760 Qui
1054 678 1262 745 siccis
1291 680 1511 746 oculis
1538 685 1832 747 monstra
1860 682 2184 761 natantia,
2237 755 2244 760 ,

536 862 602 912 tis
613 875 767 925 genas
777 860 1065 924 formidavit
1084 861 1169 928 qui
1188 860 1295 913 sine
1316 859 1541 925 lacrymis
1558 859 1750 925 aspexit
1764 860 1919 925 pisces
1932 867 2218 914 monstrosos
2233 867 2484 928 acuteque
2501 875 2632 912 usare
2653 859 2734 910 in·

1450 990 1816 1014 „monem

534 1075 783 1126 structio:
820 1075 938 1128 Quo
966 1088 1071 1125 non
1106 1074 1305 1125 arbiter
1336 1075 1506 1141 major
1525 1075 1710 1126 tollere
1730 1075 1891 1135 freta,
1913 1077 1996 1127 vel
2019 1089 2234 1141 ponere,
2268 1075 2314 1126 si
2347 1076 2494 1136 vult3
2528 1088 2596 1123 ne
2618 1070 2734 1139 quis

533 1141 816 1191 adhibitam
857 1141 1004 1191 nobis
1043 1140 1429 1190 distinctionem
1467 1140 1786 1192 demiretur.’
1865 1142 2163 1207 Scaligerus
2199 1141 2416 1206 legerit:
2459 1153 2632 1205 ponere
2653 1154 2736 1188 sea

531 1207 712 1257 tollere.
779 1206 940 1257 Kidd.
964 1222 1078 1256 cum
1103 1206 1278 1256 Bentl.
1302 1208 1418 1256 vole.
1483 1205 1668 1257 Codex
1691 1207 1838 1257 Carr.
1862 1223 1946 1273 ap.
1971 1206 2602 1273 Cruquiumsretam.-18
2637 1203 2739 1261 Qut

525 1273 672 1323 rectis
688 1272 834 1322 oculis
856 1287 922 1322 ex
945 1271 1251 1337 conjectura
1271 1271 1441 1324 edidit
1465 1272 1642 1324 Bentl.
1681 1287 1904 1339 eumque
1930 1274 2102 1325 secuti
2135 1276 2258 1324 sunt
2292 1270 2646 1334 Furstenberg
2682 1278 2739 1320 et

1524 1401 1742 1456 Nom-2

533 1500 749 1551 Adriae.’
811 1497 1332 1566 Atquiliypercritice
1344 1501 1449 1553 sul.
1468 1500 1594 1550 Sca·
1671 1499 1828 1550 hodie
1868 1499 2022 1551 Sinus
2056 1501 2309 1565 Venetus,
2339 1500 2478 1549 inter
2507 1494 2737 1557 ltaliam,

528 1578 678 1641 liger,
699 1583 716 1606 ‘
730 1575 1020 1641 Austrum}
1045 1579 1236 1643 inquit,
1256 1583 1272 1609 ‘
1291 1577 1592 1644 praeter'ce·
1673 1577 1950 1635 Graeciam,
1979 1577 2365 1643 Illyricumque,
2396 1574 2550 1639 longe
2571 1570 2744 1637 porri-

527 1660 667 1705 teros
704 1662 887 1704 ventos
918 1670 1168 1705 summum
1203 1656 1392 1707 babere
1428 1655 1595 1720 impe·
1672 1655 1811 1720 gitur
1831 1654 1900 1706 ad
1916 1655 2373 1721 septemtrionem.

528 1731 663 1781 rium
685 1731 738 1782 iu
759 1745 899 1782 mare
922 1730 1244 1783 Adriaticum
1274 1732 1456 1782 scribit
1482 1731 1592 1782 Ho-
1739 1735 1801 1781 17
1835 1731 1989 1788 Quem
2004 1731 2170 1781 mortis
2186 1724 2739 1792 tinntitgradum10ui·

529 1809 725 1858 ntius:
761 1808 899 1874 quod
943 1823 1058 1859 esse
1101 1807 1286 1859 falsum
1331 1807 1593 1872 intelliget
1670 1808 1789 1859 dam
1813 1814 1921 1859 tres
1956 1807 2147 1874 gradus
2179 1807 2358 1859 mortis
2398 1802 2644 1867 afferunt,
2661 1801 2740 1852 fa·

527 1885 758 1951 quisquis
791 1886 925 1937 sciet
963 1885 1291 1937 Adriaticum
1324 1896 1471 1938 recta
1503 1902 1594 1937 ex·
1675 1891 1806 1950 tum,
1843 1885 2156 1950 genituram,
2187 1896 2398 1934 casum:
2444 1880 2533 1931 alii
2553 1878 2736 1930 mortis

526 1977 739 2014 currere
770 1962 823 2013 in
854 1964 1186 2028 Vulturnum,
1216 1965 1366 2031 cujus
1391 1966 1592 2029 impetu
1674 1977 1914 2014 accessus
1932 1963 2233 2026 intelligunt
2251 1977 2267 2010 ε
2289 1966 2437 2010 certe
2457 1969 2639 2022 parum
2669 1953 2744 2011 ad

527 2040 683 2106 etiam
707 2040 900 2091 crescit
920 2039 1070 2091 Ionio
1084 2043 1390 2093 subiuvecto
1410 2041 1595 2091 Adria-

528 2114 706 2167 ticum.
774 2118 959 2168 Boreae
978 2133 1182 2183 quoque
1199 2119 1489 2183 subjectum
1510 2124 1596 2168 est

529 2193 617 2257 qui
641 2207 708 2242 ex
744 2194 852 2243 alto
884 2195 1080 2257 spirat.
1097 2229 1112 2245 .
1132 2228 1147 2244 .
1164 2230 1177 2244 .
1202 2194 1399 2244 Auster
1420 2202 1597 2244 autem

529 2282 595 2317 ex
643 2268 924 2320 devexiore
961 2280 1112 2335 parte
1146 2270 1275 2321 flans
1319 2271 1598 2337 Apennino

527 2341 815 2409 frangitur:
852 2345 1181 2411 quamobrem
1228 2361 1329 2398 non
1372 2347 1599 2413 stibruit,

528 2420 623 2471 sed
669 2421 842 2480 radit,’
885 2427 984 2474 ἃς.
1052 2422 1128 2475 At
1176 2424 1489 2476 Parthenius
1533 2440 1599 2477 ex

527 2499 692 2552 Petro
713 2500 932 2551 Medina
951 2502 1208 2568 Hispano,
1231 2502 1320 2569 qui
1351 2506 1425 2555 rei
1452 2505 1594 2556 Nau·
1616 2509 1625 2530 ’

528 2578 649 2629 ticae
682 2584 738 2634 et
776 2586 1048 2631 ventorum
1083 2582 1335 2633 rationem
1367 2584 1596 2651 luculen-

527 2663 610 2707 ter
631 2657 983 2725 investigavit,
1002 2660 1215 2726 egregie
1234 2659 1455 2713 Potitum
1477 2676 1595 2713 nos-

528 2740 670 2784 trum
693 2739 870 2784 tuetur
891 2743 947 2785 et
973 2736 1237 2788 vindicat:
1273 2743 1289 2766 ‘
1309 2736 1595 2799 Austrnm‚’

526 2809 715 2876 inquit,
732 2812 747 2838 ‘
760 2810 1010 2860 arbitrum
1030 2810 1209 2880 Adrijoe
1227 2819 1371 2864 recte
1389 2814 1465 2866 ait
1485 2814 1595 2865 Ho-

528 2888 731 2940 ratius.’
795 2890 931 2941 Nam
950 2891 1048 2941 etsi
1063 2906 1165 2941 non
1185 2893 1389 2944 omnino
1406 2894 1459 2946 in
1485 2895 1598 2945 No-

528 2971 638 3016 tum
683 2977 932 3017 excurrat
978 2964 1307 3020 Adriaticum
1338 2985 1501 3036 mare,
1526 2978 1596 3032 ,ut

529 3043 733 3098 scribit.
759 3045 1017 3109 Scaliger,
1058 3046 1386 3097 nibilominus
1419 3049 1495 3100 ita
1536 3064 1595 3101 se

526 3119 706 3186 babet,
727 3124 787 3173 ut
806 3134 911 3171 non
937 3121 1102 3174 miuus
1135 3122 1202 3173 ab
1223 3122 1420 3176 Austro
1441 3142 1594 3192 quam

527 3212 560 3247 a
597 3196 855 3251 Vulturno
888 3199 1052 3263 possit
1083 3201 1353 3256 concitari.
1418 3204 1596 3258 Enim-

526 3288 653 3325 vero
678 3275 990 3342 principales
1026 3277 1250 3345 quinque
1286 3280 1429 3334 venti
1458 3281 1594 3334 duas

526 3357 740 3415 quartas
761 3352 989 3415 babent3
1011 3354 1114 3419 (ita
1137 3355 1421 3422 loquuntur
1446 3359 1593 3413 Nau·

527 3434 598 3478 tm
620 3434 676 3482 et
701 3435 970 3480 ventorum
994 3431 1151 3496 periti
1168 3432 1212 3497 ς)
1231 3449 1358 3500 ergo
1381 3436 1594 3488 Vultur-

527 3505 579 3554 ni
599 3512 798 3571 quartae
821 3506 941 3558 duae
965 3515 1108 3573 suut,
1132 3525 1234 3561 una
1254 3512 1322 3561 ad
1343 3513 1593 3566 Subsola-

524 3596 666 3647 num,
715 3585 884 3636 altera
936 3584 1002 3635 ad
1047 3584 1299 3639 Austrum
1342 3590 1592 3655 respicit.

524 3658 696 3716 Porro
716 3662 1011 3726 hujusmodi
1035 3666 1176 3715 venti
1198 3667 1519 3732 principales
1535 3676 1593 3724 et

524 3736 719 3803 integri
761 3746 882 3789 octo
922 3739 1251 3804 referuntur3
1294 3743 1432 3792 iutra
1463 3758 1592 3808 quos

526 3814 612 3864 alii
654 3822 779 3866 suut
810 3831 937 3882 quos
973 3818 1168 3870 medios
1203 3826 1415 3876 vocant,
1450 3819 1591 3870 ‘non

525 3887 763 3953 profecto
781 3891 917 3956 quod
943 3893 1126 3942 minori
1148 3893 1333 3958 spiritu
1356 3909 1420 3946 ac
1438 3894 1592 3945 vehe-

525 3965 720 4015 mentia
740 3964 980 4022 ferantur
1012 3982 1164 4031 quam
1203 3968 1299 4032 illi,
1336 3970 1427 4021 sed
1452 3970 1592 4035 quod

525 4040 771 4091 incorum
792 4043 964 4092 medio
984 4043 1379 4097 describantur?
1403 4046 1593 4113 Itaque

525 4123 633 4167 tam
676 4119 1008 4167 vehementes
1041 4133 1158 4169 esse
1193 4129 1408 4186 quartas
1438 4138 1593 4188 quam

525 4193 863 4283 principales,
920 4196 1250 4260 perspicuum
1302 4198 1390 4251 sit.
1455 4200 1592 4254 Haec

525 4270 787 4407 ultim-222]
805 4343 968 4396 Adria
982 4362 1071 4400 seu
1090 4348 1412 4404 Adriaticum
1427 4367 1592 4418 mare,

1674 2054 1803 2091 rem.
1874 2040 2072 2090 Nostra
2106 2037 2344 2088 videatur
2373 2032 2739 2105 interpretatio

1677 2117 1847 2167 verior
1867 2131 1970 2182 quo
1992 2116 2293 2180 simplicior.
2355 2113 2516 2164 Varia
2531 2109 2739 2163 naufra-

1676 2207 1854 2257 gorum
1874 2194 2054 2243 mortis
2068 2207 2279 2256 genera,
2302 2192 2346 2242 si
2365 2191 2530 2250 lubet,
2550 2189 2733 2254 accipe

1675 2268 1923 2320 fluctibus
1953 2269 2249 2333 summergi,
2273 2285 2305 2319 a
2328 2267 2557 2335 piscibus
2578 2265 2739 2317 devo·

1676 2347 1801 2410 rari,
1824 2347 1890 2397 ad
1920 2362 2074 2414 rupes
2109 2348 2274 2412 allidi,
2308 2349 2391 2399 vel
2415 2348 2478 2414 ⁸in
2499 2345 2741 2412 scopulos

1679 2423 1963 2476 insulamve
1988 2424 2248 2477 desertam
2269 2425 2410 2492 ejici,
2433 2423 2611 2489 ibique
2634 2437 2740 2488 omf

1678 2503 1731 2553 ni
1767 2516 1869 2567 ope
1922 2503 2231 2554 destitutum
2275 2502 2649 2555 contabescere
2685 2507 2743 2568 et

1676 2580 1826 2631 mori.
1893 2579 2165 2631 Praeterea
2185 2580 2443 2645 contingit
2459 2579 2741 2646 aliquando

1676 2657 1982 2722 navigantes
2004 2665 2319 2724 tempestate
2344 2658 2618 2723 ingruente
2637 2657 2742 2718 disq

1678 2735 1802 2799 pelli
1825 2734 1891 2785 ad
1916 2733 2160 2787 barbaras
2175 2751 2313 2799 oras,
2329 2735 2418 2787 ubi
2435 2735 2521 2787 vel
2543 2733 2610 2786 ab
2634 2734 2744 2785 An·
2817 2763 2826 2772 -

1676 2811 2048 2878 thropopbegis
2085 2812 2419 2878 dilaniantur,
2454 2813 2541 2864 vol
2574 2811 2740 2862 Idolis

1677 2896 2003 2940 mactantur:
2038 2905 2141 2957 quo
2176 2891 2383 2957 quidem
2416 2888 2515 2942 fati
2548 2902 2742 2955 genere
2819 2911 2822 2916 ·

1675 2971 1878 3018 tautum
1900 2982 2005 3018 non
2034 2969 2262 3020 absumti
2296 2975 2420 3028 sunt
2442 2967 2663 3020 Orestes
2685 2975 2745 3017 et

1676 3042 1903 3108 Pylades
1953 3045 2094 3111 apud
2146 3044 2417 3096 Tauricam
2456 3044 2741 3109 regionem.

1674 3120 1811 3173 Vide
1849 3122 2088 3189 Euripid.
2133 3122 2375 3189 Iphigeu.
2419 3121 2475 3173 in
2514 3122 2700 3172 Tauris
2722 3137 2738 3172 s

1672 3199 1806 3250 item*
1833 3208 2038 3251 nostras
2075 3200 2206 3252 Not.
2240 3214 2333 3252 m.
2358 3198 2463 3251 od.
2488 3203 2540 3251 4.
2564 3202 2648 3251 88.
2669 3198 2738 3248 ad

1676 3290 1763 3327 eas
1788 3291 1974 3330 voces:
2008 3280 2025 3309 ‘
2044 3276 2326 3329 Britannos
2346 3274 2640 3342 hospitibus
2659 3274 2742 3336 seg·

1673 3353 1795 3404 ros.’
1857 3352 2013 3404 Adde
2033 3360 2092 3404 et
2111 3352 2271 3418 aliud,
2283 3354 2404 3408 navi
2424 3352 2586 3405 etiam
2606 3354 2742 3405 inte·

1673 3446 1788 3496 gra,
1821 3432 2106 3496 periculum
2144 3432 2395 3484 moriendi
2422 3432 2507 3485 vel
2537 3431 2626 3482 siti
2654 3431 2739 3481 vel

1671 3506 1810 3558 fame
1831 3507 2134 3559 reflantibus
2150 3516 2207 3561 et
2222 3509 2499 3562 contrariis
2518 3508 2605 3559 diu
2620 3522 2743 3559 ven·

1672 3586 1759 3650 tis,
1779 3585 2019 3636 nimirum
2046 3585 2098 3637 iu
2128 3584 2461 3651 navigatione
2482 3585 2737 3647 longiorig

1672 3661 1784 3714 sive
1806 3677 1925 3713 cum
1947 3676 2086 3728 aqua
2105 3662 2275 3713 dulcis
2286 3663 2401 3727 jam
2429 3676 2549 3713 rsra
2570 3660 2638 3712 ad
2659 3661 2740 3714 di·

1672 3752 1906 3788 mensum
1929 3739 2258 3796 distribuitur
2291 3738 2571 3797 siticulosis
2589 3753 2608 3801 ς
2628 3738 2737 3789 sive

1671 3828 1791 3865 cum
1834 3813 2199 3868 deficientibus
2235 3816 2471 3872 omnibus
2512 3814 2741 3872 cibariis,

1672 3890 2029 3956 navigantium
2043 3907 2176 3945 unus
2199 3894 2281 3944 vel
2296 3892 2513 3944 aliorum
2535 3892 2741 3957 conspi-

1674 3966 1876 4022 ratione
1912 3969 1995 4019 vel
2027 3977 2171 4023 sorte
2192 3970 2473 4024 assumitur
2496 3971 2740 4035 jugulan-

1674 4044 1785 4109 dus,
1806 4054 2026 4111 urgente
2038 4047 2244 4102 scilicet
2261 4053 2497 4099 extrema
2513 4048 2738 4098 necessi-

1673 4128 1800 4186 tate,
1822 4124 2070 4175 alimento
2091 4124 2287 4175 ceteris
2318 4122 2545 4176 futurus.
2577 4122 2735 4176 Quod

1673 4212 1771 4253 nec
1792 4201 2014 4264 cogitari
2025 4206 2204 4265 potest
2228 4199 2421 4266 absque
2440 4199 2673 4250 horrore.

1739 4281 1801 4327 18
1833 4279 2059 4329 Monstra
2088 4277 2333 4342 natantia]
2368 4278 2499 4330 Cete
2518 4278 2740 4343 grandia

1672 4361 1729 4404 et
1751 4354 2006 4408 immania.
2070 4355 2313 4409 Juvenal.
2332 4354 2442 4409 Sat.
2474 4368 2595 4407 xiv.
2616 4358 2733 4405 283.
