3059 4909
535 378 625 446 46
1220 396 1319 447 nn
1367 397 1647 450 uarius
1696 401 2040 456 nonnil.

541 538 701 599 Noni
733 538 962 619 generis
990 540 1144 604 Odae
1180 543 1279 604 37.

620 635 748 696 Lib.
778 656 827 699 1.
858 636 990 699 Ode
1072 640 1134 699 9.
1174 639 1382 715 Vides,
1413 651 1479 701 ut
1507 644 1630 703 alta
1658 652 1776 704 stet
1802 643 1935 704 nive
1958 643 2301 708 candidum.

1043 738 1137 797 16.
1182 737 1237 797 Ο
1266 749 1451 801 matre
1476 740 1728 821 pulchra
1753 741 1874 801 filia
1901 742 2219 822 pulchrior.

1042 836 1136 895 17.
1179 835 1375 898 Velox
1402 857 1697 898 amoenum
1727 858 1887 920 saepe
1916 839 2287 902 Lucretilem.

1036 932 1137 993 26.
1183 932 1375 995 Musis
1404 934 1653 1009 amicus,
1696 936 1990 996 tristitiam
2020 946 2082 997 et
2107 947 2321 999 metus.

1036 1031 1138 1090 27.
1183 1029 1357 1091 Natis
1386 1032 1446 1091 in
1474 1052 1647 1093 usum
1677 1033 1901 1093 laetitiae
1933 1034 2193 1114 scyphis.

1039 1129 1139 1190 29.
1183 1129 1321 1202 Ioci,
1349 1131 1540 1191 beatis
1568 1151 1728 1191 nunc
1754 1132 2016 1193 Arabum
2046 1131 2296 1192 invides.

1035 1228 1133 1285 31.
1175 1224 1338 1293 Quid
1366 1226 1707 1287 dedicatum
1734 1227 1929 1307 poscit
1964 1227 2322 1309 Apollinem.

1039 1322 1136 1381 34.
1178 1320 1401 1383 Parcus
1430 1323 1691 1384 Deorum
1721 1324 1913 1386 cultor
1940 1334 2001 1386 et
2026 1325 2394 1404 infrequens.

1042 1420 1140 1479 35.
1185 1418 1240 1478 Ο
1271 1418 1426 1481 Diva
1454 1431 1688 1501 gratum
1717 1442 1854 1501 quae
1880 1422 2034 1501 regis
2058 1421 2322 1483 Antium.

1040 1521 1135 1578 37.
1182 1518 1359 1579 Nunc
1387 1529 1480 1578 est
1502 1518 1846 1591 bibendum,
1869 1539 2027 1580 nunc
2056 1518 2209 1599 pede
2238 1519 2445 1581 libem.

740 1632 819 1674 11.
1089 1617 1144 1675 1.
1187 1614 1418 1677 Motum
1440 1636 1515 1676 ex
1541 1614 1787 1676 Metello
1816 1615 2061 1676 consule
2089 1615 2358 1677 civicum.

934 1705 941 1710 ’
1084 1716 1144 1774 3.
1187 1713 1443 1793 AEquam
1470 1721 1776 1773 memento·
1798 1714 1973 1774 rebus
1993 1713 2055 1773 iu
2085 1711 2308 1774 arduis.

1082 1814 1144 1874 5.
1185 1810 1468 1871 Nondum
1498 1812 1745 1872 subacta
1772 1810 1920 1870 ferre
1940 1809 2151 1889 jugum
2180 1809 2361 1869 valet.

1079 1907 1242 2000 ⁷·.0
1274 1927 1435 1989 saepe
1466 1928 1697 1985 mecum
1726 1917 1956 1988 tempus
1984 1907 2044 1966 in
2073 1906 2361 1967 ultimum.

1080 2010 1141 2068 9.
1185 2007 1323 2066 Non
1355 2025 1583 2087 semper
1610 2005 1826 2066 imbres
1854 2005 2107 2064 nubibus
2136 2002 2431 2082 hispidos.

1046 2103 1141 2162 11.
1184 2102 1341 2170 Quid
1369 2102 1690 2162 bellicosus
1719 2100 2038 2170 Cantaber,
2065 2109 2128 2159 et
2154 2098 2428 2180 ScytheS.

1046 2196 1140 2254 13.
1186 2193 1293 2256 Ille
1322 2205 1384 2256 et
1410 2196 1645 2256 nefasto
1673 2205 1733 2255 te
1758 2195 1962 2276 posuit
1987 2194 2108 2256 die.

1041 2292 1142 2350 14.
1187 2291 1392 2351 Eheu!
1433 2292 1704 2372 fugaces,
1733 2291 2080 2363 Posthume,
2107 2290 2457 2352 Posthume.

1048 2390 1141 2449 15.
1181 2388 1321 2449 Jam
1346 2409 1541 2470 pauca
1570 2399 1763 2450 aratro
1784 2390 1998 2470 jugera
2023 2387 2220 2468 regiae.

1042 2486 1112 2543 17
1123 2529 1139 2546 .
1184 2486 1306 2546 Cur
1333 2506 1426 2548 me
1454 2486 1708 2568 querelis
1737 2486 2040 2548 exanimas
2070 2484 2208 2546 tuis.

1043 2582 1137 2642 19.
1178 2582 1483 2655 Bacchum
1509 2583 1571 2642 iu
1601 2582 1841 2644 remotis
1867 2581 2131 2643 carmina
2157 2579 2421 2658 rupibus.

868 2741 873 2748 ,
1035 2682 1133 2748 20.
1180 2681 1236 2739 Ν
1239 2700 1316 2740 on
1343 2682 1586 2753 usitata,
1615 2701 1726 2740 nec
1753 2680 1915 2740 tenui
1944 2680 2115 2739 ferar.

716 2791 827 2834 111.
870 2760 883 2768 ’
1081 2777 1134 2837 l.
1178 2776 1295 2835 Odi
1324 2778 1637 2856 profanum
1664 2779 1901 2854 vulgus,
1930 2786 1992 2835 et
2020 2792 2212 2833 arce0.

1081 2874 1142 2932 2.
1185 2873 1544 2950 Angustam,
1573 2872 1767 2944 amici,
1794 2871 2131 2952 pauperiem
2157 2871 2301 2949 pati.

1079 2970 1138 3029 3.
1178 2968 1421 3028 Justum
1450 2977 1512 3028 et
1537 2978 1807 3027 tenacem
1836 2966 2121 3046 propositi
2152 2964 2361 3025 virum.

1073 3067 1137 3124 4.
1182 3063 1498 3124 Descende
1526 3063 1699 3137 coe10,
1727 3075 1789 3123 et
1815 3062 1912 3123 dic
1940 3082 2049 3142 age
2077 3063 2241 3125 tibia.

1075 3164 1135 3219 5.
1179 3159 1348 3220 Coelo
1376 3168 1683 3219 tonantem
1710 3159 2067 3221 credidimus
2094 3160 2327 3223 Jovem.

1072 3257 1132 3317 6.
1174 3256 1414 3317 Delicta
1441 3257 1726 3338 majorum
1754 3257 2073 3317 immeritus
2103 3257 2254 3319 lues.

1040 3356 1137 3414 17.
1182 3353 1322 3427 AEli,
1349 3364 1585 3415 vetusto
1613 3356 1827 3415 nobilis
1857 3356 1933 3414 ab
1963 3354 2169 3415 Lamo.

1034 3451 1133 3508 21.
1179 3449 1233 3509 Ο
1259 3459 1402 3510 nata
1428 3470 1660 3511 mecum
1687 3452 1935 3512 consule
1964 3451 2216 3514 Manlio·

1033 3550 1135 3607 23.
1179 3546 1349 3608 Coelo
1380 3550 1623 3628 supinas
1652 3550 1701 3609 si
1730 3549 1933 3610 tuleris
1964 3568 2196 3609 manus.

1033 3644 1133 3702 26.
1175 3643 1312 3703 Vixi
1348 3646 1562 3725 puellis
1592 3666 1777 3725 nuper
1804 3644 2076 3704 idoneus.

1035 3739 1136 3822 29.
1178 3740 1488 3820 Tyrrhena
1515 3760 1722 3821 regum
1751 3739 2086 3819 progenies,
2108 3739 2237 3800 tibi.

726 3854 822 3896 ιν.
1069 3841 1130 3897 4.
1175 3836 1427 3905 Qualem
1454 3838 1788 3897 ministrum
1815 3837 2076 3898 fulminis
2107 3837 2323 3899 alitem.

1070 3936 1131 3993 9.
1176 3936 1268 3994 Ne
1296 3936 1445 3996 forte
1475 3934 1686 3995 credas
1721 3934 2051 4008 interitura,
2077 3954 2232 4013 quae.

1036 4029 1132 4089 14.
1174 4028 1326 4097 Quae
1354 4049 1496 4090 cura
1524 4041 1777 4111 patrum,
1815 4051 2024 4110 quaeve
2054 4030 2390 4100 Quiritium.

1037 4126 1131 4185 15.
1175 4123 1435 4185 Phoebus
1462 4126 1757 4187 volentem
1785 4125 1992 4205 praelia
2018 4146 2111 4186 me
2139 4125 2321 4205 loqui.

609 4245 939 4318 Dncmmu
963 4265 1220 4313 eunus:
1250 4262 1317 4314 ut
1338 4273 1388 4317 1.
1411 4254 1531 4316 Od.
1557 4257 1650 4315 11.
1675 4274 1810 4333 quae
1833 4265 1924 4315 est
1948 4254 2322 4316 Monocolos.
2380 4254 2532 4313 Sunt
2554 4253 2713 4318 enim
