3059 4909
499 344 629 414 216
1226 360 1291 421 Q.
1341 356 1662 408 HORATII
1715 354 1976 406 rucei

758 456 1351 616 Insanieqtisspuim
1381 471 1732 587 sapientiae
1800 563 1838 605 Ι

848 606 1210 709 ΟοηξμΙωε,
1241 578 1411 682 εἵη-ο,
1450 579 1623 671 nune
1654 613 2009 709 retrorsum

930 708 1106 775 Vela
1138 710 1322 788 dare,
1354 687 1558 793 atque
1588 711 1826 773 iterare
1859 686 2098 774 cursus

759 810 980 896 Cogor
1008 813 1315 878 relictos:
1345 832 1637 896 namque
1670 811 2037 897 Diespiter,
2660 808 2703 873 5

762 915 911 999 Igni
945 936 1229 982 corusco
1258 915 1490 981 nubila
1533 915 1840 980 dividens

502 1102 633 1152 ditus
666 1101 831 1150 oberro
845 1116 867 1158 ;
886 1084 995 1161 jann
1013 1113 1119 1148 vero
1141 1103 1307 1148 eontra
1328 1096 1559 1161 velificari
1578 1096 1751 1159 adigor
1769 1102 1819 1146 et
1838 1096 2084 1149 ἀίηιὲεσαηι
2103 1096 2229 1146 siam
2247 1095 2472 1157 relegere.
2539 1092 2704 1142 Exime·

501 1182 611 1217 vero
630 1164 1109 1229 Jupiter-muribus
1127 1164 1271 1214 nubes
1280 1164 1478 1228 findens
1489 1177 1577 1227 per
1591 1165 1761 1212 sudum
1778 1161 2048 1212 intonantes
2064 1176 2207 1225 equos
2226 1176 2283 1210 ac
2297 1161 2500 1210 velocem
2513 1172 2703 1208 eun-um

1419 1300 1690 1321 moveo
1697 1300 1785 1320 eoo·

1903 1337 1915 1364 f

502 1402 746 1463 Jani‚Ad
782 1417 832 1451 se
860 1403 1030 1466 ipsum,
1063 1402 1122 1451 de
1161 1400 1260 1451 Dei
1290 1402 1507 1465 potentia
1530 1406 1578 1450 et
1602 1400 1947 1451 Fortuna—5
1985 1399 2105 1449 Nic.
2146 1398 2393 1449 Heinsius
2437 1396 2502 1446 ad
2544 1393 2701 1446 Ovid.

504 1468 641 1517 Met.
664 1481 790 1516 vm.
813 1471 926 1517 173.
960 1467 1084 1518 etin
1109 1466 1330 1516 Advers.
1355 1466 1445 1515 lib.
1476 1479 1537 1514 ιι.
1560 1480 1675 1529 cap.
1699 1471 1748 1517 4.
1772 1481 1822 1524 p.
1846 1469 1964 1515 236.
1999 1465 2203 1514 emend.
2225 1470 2368 1528 atque
2388 1463 2565 1513 iterare
2598 1475 2702 1510 cur-

502 1547 585 1581 sus
605 1533 762 1595 Cogor
782 1532 998 1593 reiectos,
1031 1539 1085 1582 et
1117 1532 1194 1582 sic
1230 1531 1403 1580 Bentl.
1436 1532 1624 1581 Sanad.
1650 1537 1706 1580 et
1739 1529 1903 1581 Kidd.
1928 1529 2186 1594 probante
2212 1529 2477 1589 Gesner03
2513 1528 2705 1590 impro-

503 1596 748 1646 bantibus
772 1611 895 1647 vero
918 1598 1136 1647 Baxter.
1170 1596 1316 1660 sani,
1339 1603 1395 1646 et
1418 1597 1691 1646 Klotz—6
1724 1598 1741 1625 ‘
1765 1595 1879 1658 [gni
1913 1609 2106 1645 corusco
2140 1595 2305 1645 nubila
2337 1594 2573 1652 dividens,
2605 1591 2722 1656 ple--

502 1675 700 1725 rumque
723 1661 1050 1726 distinguunt
1074 1663 1266 1711 Venet.
1294 1663 1440 1711 1590.
1471 1661 1692 1712 Ascens.
1729 1660 1908 1712 Lamb.
1944 1660 2102 1711 Fabi-c
2126 1660 2315 1710 Heius.
2338 1660 2521 1722 Steph.
2546 1657 2704 1719 Rutg.

502 1726 627 1775 Fab.
656 1728 850 1777 Dacer.
873 1728 1006 1778 Cun.
1030 1734 1086 1778 et
1106 1727 1241 1778 Sivr.
1304 1726 1406 1776 Sed
1433 1726 1485 1776 id
1511 1725 1793 1786 absurdum
1818 1725 2021 1789 praebet
2044 1737 2268 1775 sensum.
2335 1725 2505 1774 Recte
2524 1723 2702 1787 itaque

502 1790 721 1840 dividens
742 1793 1042 1857 Plerumque,
1076 1807 1163 1857 per
1195 1808 1245 1855 p.
1277 1794 1358 1856 ἔμ’.
1395 1792 1563 1856 Bang.
1598 1791 1756 1842 Obss.
1782 1792 1968 1841 Philol.
2009 1792 2109 1841 vol.
2138 1806 2204 1840 11.
2231 1807 2282 1855 p.
2307 1794 2452 1841 1435.
2485 1786 2700 1839 Creech.

1487 1922 1702 1975 NOTAE

502 2020 654 2085 dique
687 2021 924 2087 congerit
965 2027 1020 2072 et
1058 2022 1285 2072 cumulat
1315 2021 1563 2088 quicquid
1710 2023 1855 2072 Nunc
1875 2027 2133 2071 retrorsum
2155 2019 2273 2070 Vela
2291 2017 2430 2081 dare]
2466 2017 2708 2082 Metaph.

501 2098 773 2160 gravitatis
814 2111 927 2147 esse
972 2104 1147 2161 potest
1186 2098 1238 2147 in
1278 2098 1465 2162 verbis,
1510 2100 1563 2147 in
1646 2116 1676 2151 a
1700 2100 2285 2166 nautis,quiarectose
2306 2097 2575 2147 aberrasse
2590 2109 2705 2146 cur·

499 2174 699 2238 figuris,
720 2176 772 2223 in
797 2175 1086 2225 sententiis.
1153 2176 1254 2224 Eas
1275 2176 1463 2240 passim
1488 2183 1563 2225 at·
1643 2193 1704 2226 su
1743 2176 2116 2242 intelligentes,
2157 2175 2211 2224 iu
2252 2173 2568 2224 contrarium
2594 2173 2704 2238 jam

501 2252 675 2309 tende,
699 2252 884 2309 lector,
908 2257 962 2302 et
987 2258 1313 2303 consectare.
1643 2260 2036 2305 convertuntur.
2620 2253 2624 2258 ’

566 2331 597 2379 2
634 2321 928 2378 Ῑπεαπὶὲπίὶε
963 2326 1233 2393 sapientia]
1282 2325 1562 2393 Ὀξῦμωρον.

501 2405 588 2455 Sic
611 2404 662 2454 in
697 2406 862 2469 Ajace
890 2406 1169 2470 Sophocles
1192 2406 1374 2470 ἐχθρῶν
1407 2405 1561 2471 ἄδωρα

500 2487 636 2549 δῶρα.
693 2486 748 2536 S.
783 2485 1000 2548 Gregor.
1035 2486 1350 2538 Nazianzen.
1382 2486 1564 2551 ἄσοφοι·

501 2560 664 2625 σοφία.
728 2562 867 2613 Tull.
914 2563 1104 2627 Philip.
1139 2578 1181 2615 1.
1222 2565 1562 2628 ‘insepultam

499 2638 853 2702 sepulturam?
919 2640 972 2689 S.
997 2640 1136 2704 Aug.
1178 2637 1245 2690 de
1269 2642 1424 2693 Civit.
1459 2642 1563 2692 Dei

502 2728 643 2764 xvn.
667 2719 745 2766 18.
783 2716 1125 2779 ‘insipienter
1147 2717 1368 2781 sapere.'

501 2883 591 2917 nes
634 2884 887 2932 spernens
923 2870 1196 2933 religiones
1241 2872 1295 2919 in
1326 2873 1565 2934 gravissi·

500 2959 639 2994 mum
663 2959 888 2997 errorem
912 2946 1121 3010 impegi.
1189 2946 1298 2998 Cic.
1336 2948 1562 3016 dte-Nat.

500 3024 662 3073 Deor.
707 3038 747 3072 1.
786 3028 898 3073 122.
932 3026 946 3053 ‘
969 3025 1226 3088 Epicurus
1270 3041 1336 3075 ex
1379 3027 1563 3077 animis

497 3099 759 3150 hominum
795 3100 1026 3151 extraxit
1069 3102 1316 3153 radicitus
1356 3105 1562 3170 religio-

498 3188 639 3238 nem,
658 3189 776 3225 eum
801 3177 916 3226 Diis
934 3177 1307 3229 immortalibus
1330 3186 1384 3230 et
1408 3195 1560 3245 opem

498 3258 553 3300 et
581 3252 813 3314 gratiam
839 3255 1064 3306 sustulit.
1086 3257 1322 3307 ...Tollit
1347 3258 1559 3324 idssquod

498 3328 723 3378 maxime
769 3331 1031 3394 proprium
1070 3339 1150 3382 est
1181 3334 1564 3416 optimae'prae·

499 3404 933 3473 stantissimaeque
967 3414 1186 3461 naturae.
1253 3410 1393 3463 Quid
1424 3412 1562 3461 enim

498 3481 700 3546 melius,
737 3488 827 3533 aut
849 3484 971 3548 quid
996 3487 1562 3549 praestantius-bonita-

500 3562 555 3606 te
588 3564 645 3608 et
676 3559 1057 3611 beneficentia?
1092 3578 1196 3628 qua
1231 3578 1348 3613 cum
1381 3577 1561 3614 carere

498 3637 673 3686 Deum
700 3638 908 3688 vultis..
923 3671 957 3700 .‚
981 3640 1236 3689 neminem
1253 3638 1316 3689 ab
1336 3654 1399 3690 eo
1421 3651 1561 3691 ama-

494 3713 563 3776 ri,
606 3715 862 3766 neminem
906 3716 1051 3779 diligi
1089 3718 1559 3772 vultis...Quanto

496 3790 661 3841 Stoici
696 3792 896 3849 melius,
921 3794 1013 3857 qui
1036 3808 1066 3843 a
1096 3794 1245 3845 vobis
1276 3797 1559 3859 reprehen-

497 3864 689 3916 duntur
708 3868 747 3915 ?'
792 3870 865 3917 Et
895 3872 1079 3926 η.,124.
1116 3870 1220 3921 ‘At
1250 3872 1407 3923 etiam
1430 3875 1559 3937 Epi-

497 3942 763 3999 curiliber
781 3950 864 3993 est
886 3943 951 3993 de
973 3946 1269 3997 sanctitate.
1312 3949 1559 4001 Ludimur

497 4019 564 4067 ab
587 4019 792 4069 homine
816 4034 918 4069 non
960 4027 1063 4070 tam
1094 4021 1287 4086 faceto,
1314 4042 1466 4089 quam
1490 4028 1556 4078 ad

496 4094 761 4145 scribendi
772 4097 1035 4148 licentiam
1053 4099 1236 4154 libero.
1272 4104 1404 4157 Quae
1423 4106 1560 4156 enim

497 4172 771 4295 ⁴iglinctitas,
790 4173 834 4223 si
852 4174 941 4230 Dii
957 4175 1181 4229 humana
1200 4194 1304 4231 non
1326 4188 1511 4233 curant
1525 4182 1563 4232 Ρ

550 4261 596 4297 c.

1706 2336 1738 2381 4
1775 2332 1961 2398 Iter-ure
1983 2344 2149 2380 cursus
2174 2329 2333 2391 Cogor
2363 2325 2574 2389 relictos,
2597 2324 2704 2389 ξω]

1644 2408 1817 2459 Fater-i
1840 2423 2000 2473 cogor
2019 2407 2157 2457 hunc
2182 2422 2212 2456 a
2236 2405 2348 2456 Diis
2374 2404 2550 2455 orbem
2577 2403 2705 2467 regi,

1643 2502 1826 2553 resque
1847 2488 2094 2537 humanas
2127 2485 2192 2535 ab
2220 2485 2283 2534 iis
2307 2485 2478 2535 curari
2501 2500 2515 2532 ε
2552 2484 2705 2534 adeo-

1642 2579 1743 2630 que
1763 2564 2013 2620 „Stoicam
2046 2562 2374 2627 disciplinam
2416 2561 2706 2625 amplexus,

1645 2641 1860 2705 Epicuri
1883 2642 2131 2706 dogmata
2160 2653 2466 2704 erroresque
2498 2638 2703 2702 abjicio.

1648 2717 1886 2784 Namque
1916 2718 2070 2768 video
2109 2731 2209 2767 non
2238 2716 2401 2766 solum
2433 2716 2628 2765 coactis
2651 2721 2708 2765 et

1644 2797 1834 2846 collisis
1879 2795 2098 2845 nubibus
2142 2793 2196 2843 fu
2256 2808 2351 2843 ura
2387 2798 2444 2843 et
2479 2794 2709 2843 tonitrua

1644 2872 1775 2936 fieri,
1795 2872 1883 2922 sed
1909 2886 2037 2936 puro
2059 2871 2165 2921 etia
2234 2870 2398 2930 coelo;
2428 2869 2563 2935 quod
2588 2883 2704 2919 cum

1645 2958 1840 3014 praeter
1881 2955 2121 2999 naturam
2177 2947 2267 3009 sit,
2315 2944 2544 3009 divinum
2594 2960 2707 3012 esse

1644 3032 1883 3091 oportet:
1920 3025 2043 3084 hinc
2081 3038 2205 3089 ergo
2238 3022 2522 3088 sapientior
2549 3020 2705 3072 effee-

1645 3111 1728 3153 tus
1751 3102 1899 3154 Jovis
1923 3099 2232 3167 potentiam,
2247 3112 2454 3156 numen,
2475 3099 2705 3164 iramque

1644 3181 1872 3231 revereri
1887 3180 2047 3230 disco.
2082 3177 2218 3227 Vide
2242 3176 2352 3228 Cic.
2377 3176 2443 3225 de
2466 3176 2703 3226 Divinat.

1641 3274 1705 3310 11.
1729 3274 1778 3310 n.
1803 3262 1885 3309 43.
1912 3265 1968 3308 et
1985 3260 2067 3307 44.
2105 3257 2317 3305 Lucret.
2334 3252 2429 3302 lib.
2450 3267 2525 3302 vr.
2547 3253 2703 3317 paulo

1644 3341 1768 3401 post
1787 3335 2004 3397 initium,
2025 3337 2122 3383 διο.

1707 3417 1737 3461 5
1763 3409 2035 3475 Diespiter]
2056 3407 2288 3474 Jupiter,
2306 3405 2405 3455 diei
2427 3411 2577 3470 pater
2600 3403 2706 3454 dic-

1644 3494 1743 3537 tus.
1777 3488 1948 3537 Varro
1973 3486 2039 3536 de
2061 3484 2208 3549 Ling.
2233 3484 2349 3532 Lat.
2374 3496 2457 3532 lv.
2479 3479 2548 3531 A.
2568 3480 2706 3531 Gen.

1643 3580 1692 3615 v.
1713 3569 1793 3615 12.
1825 3561 2065 3613 Macrob.
2086 3561 2292 3611 Saturn.
2315 3573 2358 3611 1.
2384 3563 2462 3619 15.
2488 3558 2704 3609 ‘Jovem

1642 3642 1775 3693 lucis
1800 3650 2066 3692 auctorem
2104 3640 2418 3703 accipiamus
2439 3654 2455 3686 ε
2491 3637 2629 3687 unde
2651 3642 2708 3686 et

1641 3720 1916 3771 Lucetium
1936 3717 2064 3768 Salii
2080 3717 2132 3765 in
2150 3714 2464 3765 carminibus
2480 3720 2703 3766 canunt:

1640 3804 1695 3847 et
1718 3797 1999 3847 Cretenses
2033 3791 2127 3843 Δία
2158 3790 2248 3851 τὴν
2268 3789 2447 3855 ἡμέραν
2480 3796 2701 3840 vocant:

1638 3874 1835 3937 ipsique
1850 3870 2065 3921 Romani
2079 3867 2403 3932 Diespitrem
2420 3868 2703 3932 appellant,

1638 3957 1695 3999 nt
1720 3948 1824 3997 diei
1846 3944 2087 4011 patrem!
2701 3981 2704 3990 ι

1705 4030 1737 4075 6
1771 4023 1889 4086 Igni
1917 4037 2105 4073 corusco
2140 4020 2302 4072 nubila
2320 4020 2558 4084 dividens]
2591 4020 2702 4071 Cic.

1642 4104 1708 4154 de
1731 4104 1912 4154 Divin.
1935 4104 2030 4154 cit.
2054 4101 2143 4153 lib.
2161 4116 2229 4152 11.
2260 4101 2276 4129 ‘
2297 4102 2485 4152 Nonne
2505 4098 2699 4164 perspi·

1641 4194 1795 4231 cuum
1835 4185 1933 4243 est,
1971 4194 2037 4230 ex
2071 4179 2237 4242 prima
2255 4176 2518 4227 hominum
2541 4175 2700 4227 admi·

1641 4256 1865 4321 ratione,
1886 4254 2025 4322 quod
2049 4254 2278 4307 tonitrua
2303 4253 2581 4320 jactusque
2602 4249 2699 4304 ful-
