3059 4909
1103 449 1202 497 An
1249 450 1671 500 oARmNUM
1723 453 1870 501 ωε.
1920 455 2032 503 111.
2509 442 2645 511 545

438 589 514 642 At
532 590 788 642 neminem
812 593 958 656 puto,
986 590 1212 656 quicum
1233 596 1387 649 sensu
1409 591 1587 658 legere
1602 592 1766 657 possit
1788 590 2085 661 Horatium,
2102 597 2342 657 existere,
2358 600 2501 666 quin,
2519 602 2643 654 dum

437 673 538 723 boc
556 672 832 731 CarminIs,
862 677 1098 722 ceterum
1119 673 1334 738 egregii,
1352 672 1626 724 exordium
1647 674 1804 739 legat,
1831 676 2131 740 “gravissime
2152 679 2330 730 statim
2348 679 2644 734 offendatur

439 758 547 804 tam
568 753 736 803 alieno
765 755 882 804 loco
904 754 1077 820 posita
1094 768 1157 804 ac
1190 769 1284 820 per
1310 762 1432 805 octo
1457 752 1637 804 versus
1662 760 1928 818 protracta
1948 759 2152 821 gener-Is
2169 759 2364 810 Lamiae
2388 763 2641 826 pradica—

439 835 597 886 tione.
661 836 857 886 Verum
891 835 1016 900 jure
1045 835 1242 886 dixisse
1274 836 1328 886 in
1359 835 1683 900 Argumento
1717 837 1863 888 nobis
1884 838 2137 903 videmur,
2157 841 2200 890 si
2229 855 2330 893 vss.
2352 846 2467 894 2-5.
2503 844 2644 896 inter

436 916 713 981 legendum
751 917 1081 983 omittantur,
1115 917 1279 967 multo
1315 917 1543 968 breviori
1579 923 1737 983 atque
1758 919 2064 984 elegantiori
2098 922 2301 986 generis
2322 926 2649 976 commenda-·

437 991 600 1062 tione,
626 1014 744 1065 quae
769 998 836 1050 ad
863 999 1027 1050 solum
1056 1006 1295 1050 ornatum
1318 1006 1549 1063 spectet,
1571 1013 1633 1049 ac
1655 1013 1749 1063 pro
1771 1001 2008 1050 vocativo
2036 1001 2123 1060 sit,
2146 1001 2368 1069 denique
2391 1007 2644 1069 peculiari

436 1080 594 1131 alicui
620 1080 879 1132 occasioni
899 1081 1081 1132 deberi
1104 1081 1362 1146 videatur,
1385 1080 1606 1146 lyricum
1626 1093 1833 1131 sensum
1855 1095 1956 1131 non
1981 1082 2199 1148 amplius
2219 1082 2429 1136 offendi.
2486 1087 2640 1139 Quod

434 1159 606 1224 ipsum
629 1175 746 1212 cum
759 1162 995 1226 jam'non
1016 1161 1184 1212 levem
1205 1160 1404 1212 inferre
1426 1160 1772 1225 suspicionem
1794 1174 2009 1212 necesse
2031 1165 2119 1226 sit,
2139 1179 2252 1216 esse
2274 1165 2387 1216 illos
2410 1181 2587 1218 versus
2609 1182 2643 1219 a

436 1243 570 1293 mala
594 1257 747 1293 manu
770 1243 1062 1308 importune
1081 1242 1321 1304 insertos,
1342 1248 1451 1292 tum
1475 1241 1688 1293 eosdem
1708 1257 1847 1294 nnnc
1870 1257 1900 1294 e
1922 1245 2209 1309 praeceptis
2245 1261 2405 1311 supra
2438 1249 2643 1313 exposi-

437 1322 505 1372 tis
531 1324 822 1377 accuratius
844 1323 1145 1388 expendere
1166 1330 1323 1390 atque
1340 1323 1638 1374 examinare
1662 1324 1852 1388 placet.

499 1403 730 1452 Primum
753 1401 1079 1453 manifestam
1101 1402 1300 1453 babent
1326 1403 1382 1453 hi
1404 1410 1760 1468 quatuor‘vss.
1781 1405 2006 1470 speciem
2030 1407 2212 1460 scholii
2234 1406 2345 1458 sive
2369 1408 2643 1473 glossema-

435 1484 542 1545 tis;
574 1484 712 1548 quod
735 1484 941 1548 quidem
964 1491 1280 1536 momentum
1300 1485 1520 1550 amplius
1546 1486 1800 1536 declarari
1819 1488 2030 1550 poterit,
2053 1488 2164 1554 nbi,
2184 1489 2440 1555 quomodo
2462 1503 2644 1541 versus

432 1565 606 1615 exorti
628 1565 759 1628 sint,
774 1565 1219 1628 investigabimus.
1284 1567 1499 1617 Deinde
1524 1568 1637 1632 quis
1660 1582 1764 1618 non
1786 1568 2049 1634 intelligit,
2078 1576 2233 1636 quam
2256 1571 2445 1622 inscite
2465 1586 2528 1622 ac
2551 1571 2645 1621 im·

428 1642 1110 1713 portune'interrumpatur,
1133 1647 1234 1698 illis
1257 1648 1605 1713 interpositis,
1638 1650 1935 1701 sententia?
1968 1651 2187 1703 subistis
2218 1656 2419 1716 contra,
2443 1658 2644 1718 'quanto

430 1728 608 1790 optior
646 1729 901 1779 connexio
929 1730 1324 1795 elegantiorque
1362 1730 1638 1783 conversio
1677 1731 1978 1796 sententiae,
2012 1734 2208 1799 quanto
2242 1734 2449 1799 dignius
2471 1733 2644 1785 Poeta

432 1808 703 1860 exordium
721 1808 820 1860 sit?
857 1809 989 1861 Quis
1011 1811 1149 1861 enim
1171 1825 1274 1861 non
1294 1812 1444 1864 malit
1465 1812 1641 1876 legere
1664 1813 1769 1863 sic:

883 1941 1004 2006 AEli,
1026 1947 1237 1992 vetusto
1259 1940 1448 1992 nobilis
1474 1942 1540 1992 ab
1560 1943 1745 2008 Lamo,

883 2023 985 2075 Qui
1012 2023 1330 2080 Formiarum
1353 2027 1548 2074 moenia
1570 2023 1762 2074 dicitnr

947 2104 1206 2170 Princeps
1229 2112 1286 2156 et
1309 2107 1577 2156 innantem
1600 2105 1821 2155 Maricae

1079 2185 1364 2237 Litteribus
1384 2186 1616 2237 tenuisse
1638 2184 1799 2235 Lirim

882 2266 1014 2316 Late
1038 2271 1313 2331 tyrannus:

432 2392 622 2461 Neque
644 2396 807 2447 solum
832 2396 958 2447 illud
983 2397 1177 2459 elucet,
1202 2411 1353 2462 posse
1377 2397 1504 2448 istos
1527 2404 1751 2464 quatuor
1783 2411 1960 2447 versus
1996 2397 2138 2448 salvo
2160 2403 2331 2448 metro
2354 2397 2536 2462 abjici,
2552 2395 2645 2447 sed

430 2477 611 2542 etiam,
634 2478 697 2529 ab
720 2479 900 2544 inepto
921 2479 1125 2529 bomine
1148 2493 1234 2529 eos
1258 2493 1373 2530 esse
1395 2479 1641 2543 insertos,
1662 2494 1728 2530 ex
1754 2493 1817 2551 eo
1835 2479 1993 2529 etiam
2015 2478 2243 2544 suspicio
2265 2486 2363 2536 est,
2378 2479 2517 2545 quod
2536 2485 2644 2530 tam

431 2556 618 2610 inscite
649 2574 709 2610 ac
742 2560 930 2609 misere
953 2567 1268 2610 connectere
1298 2573 1386 2610 eos
1417 2574 1534 2610 cum
1564 2559 1903 2625 sequentibus
1924 2559 2177 2625 versibus,
2198 2568 2355 2626 atque
2376 2561 2440 2610 ad
2462 2561 2643 2610 horum

432 2641 745 2690 sententiam
768 2639 1040 2691 reflectere
1061 2641 1346 2691 orationem
1370 2648 1589 2692 conatus
1611 2646 1713 2690 est.
1782 2641 1910 2690 Cum
1929 2640 2066 2690 enim
2087 2626 2162 2690 rs.
2186 2644 2236 2690 5.
2269 2647 2285 2671 ‘
2304 2641 2453 2692 ducis
2471 2640 2489 2666 ’
2522 2655 2649 2691 vera

432 2722 505 2770 sit
536 2720 713 2784 lectio,
745 2727 805 2771 ut
821 2723 874 2770 in
896 2722 1132 2772 VV.LL.
1157 2720 1498 2786 ostendimus,
1522 2728 1632 2771 tum
1656 2727 1838 2785 aperte
1861 2721 1981 2784 ista,
2013 2719 2272 2772 ‘Auctore
2292 2722 2358 2773 ab
2382 2723 2472 2772 illo
2495 2722 2646 2772 ducis

431 2800 720 2873 originem‚'
743 2803 886 2853 allita
909 2809 1031 2853 sunt
1053 2804 1265 2866 ceteris,
1302 2810 1364 2853 ut
1391 2804 1717 2867 interruptus
1744 2816 1906 2853 nexus
1942 2817 2059 2853 cum
2093 2818 2206 2869 sqq.
2244 2803 2387 2856 ‘Qui
2409 2804 2647 2853 Formia-

432 2886 584 2946 rum,’
603 2887 701 2934 ἅτε.
722 2884 1126 2937 restitueretur.'
1163 2885 1296 2934 Nam
1319 2885 1372 2934 in
1393 2882 1700 2936 Observatt.
1722 2885 1961 2950 equidem
1984 2884 2037 2934 id
2060 2890 2264 2934 tantum
2283 2891 2492 2935 secutus
2517 2892 2648 2949 snm,

432 2972 666 3031 utquam
689 2965 1042 3016 mollissimam
1064 2965 1392 3035 maximeque
1429 2965 1754 3017 tolerabilem
1790 2965 1953 3029 spurii
1993 2965 2143 3028 liujus
2177 2964 2519 3015 additamenti
2554 2979 2646 3014 ex-

431 3047 766 3113 plicationem
786 3046 998 3098 darem:
1037 3061 1093 3098 re
1117 3045 1290 3099 antem
1311 3062 1438 3098 vera
1464 3048 1591 3097 mihi
1628 3036 1928 3112 persuasum
1952 3053 2053 3109 est,
2078 3046 2507 3111 interpolatorem
2530 3060 2647 3096 ver·-

431 3122 519 3185 ba,
544 3125 811 3179 ‘Auctore
835 3129 901 3179 ab
925 3128 1052 3194 illo,'
1088 3129 1154 3180 ad
1178 3145 1292 3196 sqq.
1323 3134 1341 3159 ‘
1355 3128 1459 3183 Qui
1481 3127 1959 3191 Formiarum,'&c.
1981 3125 2166 3178 referri
2182 3126 2425 3178 voluisse.
2478 3126 2648 3190 Igitur

430 3210 652 3259 oriretur
675 3210 934 3261 sententie
955 3226 970 3260 ι
1006 3211 1056 3261 O
1080 3210 1198 3276 AEli,
1216 3210 1304 3277 qui
1330 3227 1362 3262 a
1384 3212 1545 3262 Lamo
1568 3209 1863 3274 descendis,
1887 3217 1945 3260 tu
1966 3209 2215 3274 originem
2237 3208 2384 3259 ducis
2408 3223 2438 3258 a
2462 3207 2646 3271 Lamo,

432 3289 541 3354 qui,
556 3293 656 3340 dcc.
712 3290 788 3341 At
809 3306 960 3357 quam
984 3291 1173 3361 inepta·
1189 3294 1474 3358 conversio,
1499 3293 1587 3343 vix
1613 3292 1893 3358 proletario
1916 3291 2099 3342 Poetae
2118 3289 2464 3354 ignoscenda!
2522 3289 2647 3339 vid.

429 3370 553 3420 VV.
565 3369 673 3420 LL.
697 3372 785 3422 ubi
808 3373 987 3436 etiam,
1010 3388 1113 3424 non
1137 3376 1352 3425 multum
1377 3372 1581 3439 profici,
1604 3373 1888 3435 docuimus,
1908 3372 1950 3420 si
1973 3373 2150 3437 legere
2173 3370 2407 3434 velimus,
2426 3369 2443 3397 ‘
2460 3368 2648 3420 ducit.’

429 3445 503 3502 Et
532 3450 575 3500 si
597 3453 681 3502 vel
704 3453 779 3502 ita
802 3453 1120 3505 constituere
1156 3456 1362 3519 placeat
1403 3461 1562 3520 atque
1599 3453 1869 3519 explicare
1898 3450 2251 3518 parenthesin,
2291 3450 2370 3500 uti
2407 3450 2459 3499 in
2484 3450 2643 3500 Obss.

431 3532 755 3597 propositum
776 3541 885 3601 est,
909 3542 1085 3585 tamen
1107 3534 1181 3587 sic
1201 3536 1357 3587 etiam
1379 3534 1595 3586 indocta
1617 3532 1822 3587 omnino
1844 3534 2108 3585 sententia
2129 3538 2245 3585 est:
2283 3530 2332 3581 Ο
2365 3531 2483 3594 AEli,
2500 3531 2589 3597 qui
2613 3546 2645 3581 a

430 3613 593 3664 Lamo
635 3612 932 3680 descendis,
977 3621 1037 3664 tu
1075 3616 1210 3666 enim
1250 3617 1318 3667 ab
1354 3617 1445 3667 illo
1486 3616 1647 3668 Lamo
1689 3623 1902 3668 auctore
1937 3615 2235 3678 descendis,
2281 3612 2532 3679 siquidem
2574 3610 2649 3661 fe-

433 3702 575 3760 runt,
595 3698 696 3747 dte.
1503 3697 1507 3703 '
1725 3696 1728 3701 ⁴

499 3776 637 3827 Nam
657 3791 725 3828 eo
763 3791 899 3828 nnnc
923 3776 1092 3845 venio,
1113 3783 1174 3829 ut
1195 3781 1681 3845 ostendam,versus
1716 3779 2028 3832 istosetiam
2054 3794 2150 3845 per
2172 3793 2227 3829 se
2243 3777 2389 3842 ipsos
2411 3766 2643 3840 interpo-

430 3857 566 3909 latos
602 3858 770 3924 prodi.
834 3858 1066 3910 Primum
1092 3860 1231 3909 enim
1265 3874 1381 3912 eam
1414 3862 1530 3912 illos
1566 3861 1937 3912 obscuritatem
1969 3876 2032 3912 ae
2058 3858 2418 3911 difficultatem
2441 3859 2493 3907 in
2517 3868 2641 3908 con·

433 3940 771 3990 structionem
804 3938 1017 4006 inferre,
1050 3940 1137 3990 vix
1176 3946 1237 3991 ut
1269 3944 1536 3993 commode
1569 3944 1655 3993 illa
1688 3943 1925 4008 expediri
1958 3943 2139 4007 possit,
2171 3953 2498 4007 quocumque
2531 3952 2641 3988 sese

429 4017 706 4083 Interpres
747 4028 1041 4085 convertat,
1078 4036 1195 4072 cum
1240 4035 1306 4071 ex
1350 4023 1501 4073 modo
1547 4023 1721 4087 dictis,
1759 4030 1871 4073 tum
1918 4038 1984 4073 ex
2029 4023 2147 4072 VV.
2168 4023 2273 4073 LL.
2315 4020 2642 4083 intelligitur.

433 4100 669 4164 Deinde,
689 4101 732 4160 si
756 4103 1065 4153 sententiam
1088 4103 1256 4167 ipsam
1278 4102 1488 4169 ejusque
1509 4104 1900 4153 conversionem
1919 4109 2149 4167 spectes,
2171 4103 2297 4151 nibil
2319 4100 2555 4165 profecto
2577 4113 2640 4148 ea

436 4181 520 4230 vel
543 4182 792 4249 inutilius,
816 4184 900 4233 vel
923 4184 1170 4250 ineptius,
1191 4184 1416 4250 cogitari
1437 4193 1528 4235 aut
1548 4185 1669 4249 fingi
1689 4185 1872 4249 possit.
1942 4183 2122 4234 Lamia
2145 4184 2336 4234 dicitur
2357 4182 2533 4232 nobile
2557 4194 2644 4244 ge-

433 4276 532 4312 nus
548 4263 612 4313 ab
629 4263 789 4314 Lamo
811 4265 1039 4330 ducere,;
1063 4268 1161 4318 hoc
1186 4266 1523 4318 confirmatur
1546 4282 1714 4331 exeo,
1733 4267 1854 4332 quia
1876 4267 2036 4316 etiam
2054 4266 2214 4330 ipsius
2232 4266 2467 4328 majores,
2490 4269 2647 4327 atque

439 4344 567 4394 adeo
587 4345 644 4409 (o
678 4346 976 4396 miraculum
997 4346 1042 4412 l)
1077 4362 1253 4401 omnes
1275 4351 1455 4401 horum
1490 4349 1742 4412 majorum
1765 4354 1986 4413 nepotes
2008 4361 2040 4397 a
2065 4346 2225 4397 Lamo
2248 4343 2647 4396 descenderintz

567 4424 742 4489 Delpli.
763 4431 812 4476 et
833 4426 949 4479 ναν.
970 4429 1102 4482 Clas.
1504 4429 1686 4481 Horat.
2380 4430 2413 4475 2
2452 4425 2508 4474 Μ
