3059 4909
985 413 1415 464 ›osusunust
1464 400 1612 462 un.
1660 413 1775 461 111.
1821 397 1888 462 6.
2417 394 2548 460 428

696 559 855 625 Non
886 559 991 623 his
1012 557 1341 642 juventus
1371 565 1522 622 orta
1551 555 1938 641 parentibus

694 659 933 724 Infecit
958 678 1188 743 aequor
1217 659 1536 741 sanguine
1565 658 1854 735 Punico,

779 762 1243 845 Pyrrhumque
1269 768 1339 827 et
1366 762 1692 845 ingentem
1723 758 1973 825 cecidit

862 863 1270 928 Antiochum
1294 862 1877 945 Hannibalemque
1908 859 2161 926 dirum:

2453 759 2541 824 35

345 1048 462 1083 raus
503 1025 690 1097 ingenti
729 1039 955 1088 mercede.
1023 1038 1139 1087 Non
1181 1037 1405 1100 ejusmodi
1441 1036 1712 1100 parentibus
1749 1035 1856 1085 uati
1884 1034 2085 1095 juvenes
2125 1046 2253 1082 mre
2294 1022 2539 1081 tinxerunt

347 1113 511 1150 eruore
556 1102 1022 1165 Carthaginensium,
1067 1109 1116 1153 et
1154 1102 1474 1174 profligavere
1503 1100 1769 1165 Pyrrhum,
1801 1100 2121 1163 Magnumque
2150 1096 2455 1158 Antiochum,
2491 1093 2539 1141 et
2610 1105 2611 1108 ’

1267 1231 1609 1251 stum„

348 1317 403 1358 et
430 1311 640 1375 Pyr-mn
679 1311 940 1364 variantes
975 1329 1060 1377 ap.
1082 1314 1358 1366 sant—36
1395 1313 1796 1376 Hannibalemque
1814 1312 1984 1360 durum
2016 1314 2240 1374 quatuor
2258 1304 2541 1368 Torrentii,

350 1373 525 1452 Pulm.
548 1376 739 1426 Beller.
772 1386 830 1427 et
865 1379 1072 1429 Diestb.
1094 1380 1224 1429 Exc.
1245 1380 1370 1429 Sax.
1393 1378 1555 1428 Brod.
1579 1378 1718 1440 Lips.
1741 1381 1792 1426 2.
1812 1390 1843 1425 a
1867 1391 1933 1425 m.
1952 1390 1994 1425 s.
2021 1373 2236 1424 Locher.
2261 1372 2399 1420 Flor.
2420 1369 2537 1420 Zar.

349 1447 403 1488 et
426 1440 635 1503 quidam
658 1443 745 1492 alii
770 1443 900 1494 Mas.
926 1452 981 1494 et
1004 1444 1124 1494 edd.
1189 1444 1293 1493 Sed
1314 1443 1473 1494 dirum
1497 1444 1694 1493 Comm.
1711 1443 1866 1504 Crnq.
1888 1438 2096 1503 plurimi
2119 1437 2296 1486 Bentl.
2319 1435 2470 1484 Harl.
2496 1438 2540 1481 l.

349 1507 401 1553 2.
419 1508 469 1582 ³:
483 1507 532 1553 4.
554 1510 603 1555 5.
622 1510 672 1556 θ.
708 1522 885 1558 omnes
908 1510 1086 1561 Lamb.
1109 1509 1266 1574 Cruq.
1291 1515 1348 1557 et
1372 1508 1695 1567 Bersmanni‚
1735 1520 1913 1566 omnes
1936 1519 2017 1568 ap.
2037 1503 2181 1563 sani,
2202 1503 2390 1551 venet.
2412 1498 2538 1548 Asc.

347 1568 530 1621 Basill.
550 1570 642 1621 Ste
681 1572 733 1620 h.
752 1573 905 1623 Fabr.
922 1575 982 1624 Τι
1006 1574 1133 1624 Fab.
1154 1574 1338 1624 Heius.
1360 1573 1531 1622 Bentl.
1556 1573 1715 1622 Baxt.
1738 1571 1868 1619 Cun.
1887 1570 2008 1621 Jon.
2025 1569 2144 1619 San.
2162 1566 2350 1629 Delph.
2374 1562 2540 1614 Boud.

341 1632 606 1712 Schrevel:
665 1636 765 1693 ani,
792 1639 999 1702 Bipont.
1029 1640 1165 1690 Sivr.
1189 1638 1398 1688 Mitsch.
1425 1638 1634 1687 Wetzel.
1658 1633 1865 1686 Wakef.
1891 1633 2075 1683 Comb.
2100 1641 2155 1681 et
2179 1628 2341 1681 Kidd.
2371 1628 2387 1655 ⁴
2406 1627 2538 1678 Pro-.

348 1697 502 1748 batur
533 1708 687 1752 enam
723 1717 751 1751 e
786 1703 1008 1755 Quintil.
1031 1717 1154 1755 vm.
1175 1708 1222 1753 2.
1243 1709 1301 1752 et
1325 1703 1373 1751 h.
1396 1702 1431 1753 l.
1455 1703 1556 1751 vim
1580 1701 1824 1765 majorem
1863 1699 2040 1760 habet,
2076 1712 2190 1748 cum
2213 1710 2329 1760 sup.
2354 1707 2416 1742 n.
2436 1691 2542 1743 od.

348 1766 427 1811 12·
452 1768 502 1814 2.
527 1765 792 1817 diceretur
811 1770 827 1795 ‘
847 1768 1109 1817 Hannibal
1132 1766 1323 1817 durus.’
1384 1765 1506 1816 Vid.
1530 1766 1734 1815 Victor.
1754 1766 1906 1814 Varr.
1929 1764 2099 1812 Lectt·
2122 1775 2186 1810 ιι.
2209 1764 2296 1811 24.
2343 1757 2541 1807 Hunni-

342 1826 624 1893 bammum
640 1831 937 1896 Annibalem,
959 1832 1287 1883 scribendum
1305 1846 1439 1893 esse,
1453 1833 1564 1895 jam
1587 1832 1833 1881 monitum
1852 1829 1918 1878 ad
1937 1841 1998 1878 u.
2017 1827 2120 1877 Od.
2138 1830 2217 1875 12.
2236 1823 2302 1874 2.’
2334 1823 2540 1872 duni.—

1334 1961 1551 2014 NOTAE

410 2065 474 2110 88
513 2061 625 2110 Nou
644 2061 720 2110 Itis
739 2060 968 2123 ,iuventus
990 2065 1113 2124 orta,
1136 2058 1242 2122 ξω]
1286 2059 1405 2110 Non

346 2138 535 2188 talibus
558 2137 881 2189 effoeminatis
914 2147 970 2188 et
1006 2139 1266 2204 corruptis
1302 2136 1406 2186 orti

348 2216 651 2279 parentibus
663 2214 868 2266 fuerant
882 2216 918 2265 ii
939 2216 1147 2278 milites,
1161 2215 1248 2280 qui
1268 2228 1403 2279 prae·

347 2292 518 2342 claros
541 2292 743 2355 Populo
767 2292 1000 2342 Romano
1017 2291 1300 2355 triumphos
1319 2305 1405 2355 pe·

343 2371 596 2432 'pei-erunt
614 2384 632 2419 t
666 2368 752 2434 qui
774 2369 946 2419 navali
964 2368 1244 2419 certamine
1267 2367 1403 2418 vice-

344 2451 467 2494 runt
517 2445 970 2512 Carthaginenses,
1025 2452 1079 2495 et
1131 2444 1150 2472 ⁶
1172 2443 1401 2494 Siculum

345 2537 488 2573 mare
545 2524 710 2573 Poeno
757 2536 1074 2588 purpureum
1120 2519 1402 2584 sangnine’

348 2598 722 2650 reddiderunt:
767 2607 828 2650 ut
866 2606 945 2649 est
981 2599 1033 2647 in
1064 2611 1126 2647 ιι.
1164 2596 1284 2647 Ode
1322 2601 1401 2647 12.

344 2676 483 2727 Vide
506 2675 576 2726 ibi
601 2676 725 2727 Not.
749 2676 837 2740 qui
876 2675 1153 2742 Pyrrhum,
1185 2675 1272 2739 qui
1293 2675 1402 2725 An·

346 2753 593 2816 tiochum,
625 2753 713 2817 qni
749 2752 1096 2802 Hannibalem
1127 2764 1403 2815 superave-

345 2837 470 2880 runt
490 2844 551 2879 ac
570 2828 890 2879 ceciderunt.

410 2909 472 2955 85
508 2904 778 2971 Pyrrhum]
828 2905 884 2955 Is
918 2904 1249 2968 Epirotarum
1288 2916 1403 2966 rex,

346 2987 619 3046 paternum
655 2996 814 3046 genus
855 2981 920 3031 ad
962 2981 1261 3046 Herculem,
1297 2982 1404 3030 ma·

346 3066 551 3109 ternum
575 3059 640 3109 ad
665 3058 916 3108 Achillem
955 3056 1234 3107 referebat.
1299 3057 1404 3107 Im-

347 3136 549 3199 perium
572 3136 711 3186 orbis
734 3137 904 3186 animo
925 3149 1154 3198 versans,
1178 3134 1243 3184 de
1267 3135 1405 3184 bello

346 3212 592 3262 Romanis
630 3211 900 3263 inferendo
937 3210 1189 3275 Apollinis
1223 3223 1403 3261 oracu-

344 3289 449 3338 lum
482 3289 768 3350 consuluit3
803 3289 1109 3354 delususque
1148 3294 1229 3337 est
1265 3287 1404 3337 anci·

346 3365 447 3429 piti
472 3377 748 3432 responso:
782 3367 797 3395 ⁸
818 3363 917 3414 Alo
942 3371 1014 3428 te,
1035 3363 1267 3419 AEacida‚
1299 3364 1405 3414 Ro-

345 3439 525 3493 manos
549 3443 756 3493 vincere
779 3442 962 3506 posse!
1008 3439 1196 3506 Itaque
1211 3441 1401 3490 Taren-

344 3520 471 3569 tinis
493 3518 667 3569 ferens
691 3520 931 3569 auxilium
952 3517 1195 3568 adversus
1218 3519 1406 3568 Roma·

347 3611 461 3659 nos,
493 3598 692 3664 ingenti
717 3596 923 3661 quidem
948 3602 1225 3660 apparatu,
1250 3611 1280 3644 a
1304 3595 1406 3645 Cu-

349 3675 428 3724 rio
452 3669 802 3740 Fabricioque
824 3672 1133 3723 Consulibus
1161 3670 1410 3738 profliga-

343 3759 433 3803 tus
451 3759 548 3802 est.
594 3752 731 3802 Flor.
751 3766 790 3801 1.
814 3754 890 3800 18.
915 3749 1221 3799 itascribit:
1248 3750 1263 3779 ⁸
1286 3749 1408 3799 Qui-

345 3844 465 3880 nam
507 3829 583 3879 illi
623 3828 836 3880 fuerunt
872 3827 990 3883 viri,
1023 3839 1150 3891 quos
1186 3825 1253 3874 ab
1286 3825 1408 3874 Ele-

348 3907 556 3972 phantis
581 3906 746 3971 primo
767 3904 947 3969 praelio
965 3902 1188 3953 obtritos
1204 3901 1408 3965 accepi-

348 3986 500 4034 mus?
535 3984 777 4034 Omnium
816 3982 1030 4032 vulnera
1065 3981 1120 4030 in
1154 3986 1404 4043 pectore:

346 4060 555 4126 quidam
576 4059 806 4112 hostibus
835 4058 940 4108 suis
977 4055 1265 4107 immortni:
1299 4067 1405 4103 om-

251 4173 256 4178 ·
349 4140 490 4189 nium
514 4139 566 4187 in
587 4136 819 4196 manibus
842 4149 993 4186 enses
1012 4151 1027 4196 ς
1054 4140 1110 4184 et
1131 4133 1329 4183 relicte
1352 4132 1406 4181 in

350 4215 580 4265 vultibus
601 4213 771 4277 minae,
800 4219 857 4263 et
889 4213 943 4262 in
980 4211 1092 4275 ipsa
1128 4216 1295 4260 morte
1329 4209 1407 4258 ira

349 4292 580 4345 vivebat.
666 4290 820 4344 Quod
873 4290 1005 4341 adeo
1054 4289 1272 4339 miratus
1326 4293 1409 4339 est

1486 2058 1738 2123 Pyrrhus,
1774 2062 1832 2106 ut
1865 2055 2092 2106 diceret:
2128 2050 2357 2116 Qqnsm
2384 2045 2541 2096 facile

1488 2142 1603 2184 erat
1644 2134 1781 2183 orbis
1821 2131 2099 2195 Imperium
2138 2139 2412 2190 occupare,
2452 2131 2544 2172 aut

1484 2212 1610 2261 mihi
1634 2211 1878 2262 Romanis
1902 2208 2168 2270 militibus,
2182 2211 2270 2254 aut
2293 2217 2372 2251 me
2398 2202 2541 2265 Rege

1485 2283 1880 2348 Romanis‚’&c.

1548 2366 1799 2427 Ingentem
1813 2358 2118 2422 Antiochum]
2143 2357 2426 2407 Commune
2444 2353 2545 2401 Re·

1482 2453 1601 2505 gum
1625 2441 1788 2505 Syriae
1811 2450 2000 2487 nomen
2018 2436 2117 2485 hoc
2133 2439 2266 2494 erat,
2281 2438 2416 2480 teste
2438 2428 2546 2491 Ap·

1484 2520 1657 2584 piano.
1702 2513 1807 2565 Hie
1828 2522 2012 2579 aperte
2034 2510 2338 2572 designatur
2362 2504 2544 2553 Antio-

1483 2596 1611 2646 chus
1651 2597 1995 2657 eognome'nto
2031 2587 2271 2648 Magnus.
2339 2580 2542 2632 Bellum

1483 2672 1644 2722 movit
1661 2662 1964 2733 impellente
1977 2660 2292 2723 Hannibale,
2305 2658 2392 2724 qui
2408 2658 2424 2688 ⁴
2443 2657 2546 2704 vic-

1485 2756 1568 2797 tus
1605 2754 1663 2795 et*
1696 2742 1946 2807 profugus
1981 2740 2183 2790 hostem
2219 2735 2412 2800 populo
2443 2732 2545 2781 Ro·

1387 2849 1394 2854 -
1483 2832 1640 2872 meno
1667 2828 1791 2870 ¹toto
1814 2815 1957 2868 'orbe
1995 2810 2292 2882 querebat?
2334 2841 2339 2845 -
2376 2809 2544 2858 Acilio

1467 2893 1766 2950 Glabrione
1782 2895 2008 2947 Consule
2023 2891 2315 2944 debellatus
2330 2894 2426 2947 est,
2442 2900 2547 2934 ess·

1484 2977 1555 3027 sis
1595 2973 1940 3041 quadraginta
1981 2969 2225 3031 millibus,
2266 2964 2437 3028 captis
2476 2960 2544 3011 ad

1484 3056 1711 3122 quinque
1733 3052 1912 3103 millia.
1974 3047 2172 3099 Tullius
2196 3049 2291 3110 pro
2329 3041 2542 3093 Sextio:

1482 3132 1829 3185 ‘Antiochum
1855 3129 1999 3180 illum
2038 3127 2289 3189 Magnum
2319 3120 2545 3183 majores

1484 3212 1649 3263 nostri
1673 3223 1859 3274 magna
1882 3205 2005 3257 belli
2026 3197 2377 3259 contentione,
2400 3202 2544 3245 terra

1484 3276 1716 3354 marique
1759 3289 2081 3349 superatum,
2136 3280 2271 3327 intra
2314 3279 2544 3322 montem

1482 3368 1712 3416 Taurum
1736 3371 1955 3425 regnare
1981 3350 2290 3421 jusserunt!
2355 3349 2425 3399 Et
2448 3359 2547 3410 pro

1485 3443 1778 3505 Dejotaro:
1829 3439 1846 3468 ‘
1868 3434 2154 3487 Antiochus
2194 3429 2416 3491 Magnus
2456 3425 2545 3472 ille

1486 3518 1602 3567 Rex
1620 3552 1632 3565 .
1646 3551 1660 3567 .
1675 3551 1687 3566 .
1701 3528 1816 3565 cum
1841 3523 2042 3562 omnem
2062 3510 2195 3556 hanc
2213 3504 2413 3563 Asiam,
2428 3514 2542 3564 qum

1485 3607 1622 3643 nunc
1643 3596 1724 3640 est
1749 3594 1926 3639 nostra
1960 3582 2259 3649 prov-incia,
2274 3575 2547 3636 amisisset,

1485 3671 1663 3720 dicere
1693 3673 1774 3715 est
1806 3663 2004 3716 solitus,
2041 3657 2262 3719 benigue
2283 3652 2381 3702 sibi
2405 3664 2435 3700 a
2457 3663 2549 3714 po-

1488 3733 1611 3812 pulo
1629 3744 1862 3794 Romano
1878 3751 1992 3787 esse
2012 3727 2225 3792 factum,
2246 3730 2381 3795 quod
2399 3728 2547 3777 nimis

1487 3835 1672 3888 magna
1693 3814 2054 3883 procuratione
2069 3809 2319 3859 liberatus
2329 3804 2547 3854 modicis

1489 3897 1637 3961 regni
1668 3892 1901 3945 terminis
1925 3891 2196 3939 uteretur.’
2264 3882 2403 3931 Vide
2423 3881 2549 3930 Plu-

1489 3974 1654 4026 tarch.
1679 3973 1732 4021 in
1749 3969 1878 4019 Vita
1896 3965 2177 4029 Scipionis,
2192 3961 2345 4011 Oros.
2370 3973 2446 4008 ιν.
2463 3962 2554 4027 90..

1486 4052 1626 4102 Flor.
1659 4061 1722 4099 11.
1752 4051 1815 4097 ’8.
1860 4044 2056 4097 Justln.
2102 4052 2266 4090 xxxx.
2307 4037 2422 4087 Liv.
2457 4035 2551 4085 lib.

1487 4140 1638 4178 xlm.
1663 4123 1890 4189 Appian.
1913 4124 2035 4192 &cs

1554 4210 1618 4255 36
1645 4201 2052 4276 Hannibalemque
2065 4190 2247 4255 dirum]
2269 4190 2405 4242 Vide
2422 4189 2550 4241 Not.

1484 4298 1551 4338 ιι.
1578 4281 1681 4334 Od.
1705 4284 1787 4332 12.
1952 4281 1959 4286 ·
2118 4275 2125 4304 ῑ
