3059 4909
557 414 701 483 322,

1227 460 1233 467 .
1278 412 1348 491 Q.
1396 422 1718 478 nonam
1769 414 2050 476 anneot*
2109 434 2116 443 ·

909 573 1097 654 Non,
1126 575 1187 640 si
1215 575 1521 651 menia,
1556 578 1889 658 quotquot
1914 576 2071 639 eunt
2098 570 2271 651 dieS,

905 675 1172 755 Amice,
1202 676 1435 761 places
1460 674 2016 758 lllaerymabilem

997 778 1294 845 Plutona
1322 779 1527 844 tauris
1550 798 1569 860 3
1614 777 1735 861 qni
1762 781 1861 841 ter
1889 774 2188 860 amplum

1079 881 1441 967 Geryonen
1468 878 1849 964 Tityonque
1883 879 2054 945 tristi
2143 958 2150 965 ,

562 1069 763 1121 Plutoni
775 1068 1074 1124 inexorabili,
1084 1067 1167 1132 qni
1184 1071 1257 1118 ter·
1271 1078 1493 1128 magnum
1513 1064 1781 1127 Geryonem
1800 1066 1847 1112 et
1868 1060 2064 1128 Tityum
2081 1060 2423 1127 coercetfiuvio
2437 1061 2594 1127 letali,
2606 1074 2768 1126 nempe

1470 1208 1809 1233 mmm
1816 1210 1847 1232 e

561 1312 779 1364 codd.et
789 1313 908 1364 edd.
928 1323 1055 1366 vett.
1076 1330 1162 1378 ap.
1182 1314 1217 1368 J
1222 1316 1417 1367 επὶ-5
1440 1316 1456 1344 ‘
1473 1314 1608 1376 Non,
1621 1315 1665 1362 si
1682 1314 1880 1364 tricenis
1897 1327 2071 1362 omnes
2086 1311 2241 1376 Cruq.
2261 1310 2457 1375 praeter
2467 1307 2591 1374 dno,
2609 1306 2762 1360 Harl.

561 1383 612 1428 2.
636 1381 686 1427 8.
708 1382 759 1429 4.
783 1382 830 1430 5.
852 1384 903 1431 6.
925 1381 1094 1445 Lipss.
1123 1389 1251 1444 tres,
1278 1382 1411 1431 Altt.
1434 1380 1590 1430 Dess.
1610 1379 1838 1429 Helmst.
1855 1380 2044 1428 Venet.
2063 1383 2209 1428 1599.
2226 1378 2348 1427 Vet.
2378 1375 2562 1427 Comb.
2587 1374 2763 1425 Basili.

566 1446 710 1494 1527.
723 1447 867 1494 1531.
885 1444 1042 1495 Fabr-
1056 1447 1218 1511 Rutg.
1235 1446 1418 1510 Steph.
1443 1446 1644 1494 Falsum
1663 1445 1941 1494 lectionem
1966 1444 2136 1506 arguit
2152 1444 2236 1492 vel
2255 1443 2418 1506 prima
2436 1441 2643 1507 syllaba
2658 1441 2764 1489 lon-

562 1506 668 1572 ga.’
688 1510 824 1560 Jani.
845 1512 1070 1562 meantis
1084 1527 1213 1562 unus
1228 1513 1390 1574 Cruq.
1409 1510 1632 1560 Mentel.
1653 1510 1845 1559 venet.
1861 1510 2006 1559 1492.
2027 1509 2244 1559 Locher.
2264 1508 2465 1558 trecenis
2479 1506 2632 1556 Harl.
2649 1509 2696 1556 1.
2709 1511 2764 1555 et

562 1573 771 1636 plurimi
790 1583 922 1639 optt.
943 1591 1059 1626 cum
1083 1578 1203 1628 edd.
1228 1583 1452 1628 recentt.
1499 1576 1568 1624 V.
1585 1575 1743 1624 Brod.
1766 1576 1990 1625 Miscell.
2011 1587 2074 1624 ιι.
2089 1578 2171 1625 19.
2203 1579 2342 1624 erunt
2364 1573 2464 1622 dies
2486 1572 2629 1634 Lips.
2650 1574 2762 1620 3.-

558 1640 591 1687 ⁷
611 1638 752 1703 Lips.
770 1643 820 1689 4.
837 1640 916 1704 qni
930 1642 1021 1691 tibi
1034 1646 1363 1708 amplum—8
1382 1642 1652 1708 Geryonem
1662 1640 1817 1691 codd.
1836 1649 1892 1691 et
1906 1641 2084 1690 multae
2099 1639 2219 1691 edd.
2238 1655 2322 1705 ap.
2336 1637 2487 1700 Jani3
2511 1637 2763 1701 Geryonen

1544 1768 1762 1821 NOTAE

557 1866 834 1932 tilioribus,
860 1871 1102 1934 paulatim
1127 1871 1320 1920 arescit
1344 1880 1531 1934 corpus
1554 1880 1616 1917 ac

558 1942 810 2010 durescit,
855 1955 911 1997 et
946 1949 1080 1998 cutis
1122 1947 1173 1996 in
1211 1963 1363 2013 rugas
1408 1954 1613 1996 contra-

555 2021 714 2073 hitur.

619 2104 650 2148 5
685 2099 819 2161 Non,
841 2099 888 2148 si
909 2099 1141 2164 trecenis]
1188 2100 1409 2151 Etiamsi
1450 2100 1619 2150 tribus

555 2175 786 2240 quotidie
829 2175 1170 2226 Hecatombis
1197 2177 1477 2227 Plutonem
1514 2184 1621 2227 sat-

556 2265 679 2316 agas
711 2252 941 2316 placare,
980 2269 1080 2303 non
1121 2254 1297 2305 litabis
1335 2263 1527 2318 tamen,
1565 2261 1622 2305 et

553 2328 776 2380 mortem
788 2328 980 2381 frustra
995 2328 1369 2395 deprecabere.
1391 2333 1621 2397 AEschyl.

555 2404 712 2473 Μόνος
739 2411 869 2459 Θεῶν
903 2406 997 2473 ’γὰρ
1029 2407 1242 2459 Θάνατος
1263 2409 1318 2459 οὗ
1335 2410 1488 2475 δώρων
1513 2411 1621 2475 ἐρᾷ,

554 2482 678 2535 Οὐδὲ
699 2484 835 2543 θύων,
861 2476 958 2535 οὕτὶ
986 2485 1276 2536 ἐπισπένδων
1301 2490 1446 2538 ναοῖς.
1501 2488 1618 2539 Sola

552 2562 769 2613 Deorum
783 2578 908 2613 mors
924 2579 1016 2614 non
1034 2565 1222 2628 capitur
1237 2565 1619 2630 muneribus,nec

548 2638 595 2688 si
613 2640 849 2706 sacrifices
868 2640 920 2689 in
937 2642 1139 2706 templis.

619 2714 860 2778 incenis]
896 2716 1183 2781 Perpetem
1209 2717 1383 2783 aliqui,
1403 2719 1615 2783 tricenis,

549 2792 699 2855 cujus
738 2793 903 2858 prima
937 2795 1138 2859 syllaba
1173 2811 1288 2845 cum
1331 2797 1400 2846 sit
1435 2797 1613 2864 longa,

547 2869 703 2919 metri
730 2868 846 2934 lege
868 2876 1094 2922 arcetur.

564 2960 567 2963 ·
612 2950 646 2995 6
680 2946 1093 3012 Illacrymabilem]
1123 2946 1507 3013 Lacrymabiles
1533 2953 1609 3002 di-

548 3027 735 3072 cuntur
757 3022 793 3072 ii
817 3022 906 3088 q'ui
931 3022 995 3072 ad
1027 3023 1425 3075 misericordiam
1451 3025 1614 3079 facile·

545 3100 819 3147 moventur
840 3113 934 3162 per
954 3099 1207 3163 lacrymas
1239 3107 1295 3151 et
1325 3114 1540 3165 preces:
1577 3120 1608 3156 e

544 3175 808 3224 contrario
838 3174 1031 3224 Pluton
1066 3183 1284 3227 vocatur
1313 3178 1606 3245 illacryma-

543 3249 681 3313 bilis,
734 3251 824 3316 qui
875 3264 1135 3315 nunquam
1185 3251 1437 3306 flectitur.
1472 3272 1479 3277 ·
1517 3259 1603 3309 Sic

545 3328 744 3378 Erasm.
766 3325 981 3393 ἄδακρυς,
1001 3328 1332 3395 implacabilis,
1353 3330 1503 3398 eujus
1538 3333 1605 3386 ob
1655 3390 1658 3395 ,

540 3403 911 3456 inexorabilem
930 3407 1182 3458 saevitiam
1202 3408 1605 3477 illacrymemus‚

541 3484 709 3548 lnquit
728 3484 1049 3534 Torrentius.

605 3563 637 3609 7
671 3558 905 3626 Plutona]
952 3561 1244 3613 Inferorum
1276 3571 1334 3615 et
1375 3571 1601 3628 mortuo-

540 3650 652 3686 rum
673 3637 860 3689 Deum.
926 3639 981 3689 Is
1009 3640 1220 3691 Saturni
1251 3640 1404 3705 filius,
1433 3641 1602 3693 frater

541 3719 715 3763 autem
751 3710 898 3766 Jovis
943 3728 1005 3766 ae
1047 3716 1301 3781 Neptuni.
1381 3718 1456 3769 Hi
1491 3725 1599 3769 tres

536 3790 614 3839 ita
653 3794 924 3856 paternum
965 3807 1176 3856 regnum
1210 3793 1467 3844 divisere:
1503 3795 1599 3847 Ju-

538 3868 677 3930 piter
703 3869 913 3934 quidem
938 3868 1222 3920 Orientalis
1251 3870 1416 3934 plagae
1438 3872 1602 3921 sorti«

536 3951 622 3993 tus
661 3946 1084 4011 est‘lmperium,
1112 3952 1170 3998 et
1210 3960 1327 3997 cum
1363 3945 1483 3997 inde
1511 3950 1600 3998 lux

536 4021 751 4078 oriatur.
776 4023 975 4072 Coelum
1000 4023 1168 4073 dictus
1193 4030 1274 4073 est
1298 4029 1600 4090 occupasse.

536 4098 817 4161 Neptunus
832 4098 1031 4149 Insulas
1046 4101 1247 4164 babuit,
1263 4100 1400 4152 unde
1419 4112 1475 4153 et
1492 4118 1597 4154 ma-

539 4174 605 4221 ris
647 4173 879 4247 dominus
911 4190 972 4224 ac
996 4175 1138 4226 Deus
1174 4179 1467 4242 appellatus
1499 4189 1597 4231 est.

534 4245 697 4298 Pluto
735 4256 862 4304 natis
915 4252 1153 4304 minimus
1197 4255 1596 4308 occidentalem

534 4322 760 4381 obtinuit
782 4326 1219 4395 regionem‚secus
1233 4331 1463 4395 inferum
1486 4349 1593 4385 ma-

1695 1880 1770 1916 re.
1803 1866 1944 1916 Hinc
1962 1864 2143 1916 fabula
2169 1863 2421 1916 dominari
2448 1861 2644 1914 Inferis
2661 1863 2760 1915 ait:

1696 1954 1753 1996 et
1776 1945 2016 2010 quoniam
2051 1951 2206 1995 terrae
2233 1941 2513 1993 visceribus
2536 1941 2762 1992 condun-

1697 2028 1785 2072 tur
1820 2022 2033 2071 metalla
2055 2021 2255 2072 auri·et
2286 2020 2511 2084 argenti,
2543 2019 2766 2073 Divitia-

1698 2115 1809 2149 rum
1828 2101 1976 2149 Deus
1997 2099 2324 2149 existimatus
2349 2103 2453 2158 est,
2472 2101 2529 2146 et
2542 2096 2683 2147 Ditis
2700 2108 2763 2146 ac

1696 2175 1885 2225 Plutus
1922 2177 2114 2226 dictus.
2193 2177 2435 2225 Lactant.
2466 2172 2649 2224 Divin.
2674 2172 2762 2223 In-

1696 2252 1865 2303 stitut.
1889 2252 1983 2302 lib.
2008 2266 2050 2302 1.
2092 2253 2428 2317 Nequevero
2451 2249 2760 2314 praetermit⁶

1695 2330 1908 2378 tendum
1946 2328 2082 2395 quod
2113 2335 2337 2379 testatur
2373 2327 2501 2378 Coel.
2536 2318 2766 2392 Rhodigi

1695 2423 1843 2460 xvn.
1879 2415 1962 2461 21.
2016 2424 2215 2472 eorum,
2247 2424 2361 2475 quae
2392 2406 2457 2458 ad
2491 2404 2766 2458 defuneto·

1696 2501 1809 2537 rum
1843 2492 2087 2551 spectant
2119 2486 2334 2546 cultum,
2366 2483 2649 2534 Plutonem
2678 2483 2765 2534 fn-

1694 2564 1796 2614 isse
1820 2568 2085 2616 auctorem
2111 2563 2353 2628 primum.
2406 2561 2523 2613 Quo
2550 2560 2765 2610 nomine‘

1690 2641 1968 2707 creditum,
2020 2654 2140 2690 mox
2185 2640 2297 2691 vita
2339 2638 2533 2688 functis
2579 2637 2764 2703 pransi-2

1673 2736 1676 2739 ·
1696 2717 1840 2767 dere.

1763 2795 1863 2852 Qui
1888 2800 1963 2844 ter
1983 2794 2188 2859 amplum
2214 2792 2483 2858 Geryonen,
2502 2789 2615 2856 θα]
2655 2791 2758 2845 Qui

1690 2878 1932 2936 potentes
1957 2886 2188 2937 quosque
2227 2880 2281 2920 et
2312 2883 2522 2934 magnos
2562 2868 2759 2932 domat,

1690 2960 1740 2998 v.
1764 2962 1814 3013 g.
1850 2946 2149 3012 Geryonem
2184 2953 2242 2998 et
2260 2946 2500 3010 Tityum:
2538 2946 2759 3007 scilicet,

1688 3031 1748 3076 nt
1768 3025 1951 3076 scribit
1967 3024 2211 3077 Juvenal.
2234 3025 2341 3075 Sat.
2361 3037 2418 3073 x.
2438 3027 2554 3073 172.
2575 3023 2591 3051 ‘
2610 3024 2756 3073 Mors

1689 3108 1800 3157 sola
1823 3105 2020 3157 fatetur
2055 3106 2324 3158 Quantula
2351 3105 2455 3155 sint
2492 3104 2755 3155 hominnm

1674 3184 2030 3250 corpuscula?
2082 3187 2096 3212 ‘
2120 3185 2223 3234 Ter
2256 3180 2517 3247 amplum'
2551 3183 2754 3248 Geryo-

1686 3275 1803 3311 nem
1837 3267 1992 3311 vocat
2028 3261 2302 3321 Horatius,
2337 3262 2353 3290 ⁸
2378 3255 2758 3324 tergeminum’

1685 3339 1870 3403 Virgil.
1894 3341 2093 3391 AEneid.
2118 3352 2240 3392 vm.
2260 3345 2375 3392 292.
2408 3356 2475 3390 ex
2513 3355 2578 3389 eo
2616 3339 2756 3406 quod

1685 3410 2002 3481 fabulantur,
2046 3419 2324 3482 triplex‘ei
2360 3431 2548 3481 corpus
2571 3415 2754 3468 fuisse.

1685 3493 1826 3543 Hinc
1857 3494 2046 3558 virgil.
2070 3495 2271 3545 AEneid.
2300 3508 2377 3544 vr.
2401 3499 2515 3544 289.
2549 3495 2565 3522 ‘
2586 3493 2752 3547 forma

1682 3569 1987 3634 tricorporis
2012 3568 2246 3621 umbrae!
2297 3569 2556 3635 Fingendi
2592 3586 2750 3635 porro

1683 3658 1856 3694 ansam
1882 3647 2103 3711 praebuit
2132 3649 2328 3711 triplex
2364 3662 2604 3711 regnum,
2638 3648 2752 3698 sive*

1679 3720 1901 3787 triplicis
1935 3724 2072 3773 cirea
2107 3720 2417 3788 Hispaniae}
2448 3722 2633 3773 insulae
2659 3723 2747 3774 do·

1679 3796 1890 3849 minium
1906 3818 1920 3863 3
1939 3801 2022 3850 vel
2037 3801 2208 3865 potius
2226 3800 2379 3850 trium
2396 3798 2618 3849 fratrum
2635 3812 2748 3850 cor·
2763 3814 2781 3831 N

1676 3876 1820 3940 poris
1857 3877 2039 3926 robore
2065 3870 2425 3941 praestantium
2448 3876 2746 3941 concordia,

1680 3964 1797 4017 quae
1819 3959 1967 4003 tanta
1990 3952 2219 4018 quidem,
2256 3956 2272 3981 ‘
2294 3960 2352 4004 ut
2377 3967 2477 4001 uno
2501 3951 2613 4016 regi
2638 3955 2743 4004 ani·

1680 4040 1762 4078 mo
1781 4028 2122 4090 viderentur‚'
2146 4030 2311 4095 inquit
2334 4026 2369 4080 J
2373 4030 2531 4077 nstin.
2556 4027 2621 4079 ad
2639 4026 2745 4079 cal-

1678 4117 1790 4155 cem
1836 4106 1955 4156 libri
1990 4105 2177 4155 ultimi.
2256 4102 2409 4173 Quod
2455 4104 2594 4154 idem
2629 4104 2740 4154 fere

1677 4189 1855 4232 narrat
1889 4181 2108 4232 Diodor.
2139 4180 2299 4232 Sicul.
2325 4195 2377 4231 ν.
2398 4185 2447 4231 2.
2489 4182 2578 4231 ubi
2604 4179 2742 4232 deci-

1678 4267 1815 4309 mum
1836 4254 2084 4309 “Herculis
2105 4259 2333 4309 laborem
2359 4259 2408 4306 in
2429 4256 2737 4307 debellando

1676 4333 1922 4403 Geryone
1946 4338 2177 4402 exponit.
2244 4334 2411 4386 Porro
2437 4335 2587 4386 valde
2613 4335 2737 4385 arri-
