3059 4909
537 353 671 422 au
991 357 996 362 '
1263 374 1331 433 Q.
1377 365 1700 418 nomm!
1752 359 2021 417 susce:

886 514 1101 600 Atqui
1132 514 1417 593 sciebat,
1447 531 1605 598 quae
1636 512 1770 578 sibi
1798 511 2127 592 barbaras

882 618 1128 685 Tortor
1157 626 1455 703 pararet:
1502 634 1637 681 non
1662 607 1854 684 aliter
1886 622 2108 682 tamen
2662 612 2744 677 50

969 721 1275 787 Dimovit
1299 720 1659 786 obstantes
1696 717 2144 802 propinqum,

1055 825 1143 891 Et
1170 823 1496 908 populum
1524 822 1780 887 reditus
1808 824 2195 897 morantem,

538 978 715 1053 obiret.
785 1003 995 1053 Noverat
1012 1007 1169 1053 tomen
1192 1017 1299 1066 quoe
1313 1000 1410 1052 sibi
1423 1002 1667 1051 statuerat
1683 997 1908 1048 iunonis
1925 994 2162 1055 carnifex.
2226 994 2301 1044 At
2316 993 2623 1044 nihilomim
2641 1005 2746 1054 cog·

537 1072 674 1117 notos
705 1068 1025 1133 aelam-emes,
1053 1068 1317 1132 plebemque
1348 1065 1579 1117 discen&
1610 1063 1913 1114 obsistentem
1954 1061 2175 1112 amolitus
2205 1065 2297 1123 est,
2327 1074 2421 1108 aon
2452 1073 2589 1109 secus
2618 1073 2674 1107 no
2704 1057 2747 1104 si

1457 1193 1822 1217 meme„

542 1297 640 1347 sel.
663 1294 873 1347 Wakef.
891 1297 1074 1347 Comb.
1098 1305 1153 1348 et
1174 1297 1337 1348 Kidd.
1367 1297 1534 1347 affilas
1559 1296 1616 1347 Τ.
1638 1296 1689 1346 Ιι.
1710 1310 1761 1360 p.
1782 1295 1942 1345 vultus
1964 1292 2113 1358 Lips.
2136 1293 2317 1342 4.-51
2353 1288 2581 1340 Dea-om
2603 1287 2744 1350 Lips.

539 1365 591 1411 4.
622 1362 865 1411 obstantes
901 1362 1077 1412 ondens
1117 1362 1270 1413 Harl.
1315 1367 1364 1412 1.
1401 1366 1452 1411 4.
1507 1362 1734 1425 Franeq.
1774 1358 2033 1422 Lambini,
2070 1371 2249 1408 omues
2283 1355 2584 1416 Pulmanni,
2622 1367 2747 1402 unus

540 1426 806 1477 Bland..et
826 1426 994 1478 Mald.
1021 1427 1379 1493 Cruquii,duo
1403 1426 1739 1490 Bersmanni,
1773 1425 1883 1476 Alt.
1909 1428 1954 1474 1.
1978 1422 2123 1488 Lips.
2141 1425 2197 1473 2.
2234 1437 2266 1471 a
2287 1437 2357 1471 m.
2395 1434 2474 1485 pr.
2518 1418 2666 1483 Lips.
2697 1421 2746 1469 4.

1528 1554 1751 1606 NOTAE

528 1649 711 1714 Jnssit.
779 1651 910 1703 Haec
949 1659 1005 1703 et
1037 1653 1141 1704 alia
1173 1653 1285 1704 Cic.
1322 1651 1478 1703 Offic.
1515 1665 1603 1701 ιιι.

539 1733 590 1777 ιι.
616 1731 731 1778 113.
796 1730 982 1780 Florus
1007 1731 1121 1794 Jam
1156 1731 1247 1781 cit.
1283 1744 1348 1780 n.
1380 1734 1432 1779 2.
1467 1729 1605 1779 ‘Sed

538 1805 628 1855 ille
651 1805 858 1876 quidem
880 1822 973 1872 par
990 1815 1150 1859 tantm
1170 1806 1460 1858 calamitati
1481 1805 1605 1857 fuit.

540 1882 680 1931 Nam
718 1895 815 1933 nec
858 1883 1061 1934 Punico
1100 1897 1312 1933 carcere
1352 1882 1607 1932 infractus

539 1964 642 2020 est,
665 1973 763 2010 nec
785 1960 1051 2024 legatione
1074 1966 1336 2025 suscepta.
1395 1960 1609 2022 Quippe

535 2034 764 2099 diversa,
805 2053 961 2103 qnam
997 2037 1378 2088 mandaverant
1410 2037 1609 2099 hostes,

536 2115 775 2178 censuit;
809 2130 875 2165 ne
899 2130 1002 2181 pax
1027 2115 1203 2178 fieret,
1235 2129 1303 2165 ue
1327 2121 1608 2164 commuta·

540 2191 682 2240 tione
697 2192 1019 2255 captivorum
1040 2192 1378 2257 reciperetur.
1394 2190 1498 2242 Sed
1509 2204 1609 2241 nee

541 2265 632 2315 illo
655 2267 951 2318 voluntario
981 2267 1048 2318 ad
1071 2269 1249 2320 hostes
1273 2281 1393 2318 suos
1417 2267 1609 2332 reditu,

539 2356 640 2393 nec
675 2345 857 2395 ultimo
890 2346 999 2396 sive
1032 2344 1260 2396 carceris
1294 2344 1405 2395 sive
1439 2344 1611 2394 crucis

541 2421 799 2486 supplicio
824 2421 1118 2474 deformata
1139 2423 1413 2487 majestas3
1454 2419 1610 2471 immo

537 2497 617 2548 his
641 2498 879 2550 omnibus
914 2499 1286 2566 admirabilior,
1317 2497 1439 2563 quid
1466 2497 1611 2547 aliud

541 2594 693 2646 quam
718 2580 886 2631 victus
909 2581 975 2632 de
999 2579 1308 2643 victoribus,
1331 2585 1488 2644 atque
1509 2580 1607 2629 eti·

542 2670 642 2719 am,
669 2658 792 2722 quia
826 2658 1088 2722 Carthago
1123 2671 1224 2707 non
1260 2660 1510 2720 cesserat,
1540 2656 1608 2709 de

538 2732 749 2784 fortuna
768 2735 1107 2800 triumphavit
1124 2735 1162 2785 θ’

603 2815 671 2865 49
701 2811 856 2876 Atqui
897 2812 1096 2874 sciebat,
1133 2827 1258 2876 qm,
1289 2807 1400 2878 ξω]
1432 2812 1606 2863 Cicer.

540 2887 609 2940 ad
633 2888 812 2938 Famil.
835 2902 911 2937 vr.
932 2893 983 2938 6.
1004 2888 1069 2939 de
1094 2889 1265 2953 seipso
1288 2889 1361 2938 ita
1382 2888 1565 2938 scribit
1590 2905 1603 2938 ε

538 2969 556 2993 ‘
580 2963 658 3013 Ut
690 2963 742 3012 in
774 2961 961 3014 fabulis
996 2963 1358 3029 Amphiaraus,
1396 2963 1471 3014 sic
1505 2978 1606 3029 ego

538 3038 770 3104 prudens
819 3048 877 3091 et
918 3041 1089 3090 sciens
1131 3038 1196 3090 ad
1240 3048 1444 3105 pestem
1485 3047 1607 3090 aute

542 3115 721 3165 oculos
761 3115 981 3180 positam
1019 3132 1130 3167 sum
1157 3116 1461 3182 profectus.’
1526 3118 1610 3167 De

541 3190 747 3253 Regulo
782 3205 903 3241 vero
929 3192 1023 3242 cit.
1059 3192 1214 3245 Offic.
1252 3208 1340 3244 ιιι.
1384 3194 1609 3259 ‘Neque

540 3279 665 3316 vero
686 3271 791 3316 tum
817 3268 1113 3333 ignorabat,
1139 3285 1195 3320 se
1228 3270 1292 3321 ad
1316 3271 1608 3321 crudelissi-

539 3356 680 3391 mum
701 3343 924 3407 hostem,
950 3351 1005 3395 et
1028 3346 1096 3395 ad
1130 3346 1390 3411 exquisita
1412 3346 1607 3411 suppli-

541 3418 627 3469 cia
649 3418 945 3484 proficisci.’
1006 3422 1125 3471 Val.
1146 3422 1292 3472 Max.
1315 3436 1355 3473 ι.
1382 3426 1427 3472 1.
1468 3423 1483 3449 ‘
1502 3422 1607 3473 Re-

544 3496 695 3557 gulus
741 3509 809 3546 ex
861 3498 1064 3547 victore
1120 3499 1500 3562 speciosissimo
1540 3497 1608 3548 ad

540 3571 887 3622 miserabilem
911 3574 1107 3639 captivi
1127 3575 1388 3625 fortunam
1416 3573 1609 3626 deduc-

543 3653 628 3696 tus
650 3682 665 3698 .
692 3682 707 3697 .
733 3679 746 3696 .
770 3682 786 3698 .
831 3650 1192 3714 Carthaginem
1235 3651 1465 3716 repetiit,
1504 3665 1607 3701 non

539 3725 752 3788 ignarus
775 3727 840 3778 ad
871 3744 1023 3794 quam
1052 3730 1309 3796 crudeles,
1349 3745 1607 3796 quamque

541 3804 696 3854 etiam
738 3807 928 3857 merito
961 3807 1058 3857 sibi
1096 3806 1313 3860 infestos
1350 3809 1492 3861 Deos
1523 3825 1605 3860 re-

540 3881 874 3932 verteretur!

608 3956 732 4013 Qaae
774 3957 869 4007 sibi
910 3958 1137 4009 barbarus
1181 3960 1609 4028 Tortor¹porwet1

540 4032 742 4083 Tullius
765 4032 819 4082 iu
841 4033 1166 4100 Pisonem,n.
1181 4040 1269 4087 43.
1291 4038 1308 4066 ‘
1326 4038 1406 4088 M.
1433 4039 1609 4103 Regu·

541 4109 648 4157 lum
692 4107 947 4173 illigatum
1001 4111 1054 4161 in
1108 4111 1346 4164 machina
1389 4115 1607 4168 resectis

545 4185 810 4250 palpebris
854 4188 1289 4253 Carthaginenses
1340 4191 1606 4255 vigilando

544 4262 897 4313 necaverunt.’
960 4265 1082 4316 Val.
1105 4264 1250 4317 Max.
1276 4279 1366 4319 rx..
1379 4271 1429 4318 2.
1464 4270 1479 4297 ‘
1503 4270 1607 4319 Re-

1684 1652 1857 1717 gulum
1883 1650 2147 1716 palpebris
2167 1648 2402 1712 resectis,
2425 1646 2682 1707 machina,
2696 1646 2750 1700 in

1683 1746 1789 1796 qua
1810 1728 2038 1795 undique
2062 1728 2317 1794 praeacuti
2343 1726 2541 1776 stimuli
2562 1724 2751 1775 emine·

1684 1807 1829 1870 baut,
1861 1807 2113 1857 inclusum
2158 1804 2426 1871 vigilantia
2459 1802 2662 1867 pariter
2697 1805 2752 1850 et

1683 1885 1929 1935 continuo
1970 1891 2143 1934 tractu
2177 1881 2369 1932 doloris
2398 1877 2753 1931 necaverunt.'

1682 1961 1902 2011 Tertull.
1924 1960 1990 2011 ad
2011 1960 2276 2027 Martyras
2301 1962 2491 2023 cap-⁴4.
2525 1957 2542 1986 ‘
2563 1954 2753 2005 Maluit

1680 2040 1912 2090 hostibus
1937 2038 2105 2099 reddi,
2137 2045 2193 2088 et
2225 2037 2280 2087 iu
2310 2051 2449 2086 arcae
2475 2048 2643 2100 genus
2666 2033 2752 2082 sti-

1688 2123 1861 2180 patus,
1875 2115 2101 2181 undique
2120 2112 2442 2164 extrinsecus
2456 2110 2617 2160 clavis
2636 2123 2753 2159 con·

1689 2191 1820 2243 fixus
1846 2200 1921 2243 tot
1945 2206 2127 2243 cruces
2162 2185 2357 2240 sensit-⁹
2372 2187 2379 2192 ’
2421 2187 2609 2237 Aurei.
2636 2185 2752 2234 Vic-

1689 2273 1775 2319 tor
1804 2268 1873 2319 de
1897 2268 2041 2319 Viris
2073 2265 2271 2317 Illustr.
2315 2271 2332 2294 ¹
2352 2264 2417 2314 In
2452 2277 2631 2316 arcam
2664 2263 2754 2326 lig·

1650 2359 1665 2374 ·
1689 2357 1843 2396 neam
1867 2345 2155 2409 conjectus,
2177 2341 2338 2393 clavis
2360 2342 2644 2392 introrsum
2668 2339 2754 2388 ad·

1691 2419 1845 2479 fictis,
1869 2421 2060 2485 vigiliis
2087 2434 2149 2471 ac
2182 2419 2365 2470 dolore
2403 2420 2621 2484 punitus
2644 2415 2754 2467 est!

1691 2495 1775 2550 Ex
1800 2498 2061 2563 Appiano,
2096 2497 2290 2561 positus
2313 2497 2365 2546 in
2387 2510 2551 2546 cavea
2575 2493 2752 2558 stimu-

1694 2577 1773 2627 los
1789 2575 2014 2642 undique
2030 2574 2278 2624 habente.
2309 2572 2499 2623 Senec.
2516 2572 2583 2621 de
2596 2570 2755 2621 Tran-

1689 2655 1834 2721 quill.
1857 2652 2034 2705 Animi
2069 2667 2109 2704 1.
2133 2657 2215 2704 15.
2245 2653 2262 2679 ⁸
2281 2650 2364 2701 An
2387 2649 2543 2700 fleam
2585 2650 2755 2714 Regn-

1668 2731 1814 2803 Jum,
1864 2729 2001 2795 quod
2060 2737 2143 2780 tot
2195 2727 2357 2778 clavis
2412 2723 2755 2790 configitur?

1685 2805 1873 2859 suidas
1888 2822 1902 2856 t
1926 2814 1941 2837 ⁸
1956 2806 2183 2871 Regulus
2197 2803 2569 2870 Carthaginem
2588 2815 2756 2853 rever·

1687 2899 1776 2935 sus
1798 2884 1936 2935 omni
1959 2883 2328 2948 suppliciorum
2366 2896 2562 2947 genere
2597 2879 2755 2932 confi:

1686 2963 1843 3013 citur.
1914 2963 2049 3012 Nam
2089 2972 2283 3025 praeter
2315 2966 2535 3010 caeteros
2556 2959 2756 3009 crucia-

1689 3045 1796 3100 tus,
1812 3037 2126 3088 domuncula
2140 3043 2359 3101 angusta
2376 3037 2629 3095 inclusus,
2646 3045 2755 3101 quis

1689 3113 2031 3178 magnitudini
2059 3114 2289 3178 corporis
2322 3113 2437 3177 ejus
2473 3112 2756 3177 respoude-

1689 3201 1790 3255 rct‚
1811 3195 1951 3244 intus
1975 3193 2171 3243 crebris
2195 3191 2357 3256 clavis
2378 3190 2569 3241 ferreis
2594 3197 2757 3240 trans·

1685 3269 1809 3333 fixa,
1834 3270 2028 3335 periit:
2069 3283 2184 3319 curn
2220 3282 2316 3317 nec
2348 3269 2594 3318 immotus
2617 3278 2752 3318 stare

1689 3349 1885 3412 posset,
1929 3353 1985 3398 et
2017 3346 2288 3412 quieturus
2334 3350 2477 3394 statu
2520 3343 2753 3408 corporis

1689 3433 1972 3490 utcumque
2018 3423 2284 3483 inclinato,
2322 3422 2374 3471 in
2408 3419 2609 3471 ferreas
2644 3433 2759 3469 cus·

1690 3501 1840 3565 pides
1884 3500 2171 3551 incederet.
2240 3497 2379 3549 Gen.
2423 3510 2502 3547 vr.
2551 3499 2603 3545 4.
2648 3502 2664 3524 ‘
2692 3493 2751 3543 In

1689 3586 1828 3628 atras
1851 3584 1907 3627 et
1930 3574 2214 3642 profundas
2226 3573 2477 3624 tenebras
2501 3571 2751 3634 Regulum

1689 3654 2067 3704 includebant:
2103 3666 2165 3702 ac
2213 3649 2303 3700 diu
2348 3654 2482 3712 post,
2519 3646 2608 3697 ubi
2632 3652 2755 3697 erat

1690 3730 1830 3780 visus
1855 3731 1933 3780 sol
1955 3726 2364 3786 ardentissimus,
2382 3732 2607 3789 repente
2629 3723 2754 3783 edu·

1688 3807 1879 3858 cebant
1898 3822 1914 3868 3
1940 3813 1996 3857 et
2018 3804 2262 3854 adversus
2286 3803 2422 3852 ictus
2446 3801 2571 3851 solis
2592 3816 2752 3866 oppo-

1684 3886 1842 3937 situm
1881 3884 2243 3949 continebant,
2283 3890 2443 3948 atquc
2482 3879 2751 3932 intendere

1687 3963 1741 4013 in
1785 3964 1972 4014 coelum
2010 3963 2186 4013 oculos
2222 3961 2505 4026 cogebant.
2574 3960 2755 4023 Palpe-

1689 4040 1808 4090 bras
1832 4051 2038 4106 quoque
2071 4039 2202 4106 ejus,
2240 4052 2306 4088 ne
2331 4029 2617 4087 connivere
2641 4047 2752 4100 pos-

1689 4122 1788 4177 set,
1827 4127 2027 4166 sursum
2062 4127 2123 4165 ac
2153 4114 2391 4178 deorsum
2417 4114 2659 4164 diductas
2679 4109 2751 4160 in·

1690 4191 1954 4244 suebant)
2019 4192 2099 4242 Ex
2120 4191 2392 4241 Tuberone
2408 4191 2543 4240 haec.
2565 4191 2582 4218 ‘
2598 4184 2751 4238 Tudi·

1689 4275 1840 4321 tanus
1863 4276 2056 4329 autem,
2091 4281 2270 4319 somno
2303 4266 2395 4317 diu
2418 4266 2749 4336 prohibitum,
