3059 4909
535 351 667 419 240
816 389 821 394 ·
1131 363 1137 368 ·
1424 349 1830 407 excussus

1300 618 1505 685 EXC
1516 616 1822 684 URSUS
1898 609 2000 680 ΙΙ.

1331 807 1428 860 AD
1468 807 1512 858 1.
1548 806 1676 858 OD.
1710 811 1760 858 4.
1792 808 1972 856 7—12.

548 994 662 1044 Vix
696 997 870 1057 potest
899 990 1140 1055 exprimi,
1186 995 1509 1055 quantopere
1541 985 1770 1050 argutati
1815 983 1923 1034 sint
1954 985 2004 1034 in
2037 981 2112 1032 liis
2159 980 2392 1033 versibus
2427 979 2750 1046 explicandis

543 1073 728 1139 Intpp.
761 1073 883 1124 dum
905 1074 989 1123 vel
1016 1072 1187 1123 omnia
1223 1070 1520 1133 allegorice,
1541 1075 1648 1127 aut,
1669 1066 1888 1116 Baxteri
1912 1066 2091 1128 verbo,
2114 1063 2318 1127 διλόγους
2352 1078 2619 1127 exponere
2648 1070 2751 1113 stu-

548 1154 806 1217 duerunt;
841 1156 922 1205 vel
953 1154 1114 1204 nimia
1134 1153 1372 1204 doctrina
1393 1150 1695 1201 facillimum
1722 1163 1929 1198 sensum
1954 1148 2260 1198 obruerunt.
2327 1147 2502 1197 Facile
2527 1150 2750 1196 corrum-

548 1244 743 1301 puntur
763 1244 920 1302 atque
943 1235 1272 1301 abripiuntur
1297 1234 1389 1283 tali
1414 1231 1792 1299 interpretandi
1816 1230 2017 1282 ratione
2033 1230 2287 1295 juvenum
2309 1227 2514 1278 fervida
2535 1225 2756 1289 ingenia,

548 1323 867 1367 enervantur
897 1316 1229 1381 pulcherrimi
1259 1312 1545 1365 Poetarum
1582 1312 1704 1362 loci.
1771 1312 1949 1364 Quare
1981 1317 2059 1371 ut,
2075 1312 2118 1361 si
2151 1311 2204 1360 in
2239 1310 2425 1360 similia
2457 1308 2756 1369 inciderint,

550 1398 777 1447 retinere
812 1397 1014 1448 discant
1046 1412 1306 1447 assensum
1348 1410 1515 1453 sunm,
1546 1392 1796 1460 quasdam
1833 1407 1990 1457 super
2022 1392 2102 1443 his
2138 1393 2372 1443 versibus
2408 1392 2757 1456 interpretum

554 1493 716 1544 nugas
739 1479 838 1528 illis
862 1493 1153 1543 proponere
1177 1479 1368 1541 placet.

620 1560 931 1611 Scholiastae
969 1574 1066 1624 per
1088 1561 1336 1625 Nymphas
1367 1558 1631 1622 mulieres,
1662 1572 1760 1621 per
1799 1558 2004 1608 Gratias
2040 1558 2267 1621 virgines
2305 1555 2531 1632 intelligi
2566 1555 2764 1617 volunt,

555 1657 671 1707 quae
711 1657 832 1693 vere
871 1641 1125 1692 redeunte
1163 1642 1215 1691 in
1254 1641 1516 1707 publicum
1556 1640 1783 1705 prodire,
1815 1639 2099 1701 ambulare,
2129 1627 2345 1698 saltare,
2365 1637 2568 1700 ludere,
2603 1637 2766 1687 amari

558 1738 735 1774 rursus
760 1723 1049 1786 incipiant.¹
1094 1722 1184 1772 Sic
1208 1730 1263 1773 et
1295 1722 1599 1784 Lambinus,
1620 1721 1902 1786 Crnquius,
1923 1721 1983 1771 T.
2007 1720 2193 1784 Faber,
2212 1735 2328 1771 cum
2364 1733 2557 1784 genero
2577 1725 2633 1769 et
2654 1718 2764 1781 opi·

559 1806 769 1857 nionum
805 1804 1014 1854 haerede
1035 1802 1286 1862 Dacerio,
1331 1803 1545 1869 aliique.
1610 1800 1869 1868 Ciaquius
1910 1802 2039 1853 adeo
2074 1818 2250 1867 graves
2275 1804 2529 1868 Cyclopum
2559 1801 2766 1867 officum

558 1888 627 1940 de
667 1887 1021 1938 incalescente
1061 1892 1184 1936 tnnc
1219 1886 1443 1936 virorum
1484 1885 1734 1936 adversus
1773 1883 2011 1936 foeminas
2046 1885 2232 1935 ardore
2266 1884 2477 1934 videtur
2511 1883 2768 1946 accipere.

554 1970 755 2021 Theod.
789 1968 1059 2020 Marcilius
1096 1968 1269 2019 omnia
1302 1966 1464 2019 refert
1504 1968 1571 2019 ad
1614 1967 1879 2019 Kalendas
1914 1967 2152 2031 Martias,
2187 1982 2227 2017 s.
2261 1966 2596 2029 Matremne,
2631 1964 2770 2014 omni

560 2065 749 2117 genere
773 2050 976 2101 laetitiae
1003 2066 1034 2100 a
1055 2047 1276 2100 foeminis
1309 2056 1445 2100 acta.
1510 2050 1701 2100 Eorum
1737 2049 2043 2115 gaudiorum
2069 2050 2205 2100 viros
2241 2062 2446 2099 severos
2468 2061 2573 2098 non
2606 2044 2769 2096 fuisse

559 2132 863 2197 participes,
904 2132 1170 2182 hilariores
1214 2115 1384 2181 autem
1434 2136 1494 2181 et
1537 2131 1858 2193 mulierosus,
1900 2129 2089 2181 bellam
2136 2136 2400 2181 venaturae
2443 2128 2768 2179 occasionem

561 2219 766 2279 nactos,
788 2214 926 2261 inter
950 2213 1065 2261 illas
1088 2212 1321 2261 Veneres
1350 2219 1404 2262 et
1439 2210 1652 2263 Gratias
1686 2220 1890 2276 partem
1909 2213 2194 2277 voluptatis
2217 2212 2451 2276 cepisse3
2484 2216 2541 2261 et
2565 2210 2644 2260 sic
2667 2224 2772 2260 ma-

562 2294 693 2344 ritos
734 2292 1034 2358 incubuisse
1055 2290 1169 2354 fere
1204 2292 1429 2357 negotiis
1446 2290 1490 2358 (‘
1511 2293 1802 2343 Vulcanum
1827 2293 2019 2344 ussisse
2042 2292 2340 2359 officinas'),
2374 2300 2429 2342 at
2462 2306 2652 2342 uxores
2672 2292 2771 2342 illis

561 2388 759 2424 cornua
781 2373 989 2424 fecisse.
1057 2372 1364 2423 Doctrinam
1384 2374 1583 2424 vultis?
1647 2375 1981 2425 Imminentem
2002 2374 2190 2425 Lusum
2224 2374 2362 2425 idem
2400 2373 2675 2423 Marcilius
2705 2374 2775 2424 ait

564 2468 679 2504 esse
723 2454 1036 2515 novilunium,
1079 2452 1342 2517 νουμηνίαν,
1379 2454 1412 2502 i.
1442 2467 1493 2503 e.
1528 2454 1813 2505 Kalendas.
1877 2455 1966 2506 Sic
2003 2464 2059 2507 et
2098 2456 2165 2505 D.
2193 2455 2486 2506 'Heinslusz
2523 2454 2778 2517 ἱσταμένης

565 2534 789 2599 σελήνης,
814 2537 847 2587 i.
871 2552 919 2587 e.
954 2534 1215 2598 ἱσταμένου
1232 2535 1395 2599 μηνὸς,
1418 2536 1558 2603 qnod
1582 2537 1652 2587 sit
1674 2537 1876 2588 initium
1908 2538 2119 2601 mensis,
2140 2535 2427 2588 cum-Luna
2466 2536 2773 2597 inchoetuu

561 2626 618 2668 et
655 2618 906 2683 intelligit
944 2618 1211 2669 Kalendas
1244 2618 1477 2684 Apriles,
1510 2620 1708 2669 Veneri
1743 2634 1935 2671 sacras.
2002 2620 2278 2670 Molestior
2316 2619 2553 2670 omuibus
2594 2625 2680 2669 est
2717 2621 2775 2670 C.

563 2701 746 2750 Barth.
769 2698 1053 2750 Adversar.
1086 2713 1175 2750 n.
1198 2704 1247 2751 8.
1273 2700 1339 2749 ad
1363 2700 1593 2751 rationes
1629 2700 1761 2750 adeo
1793 2702 2039 2765 physicas
2065 2709 2120 2751 et
2154 2702 2492 2766 astrologicae
2513 2702 2776 2752 Venerem

566 2788 622 2832 et
646 2782 846 2832 Lunam
870 2796 1139 2832 revocans.
1206 2782 1336 2834 Quis
1358 2796 1459 2833 non
1485 2782 1667 2845 sentit,
1693 2783 1883 2833 talibus
1920 2784 2138 2848 argutiis
2172 2789 2337 2834 totum
2363 2784 2775 2834 venustissimum

564 2863 874 2928 phantasma
897 2863 1078 2924 deleri,
1106 2869 1269 2913 totam
1305 2864 1565 2929 picturam
1597 2863 1849 2915 interire?
1913 2866 2050 2915 Nam
2074 2872 2194 2915 utra
2215 2875 2387 2930 quasso
2410 2863 2578 2929 imago
2617 2864 2777 2929 magis

565 2943 777 3009 poetica
794 2952 848 2995 et
865 2945 1037 3009 lyrica·
1049 2951 1132 2995 est
1151 2946 1168 2993 ?
1203 2944 1525 2997 foeminarum
1545 2953 1602 2997 et
1625 2948 1914 3011 puellarum
1938 2946 2079 3010 idea,
2100 2961 2167 2997 an
2188 2947 2411 2997 Veneris
2431 2955 2548 2997 cum
2572 2946 2777 2996 Gratiis

566 3033 621 3074 et
637 3025 888 3090 Nymphis
911 3027 1251 3091 phantasma?
1285 3029 1551 3079 Vulcanus
1571 3042 1688 3079 cum
1713 3030 2049 3095 Cyclopibus,
2067 3045 2129 3080 an
2145 3029 2318 3086 mariti
2339 3029 2600 3079 Romani?
2632 3028 2777 3078 Luna

571 3119 730 3169 supra
754 3113 919 3171 caput
954 3107 1152 3171 lucens,
1186 3122 1253 3157 an
1292 3108 1548 3159 Kaleudoe
1583 3123 1612 3158 e
1646 3108 1830 3160 fastis?
1894 3110 1986 3167 At,
2020 3111 2208 3177 inquis,
2238 3109 2395 3176 quid?
2426 3110 2468 3161 si
2503 3116 2776 3176 utramque

564 3187 758 3249 ideam,
791 3202 908 3237 cum
942 3187 1222 3253 Venerem,
1256 3189 1491 3254 Gratias,
1522 3191 1810 3257 Nymphas,
1844 3197 1956 3241 tum
1993 3193 2191 3257 puellas
2224 3191 2592 3257 mulieresque,
2625 3192 2777 3240 simul

568 3269 837 3333 cogitem?
901 3270 1023 3320 Non
1061 3270 1305 3333 equidem
1345 3272 1651 3324 intercedo:
1697 3280 1916 3339 possunt
1944 3274 2153 3325 omino
2177 3273 2371 3324 ποιεί-ε
2407 3272 2695 3323 lectoribus
2727 3274 2777 3322 in

566 3357 795 3402 mentem
814 3352 994 3402 venire
1016 3350 1245 3403 foeminae
1263 3368 1326 3404 ac
1351 3355 1561 3420 puellm,
1581 3369 1698 3406 cum
1720 3356 1789 3406 de
1812 3355 2071 3420 Nymphis
2103 3369 2167 3406 ac
2188 3356 2386 3407 Gratiis
2407 3357 2608 3419 legunt.
2675 3355 2778 3405 Sed

568 3434 722 3484 selim
746 3432 992 3486 ostendat
1010 3434 1132 3484 mihi
1173 3436 1376 3501 aliquis,
1399 3437 1520 3489 ideo
1537 3444 1597 3489 et
1626 3439 1903 3493 Horatium
1925 3438 2211 3510 ‹ie-puellis
2240 3438 2486 3488 Romarm
2506 3437 2783 3502 cogitasse,

571 3522 647 3577 et,
671 3514 811 3580 quod
833 3522 996 3578 caput
1020 3522 1121 3579 est,
1161 3518 1292 3567 idere
1342 3520 1457 3583 ejus
1493 3520 1854 3585 exprimendas
1899 3520 1974 3570 illi
2009 3518 2170 3570 fuisse
2202 3521 2302 3569 hoe
2338 3520 2453 3568 loco
2485 3520 2777 3569 consilinm.

568 3594 820 3648 Profecto
843 3598 936 3648 tali
960 3599 1339 3663 interpretandi
1362 3601 1516 3651 modo
1550 3602 1764 3652 tandem
1794 3601 1861 3652 ad
1885 3601 2322 3666 perversissimam
2345 3600 2778 3650 Baxteriauarum

569 3677 879 3741 dilogiarum
914 3678 1170 3728 rationem
1210 3679 1527 3732 deseremur.
1597 3683 1719 3735 Qua
1758 3684 1916 3747 culpa
1939 3695 2109 3748 neque
2143 3683 2313 3747 ipsum
2345 3681 2679 3732 senadonnm
2715 3679 2778 3731 ad

569 3759 620 3808 is.
652 3760 691 3807 l.
717 3758 946 3809 exhnere
988 3773 1218 3825 possum,
1239 3762 1348 3827 qui,
1369 3763 1499 3814 licet
1535 3764 1845 3828 phantasma
1879 3763 2140 3828 poeticum
2176 3764 2343 3827 ipsum
2368 3771 2477 3811 non
2497 3762 2781 3824 subvertat,

567 3845 743 3891 tamen
774 3840 925 3890 simul
951 3842 1095 3892 innui
1118 3844 1243 3894 loeta
1267 3857 1363 3908 per
1384 3850 1489 3894 tres
1512 3844 1637 3894 inde
1670 3859 1702 3894 a
1727 3844 1978 3896 Kalendis
2004 3844 2171 3909 April.
2207 3850 2394 3893 noctes
2415 3843 2704 3907 puellarum
2723 3842 2777 3892 in

569 3919 791 3970 Veneris
813 3920 1056 3974 honorem
1079 3925 1365 3991 Per-vigilia
1377 3927 1685 3979 arbitratur-0
