3059 4909
519 361 651 429 476
1234 376 1305 436 Q.
1352 372 1674 423 nons'ru
1726 370 1990 420 resecr

863 471 1027 584 Leni
1095 471 1371 584 ir‘icedn‘s
1425 464 1766 598 abeasque
1793 463 2026 598 parvis

1434 638 1562 687 uus
1592 589 1918 695 nldmni83

866 723 943 787 Si
973 728 1151 787 tener
1178 722 1382 807 pleno
1410 719 1594 784 cadit
1620 718 1857 784 haedus
1887 737 2088 794 annu,
2673 712 2717 775 5

869 825 1086 906 Larga
1117 844 1245 889 nec
1274 823 1515 889 desunt
1550 819 1834 885 Veneris
1867 819 2094 889 sodali

870 925 1052 991 Vina
1077 935 1380 1002 crateres,
1410 931 1603 989 vetus
1632 941 1748 986 ara
1776 922 1985 986 multo

1299 1026 1549 1090 Fumat
1578 1025 1804 1090 odore.

872 1128 1076 1193 Ludit
1103 1128 1386 1193 herboso
1415 1146 1626 1211 pecus
1658 1146 1864 1192 omne
1892 1146 2158 1212 campe,

527 1279 780 1344 expositos,
800 1294 855 1326 ac
891 1278 1075 1328 discede
1111 1280 1346 1342 propitius
1379 1279 1563 1328 tenellis
1584 1279 1785 1338 soetibus
1796 1296 1815 1337 ,·
1846 1280 2076 1343 siquidem
2102 1279 2192 1328 tibi
2227 1282 2463 1326 mactatur
2491 1274 2726 1340 capreolus

528 1361 650 1396 enno
670 1346 913 1405 completo,
934 1345 1212 1405 additurque
1232 1344 1396 1392 vinum
1414 1344 1647 1408 copiosum
1666 1344 1719 1392 in
1749 1348 1917 1406 patera
1946 1344 2114 1393 Veneri
2133 1344 2304 1403 amica,
2332 1348 2472 1406 atque
2494 1356 2581 1390 nra
2601 1341 2724 1388 anti-

530 1424 622 1473 qua
653 1409 856 1471 plurimo
891 1409 1029 1458 thure
1063 1408 1346 1459 incenditur.
1415 1409 1614 1466 Quoties
1645 1409 1803 1458 Nonoe
1837 1409 2116 1459 Decembres
2145 1409 2237 1458 tibi
2273 1422 2423 1457 saerae
2457 1409 2725 1466 recum-unt,

1445 1519 1505 1540 Ν
1507 1519 1765 1540 eeeeeeeee
1773 1516 1811 1542 Φ

532 1605 749 1656 Locher.
776 1612 831 1655 et
866 1604 1195 1654 Mancia—3
1237 1605 1401 1654 Laetus
1434 1604 1626 1653 incedas
1665 1618 1796 1652 unus
1821 1603 1870 1653 Τ
1871 1611 2071 1653 orrent.
2095 1608 2150 1652 et
2172 1601 2380 1668 quidam
2406 1600 2727 1651 Lambini.—

531 1674 562 1719 ⁷
581 1669 713 1720 Edd.
741 1677 867 1719 vett.
891 1668 1004 1719 fere
1026 1674 1225 1728 cratere,
1247 1670 1403 1717 etism
1427 1669 1626 1732 antiqui
1649 1667 1887 1733 Interpp.
1912 1675 1971 1717 nt
1994 1669 2224 1718 Mancin.
2277 1668 2486 1717 Primus
2510 1665 2725 1715 Ascens.

532 1749 707 1783 veram
732 1742 788 1784 et
810 1740 1135 1783 constantem
1161 1734 1314 1784 codd.
1334 1734 1614 1782 lectionem
1636 1738 1838 1783 crotera
1860 1733 2159 1784 vindicavit.
2196 1733 2375 1782 crateri
2390 1732 2588 1781 Muret'.
2608 1729 2725 1778 dum

530 1800 669 1859 inter
691 1807 948 1848 craterem
973 1807 1027 1847 et
1049 1806 1307 1847 crateram
1333 1797 1527 1862 aliquid
1548 1798 1799 1849 interesse
1827 1797 1957 1849 falso
1993 1800 2212 1863 putavit.
2285 1799 2382 1845 Est
2411 1798 2570 1846 etiam
2594 1796 2647 1843 in
2669 1795 2723 1842 li·

533 1863 663 1927 bris,
682 1865 881 1913 solenni
905 1863 1182 1925 verietate,
1211 1868 1457 1927 crater-ra,
1475 1868 1691 1927 creterae,
1709 1869 1947 1913 creterra.
2013 1865 2139 1913 Ver.
2161 1864 2446 1926 Lecti-up.
2466 1861 2501 1912 J
2507 1874 2652 1909 ones.
2675 1875 2727 1907 oc

1523 1992 1573 2042 N
1582 1992 1749 2043 01·AE

535 2088 871 2154 Dryadesque
907 2090 1126 2154 puellae:
1172 2090 1392 2140 Munera
1416 2097 1592 2140 vestra
1669 2090 1896 2154 tophane
1920 2090 2055 2155 apud
2082 2089 2272 2140 Athen.
2297 2103 2353 2140 x.
2380 2094 2459 2139 12.
2498 2086 2622 2138 οἶνος
2654 2089 2730 2137 ’A-

533 2165 701 2214 enum’
1613 2210 1618 2217 ,
1669 2166 1891 2232 opeda-ns
1904 2165 2225 2231 vetustinum
2241 2168 2315 2215 lac
2333 2165 2544 2214 Veneris.
2576 2164 2730 2214 Ovid.

598 2247 629 2292 3
665 2242 814 2292 Lenis
828 2239 1041 2306 incedas]
1073 2242 1242 2305 Optat
1259 2243 1395 2291 huuc
1418 2241 1590 2291 lenem

534 2326 590 2368 et
614 2319 866 2382 placidum
901 2319 1123 2379 habere3
1163 2318 1354 2368 etenim
1388 2318 1594 2366 iracun-

533 2396 629 2454 dus
673 2393 954 2459 putabatur
993 2402 1047 2443 et
1104 2394 1370 2456 pestilens,
1409 2398 1592 2456 utpote

533 2469 778 2520 Infernns
792 2471 964 2519 Deus:
997 2484 1065 2518 ex
1085 2469 1402 2533 Theognide.
1420 2469 1591 2518 Theo-

534 2546 653 2596 crit.
679 2545 832 2608 Idyll.
852 2559 891 2594 ι.
914 2543 1092 2608 πικρὸς,
1109 2547 1446 2606 amarulentus,
1464 2543 1592 2593 dici-

535 2630 637 2673 tur.
700 2621 785 2671 Ab
807 2636 870 2672 eo
893 2636 1095 2686 quoque
1117 2622 1293 2685 pueris
1316 2628 1480 2671 noctu
1513 2622 1591 2669 in·

532 2699 730 2748 somnis
743 2708 799 2749 et
816 2698 1237 2748 terriculamenta
1253 2698 1460 2746 immitti
1476 2711 1590 2746 cre·

534 2774 656 2831 dits*-
723 2773 876 2822 Unde
907 2776 923 2801 ⁴
943 2773 1126 2823 Punici
1148 2772 1405 2822 terrores’
1434 2773 1593 2823 nomi-

532 2851 663 2914 nati,
693 2851 812 2900 vani
835 2850 1037 2900 scilicet
1059 2849 1334 2915 etinones.

597 2927 842 2989 Abeasque
904 2927 1067 2989 parvis
1115 2928 1301 2990 AEquus
1369 2925 1596 2989 alumnis]

533 3004 787 3057 Quoniam
810 3019 873 3051 es
887 3012 998 3052 erat
1021 3003 1320 3066 superstitio
1340 3011 1595 3065 veterum,

534 3072 594 3149 ut
613 3095 644 3129 a
667 3079 972 3143 quibusdam
1011 3079 1321 3131 Numinibus
1356 3079 1505 3139 mals,
1527 3078 1594 3128 ab

490 3208 497 3214 ,
534 3155 649 3204 aliis
673 3154 808 3203 bona
833 3153 988 3203 tribui
1020 3155 1313 3217 crederent,
1348 3160 1593 3219 precatur

533 3231 787 3281 Horatius
824 3230 978 3287 hunc,
1013 3236 1070 3279 ut
1097 3229 1226 3292 dixi,
1257 3231 1593 3294 pestilentem

536 3308 731 3368 Deum,
758 3321 823 3356 ne
847 3306 991 3370 agnis
1016 3313 1072 3355 et
1094 3306 1352 3370 capreolis
1383 3314 1593 3364 noceat,

530 3388 620 3452 qui
639 3388 848 3437 aluntur
865 3387 916 3435 in
935 3387 1072 3450 agris
1097 3393 1151 3435 et
1174 3386 1326 3436 villis.
1380 3387 1594 3435 Frustra

531 3463 764 3525 nonnulli
786 3463 1120 3527 interpretati
1141 3469 1264 3512 sunt
1293 3476 1498 3525 vernas,
1518 3461 1595 3511 fa·

532 3540 719 3601 mulos,
743 3554 948 3603 pueros,
964 3554 1065 3603 per
1088 3553 1268 3589 vocem
1290 3540 1512 3591 damnis.

546 3656 555 3667 ,
598 3622 628 3665 5
654 3615 712 3665 Si
750 3623 883 3666 tener
913 3618 1071 3680 pleno,
1105 3615 1213 3679 ξω]
1261 3617 1317 3665 Si
1360 3616 1455 3665 tibi
1493 3616 1595 3666 rite

535 3696 812 3761 quotannis
841 3693 1096 3754 sacrifico,
1131 3694 1236 3755 vel,
1266 3693 1594 3758 quemadmo-

535 3777 655 3825 dum
694 3774 807 3837 pins
841 3772 893 3820 in
933 3781 985 3823 te
1020 3772 1248 3835 sum,its
1271 3772 1395 3821 mihi
1417 3773 1595 3838 propi·

537 3853 638 3903 tius
663 3850 745 3899 sis.

547 3973 557 3979 ,
595 3932 629 3975 6
662 3926 827 3986 Largo
862 3939 944 3973 nec
973 3922 1282 3986 desunt,85e.]
1329 3924 1394 3973 In
1416 3925 1593 3974 sacris

533 4002 892 4052 anniversariis
925 4000 1130 4049 haedum
1159 4001 1253 4050 tibi
1286 4001 1494 4050 immolo
1517 4008 1595 4052 te·

531 4093 746 4138 nerum3
784 4078 1057 4141 vinumque
1081 4079 1290 4142 copiose
1311 4078 1432 4130 libo.

494 4152 497 4157 ’
548 4200 559 4206 -
607 4156 802 4208 Veneris
821 4156 973 4205 sodali
985 4155 1208 4219 cratera]
1226 4156 1456 4221 Scilicet,
1477 4159 1595 4210 ubs-

535 4248 637 4300 que
656 4232 868 4283 Baccho
905 4230 1068 4297 friget
1087 4232 1283 4287 Venus.
1348 4234 1432 4287 Ex
1453 4234 1594 4287 Aris-

1672 2245 1889 2294 Remed.
1915 2244 2097 2295 Amor.
2135 2258 2172 2293 1.
2190 2247 2307 2299 237.
2340 2246 2356 2271 ⁴
2374 2243 2511 2292 Vina
2546 2247 2733 2305 parant

1672 2321 1869 2370 animos
1884 2319 2117 2370 Veneri.’

1734 2401 1765 2445 ’1
1798 2396 2072 2459 Vetusura]
2116 2396 2218 2445 Vel
2252 2394 2391 2460 quod
2417 2394 2484 2444 ab
2509 2394 2733 2443 Horatio

1673 2473 1863 2523 dudum
1887 2480 2098 2523 erecta:
2134 2473 2216 2523 vel
2239 2472 2360 2537 quia
2382 2472 2590 2520 Faunus
2627 2470 2732 2520 Ab·

1672 2550 1927 2614 originum
1967 2550 2078 2598 Rex
2118 2549 2331 2612 primus,
2363 2555 2512 2610 pater
2545 2547 2737 2608 Latini,

1674 2627 1937 2690 antiquam
1962 2625 2259 2687 religionem
2284 2623 2505 2673 tradidit
2528 2622 2735 2672 rusticis

1674 2703 1791 2753 istis
1836 2702 2146 2752 Numinibus
2192 2702 2256 2751 nb
2302 2716 2363 2750 eo
2408 2700 2735 2752 trahentibus

1672 2779 1939 2842 originem.
2020 2814 2024 2823 l

1735 2861 1768 2906 8
1792 2856 1967 2905 Fumat
1988 2853 2152 2917 odore]
2183 2854 2404 2902 Inceuso
2430 2853 2582 2901 thure
2605 2852 2735 2901 bene

1672 2932 1903 2981 olentem
1922 2930 2115 2979 fumum
2142 2929 2278 2979 tollit
2300 2928 2617 2993 odoremque
2640 2928 2735 2977 Su-

1670 3012 1815 3076 peris
1840 3018 2060 3072 gratum.

1737 3091 1769 3136 9
1793 3087 1946 3135 Ludit
1968 3085 2179 3142 herboso,
2195 3085 2303 3148 ξω]
2339 3084 2467 3133 Cum
2488 3082 2736 3150 Fannnlis

1674 3162 2009 3213 celebrantur
2058 3161 2242 3223 Nonis,
2282 3162 2375 3209 seu
2425 3160 2513 3208 die
2554 3159 2737 3224 quinta

1671 3240 1863 3291 mensis
1895 3238 2227 3300 Decembris,
2254 3245 2361 3287 tum
2385 3251 2450 3285 ex
2474 3250 2621 3285 more
2651 3249 2737 3300 pe·

1673 3331 1765 3369 cus
1794 3316 2031 3370 ‚otiosum
2074 3320 2248 3363 aratro
2294 3311 2537 3377 oninique
2578 3325 2733 3376 opere

1672 3395 1893 3444 solutum
1915 3391 2135 3459 quiescit
2170 3397 2224 3440 et
2256 3389 2391 3439 ludit
2423 3390 2472 3437 in
2508 3390 2738 3452 campis;

1672 3477 1732 3522 ut
1755 3476 1810 3519 et
1835 3467 2026 3531 pagani
2064 3468 2161 3530 ipsi
2199 3465 2337 3516 festa
2367 3466 2483 3515 haec
2519 3473 2733 3530 agentes

1668 3546 2120 3597 laetitiaexacsnt.
2187 3544 2353 3594 Quem
2391 3552 2537 3595 certe
2581 3543 2730 3591 ritum

1671 3623 2068 3686 depromsernnt
2126 3635 2157 3668 e
2210 3620 2383 3668 Sacris
2436 3618 2734 3693 (lodicibus.

1675 3699 1844 3751 Exod.
1866 3713 1979 3760 cap.
2003 3711 2105 3768 με.
2139 3699 2155 3726 ‘
2175 3698 2409 3760 Septimo
2432 3697 2518 3747 die
2539 3696 2732 3746 Sabba-

1673 3785 1783 3831 tum
1815 3775 2023 3825 Domini
2046 3774 2149 3822 Dei
2173 3774 2250 3821 tui
2273 3779 2374 3822 est.
2430 3773 2550 3822 Non
2573 3770 2731 3821 facies

1672 3867 1824 3905 omne
1846 3866 1978 3914 opus
2001 3851 2053 3901 in
2079 3865 2161 3911 eo,
2186 3859 2242 3897 tu
2272 3856 2329 3898 et
2355 3847 2513 3910 filius,
2534 3854 2591 3896 et
2614 3847 2733 3907 filis,

1674 3937 1730 3981 et
1767 3942 1963 3983 servus,
2009 3936 2064 3975 et
2104 3926 2309 3987 ancilla,
2352 3933 2407 3973 et
2438 3924 2731 3986 jumentum

1675 4009 1857 4058 tuum!
1909 4005 2121 4066 Et.cap.
2147 4015 2321 4053 xxm.
2357 4004 2371 4029 ‘
2393 4000 2630 4064 Septimo
2651 4000 2731 4049 die

1674 4080 1921 4142 cessabis,
1959 4086 2019 4132 ut
2053 4078 2347 4144 requiescat
2367 4077 2463 4129 bos
2484 4085 2545 4128 et
2565 4077 2732 4128 asinus

1676 4157 1829 4222 tuus:
1849 4160 1950 4209 διο.

1683 4235 1898 4291 „Pecus
1918 4232 2075 4298 omne]
2132 4231 2312 4285 Fauno
2355 4229 2434 4281 rei
2474 4229 2730 4296 pecuariis
