3059 4909
1216 406 1221 413 '
1256 420 1330 485 Q.
1379 418 1700 474 nortun
1751 422 2012 475 mutem

878 571 1148 650 Sorvae,
1171 569 1424 635 moveri
1453 569 1661 652 digna
1684 570 1868 634 bono
1898 569 2035 647 die,

964 671 1341 750 Descende,
1370 669 1665 737 Corvino
1687 670 1979 759 jubente,
2123 756 2130 760 ,

1057 774 1363 840 Promere
1388 770 1811 857 languidiora
1839 773 2018 839 vina.
2050 826 2055 831 .

878 877 1038 944 Non
1065 877 1204 957 ille,
1228 896 1613 962 quanquam
1641 876 2012 943 Socraticis
2042 877 2277 944 madet
2320 938 2326 945 .

879 979 1339 1059 Ser-monibuS,
1368 985 1433 1045 te
1459 979 1745 1064 negliget
1768 979 2114 1045 horridus:

2655 981 2741 1046 10

535 1161 700 1213 condis
720 1161 1001 1227 exquisitum
1023 1163 1300 1224 Massicum,
1317 1156 1516 1214 mereris
1535 1156 1743 1226 proferri
1761 1160 1933 1214 celebri
1961 1164 2039 1214 die
2051 1180 2072 1223 ,·
2101 1164 2210 1214 veni
2229 1164 2438 1224 suadere
2458 1162 2573 1212 vina
2593 1173 2746 1210 senes·

540 1228 699 1278 centia
716 1230 899 1280 volente
922 1227 1148 1278 Corvino.
1214 1229 1334 1292 Hic,
1354 1227 1464 1278 lieet
1484 1227 1691 1279 imbutas
1711 1228 1779 1278 sit
1791 1228 2059 1285 ,Socraticis
2077 1228 2361 1294 disciplinis,
2384 1229 2512 1279 Ιιαιά
2528 1231 2745 1276 macrus

1452 1385 1811 1409 ‘mm

542 1485 704 1536 Prnf.
737 1485 805 1536 ad
839 1482 971 1537 Hor.
1012 1500 1132 1537 vm.
1164 1488 1214 1537 9.
1251 1485 1438 1551 edidit,

1833 1488 1996 1537 letam
2030 1486 2237 1549 nomae,
2268 1489 2483 1551 asa—lo
2517 1482 2748 1534 Bentleii

544 1551 695 1601 Leid.
720 1560 774 1600 et
796 1553 1036 1602 Petrens.
1060 1552 1229 1615 Lipss.
1255 1557 1300 1601 1.
1321 1556 1373 1601 4.
1405 1566 1522 1602 enm
1542 1552 1664 1602 edd.
1688 1554 1865 1603 Bentl.
1886 1553 2109 1617 Cnning.
2127 1558 2184 1602 et
2209 1550 2371 1601 Kidd.
2388 1550 2618 1613 negligit,
2635 1548 2687 1599 h.
2702 1563 2749 1601 e.

543 1630 646 1666 non
670 1616 806 1667 solet
830 1630 884 1667 te
906 1618 1190 1682 negligere.
1254 1616 1432 1668 Ceteri
1453 1630 1632 1669 omnes
1654 1617 1809 1669 codd.
1829 1625 1886 1668 et
1905 1617 2286 1682 eddmegliget,
2324 1615 2581 1682 probante
2603 1614 2746 1678 διαὶ,

1533 1761 1752 1814 NOTAE

607 1866 642 1912 n
665 1862 801 1911 Bono
818 1860 920 1926 die]
944 1861 1171 1923 Festive,
1190 1860 1316 1911 mihi
1335 1856 1606 1913 fortunato

542 1943 600 1988 et
620 1937 920 2001 honorabili,
949 1950 1065 1988 cum
1086 1936 1334 2003 dignatur
1354 1937 1606 1988 Corvinus

544 2012 806 2063 divertere
861 2013 1000 2078 apud
1058 2028 1158 2077 me,
1209 2027 1414 2064 coenare
1467 2013 1610 2067 domi

543 2104 696 2152 meae,
717 2096 773 2140 et
795 2105 1011 2155 poscere
1031 2091 1076 2141 si
1096 2090 1233 2156 quod
1249 2089 1413 2141 habeo
1429 2091 1605 2140 melio-

544 2166 616 2219 ris
638 2172 776 2217 notae
802 2167 992 2217 vinum.

607 2247 640 2293 ⁷
665 2242 934 2309 Descende]
960 2244 1039 2294 Ex
1056 2245 1158 2295 ista
1169 2258 1298 2295 voce
1321 2249 1470 2309 patet
1485 2243 1609 2294 olim

545 2334 668 2370 vasa
703 2320 903 2371 vinaria
922 2335 1044 2385 non,
1065 2328 1124 2372 ut
1151 2321 1290 2387 apud
1322 2335 1413 2372 nos
1433 2321 1610 2377 hodie,

545 2395 600 2446 in
645 2396 1014 2462 subterraneis,
1058 2398 1149 2448 sed
1199 2398 1252 2449 in
1301 2394 1610 2449 editioribus

548 2472 812 2536 apothecis
845 2479 1002 2540 atque
1037 2473 1234 2525 horreis
1252 2473 1505 2524 collocari
1533 2486 1618 2525 so·

545 2548 661 2612 lita,
700 2555 760 2599 nt
791 2547 995 2602 fumosa
1025 2549 1256 2616 indeque
1286 2556 1491 2601 matura
1521 2549 1614 2601 fie-

548 2631 699 2675 rent:
736 2626 872 2690 quod
900 2626 1009 2691 jam
1031 2625 1151 2677 alibi
1172 2627 1370 2689 notavi,
1402 2626 1613 2676 iterum·

550 2718 653 2768 que
695 2702 873 2754 Poe'ta*
918 2710 1096 2755 noster
1136 2703 1328 2768 innuit,
1370 2702 1614 2769 sequenti

549 2774 670 2833 Ode
702 2794 910 2833 xxvur.
947 2797 1023 2833 vs.
1057 2784 1106 2832 7.
1155 2782 1292 2833 Vide
1326 2795 1485 2846 supra
1505 2781 1611 2832 od.

550 2866 678 2908 vul.
698 2858 848 2922 hnjus
870 2858 1012 2907 libri.

616 2937 825 2985 Corvino
836 2936 1060 3001 jubente]
1094 2936 1175 2987 M.
1196 2934 1440 2987 Valerius
1472 2935 1612 2985 Mes-

547 3011 658 3061 sala
680 3013 930 3062 Corvinus
950 3011 1177 3076 Augusti
1196 3024 1311 3062 aevo
1333 3012 1414 3061 vir
1430 3012 1614 3062 elaris-

547 3090 725 3155 simus,
762 3091 953 3143 Consul
977 3106 1110 3143 anno
1135 3092 1200 3143 U.
1225 3090 1288 3143 C.
1310 3094 1427 3142 ⁷22.
1451 3093 1614 3157 quiet

550 3168 621 3221 de
643 3164 816 3221 Gallia
849 3176 1068 3235 quatuor
1102 3170 1221 3235 po‘st
1253 3171 1400 3220 annis
1432 3170 1612 3219 trium-

550 3246 749 3310 phavit.
812 3246 869 3296 Is
890 3253 972 3296 est
993 3262 1143 3312 quem
1174 3242 1278 3297 suis
1298 3244 1613 3297 carminibus

550 3324 685 3375 adeo
718 3323 955 3374 celebrat
984 3324 1240 3387 Tibullus,
1273 3338 1310 3373 r.
1332 3329 1383 3374 3.
1421 3333 1479 3374 et
1514 3337 1596 3377 ιν.

552 3403 599 3450 1.
623 3399 699 3449 sie
726 3400 969 3465 ,incipitz
1005 3400 1107 3451 ‘Te
1136 3400 1364 3451 Messala
1393 3414 1613 3462 canam3

552 3488 844 3542 quanquam
880 3483 972 3527 tua
1013 3477 1225 3541 cognita
1268 3476 1436 3526 virtus
1479 3474 1609 3527 Ter-

552 3557 654 3609 ret,
679 3558 737 3602 ut
758 3552 973 3603 infirmae
999 3554 1209 3603 valeant
1229 3548 1513 3603 subsistere
1535 3552 1610 3602 vi·-

554 3630 678 3683 res.’
1605 3630 1615 3641 ”

558 3766 563 3777 ,
618 3715 649 3757 8
682 3706 933 3775 Promere]
965 3708 1084 3779 Hoc
1111 3709 1342 3774 jungunt
1376 3710 1463 3759 alii
1497 3720 1615 3760 cum

553 3788 680 3837 voce
702 3789 924 3838 descende
940 3804 960 3847 ,·
978 3787 1063 3836 alii
1081 3786 1419 3848 cumJabeme.
1452 3780 1616 3839 Quia

553 3862 677 3927 quid
708 3863 936 3913 sentiant
969 3862 1145 3933 aliqui,
1179 3862 1327 3928 parvi
1361 3860 1526 3914 refert
1549 3865 1614 3914 ad

548 3938 688 4002 =quod
712 3938 925 3989 referas.

618 4010 948 4076 Languidiora
989 4010 1128 4079 vina]
1183 4016 1470 4066 Senectute
1519 4024 1613 4066 sen

554 4083 817 4145 uetustate
846 4096 1068 4154 matura,
1110 4090 1337 4156 mitiora,
1368 4090 1617 4142 salubrio-

554 4169 631 4229 ra.
696 4164 836 4215 Vide
858 4170 1016 4231 snpra
1037 4166 1143 4218 Od.
1166 4178 1287 4219 xvr.
1306 4182 1381 4218 vs.
1404 4172 1489 4219 35.
1517 4166 1613 4217 ibi-

555 4244 655 4309 qne
679 4241 728 4292 N
734 4249 807 4292 ot.

620 4321 654 4368 9
677 4318 791 4369 Non
811 4318 910 4383 ille,
931 4334 1194 4385 quanquam
1211 4321 1490 4387 Socraticis,
1504 4314 1616 4386 ἐγὼ]

1686 1860 1802 1911 Etsi
1822 1859 2069 1922 refertus,
2081 1858 2140 1910 id
2158 1864 2257 1917 est,
2278 1857 2517 1924 apprime
2532 1856 2752 1908 instrue-

1686 1943 1771 1986 tns
1794 1941 1878 1987 est
1898 1936 2154 1987 Corvinus
2171 1935 2444 1986 Socratica
2465 1939 2524 1985 et
2547 1933 2750 1985 Acade·

1686 2013 1822 2063 mica
1842 2004 2195 2078 Philosophia,
2215 2024 2319 2061 non
2342 2015 2399 2061 te
2429 2011 2693 2076 despiciet
2720 2025 2751 2061 o

1686 2091 1771 2154 pia
1792 2096 1963 2140 testa:
1998 2097 2055 2140 et
2078 2102 2369 2155 quanquam
2406 2088 2588 2138 madet
2610 2094 2751 2138 totus

1686 2167 1895 2231 placitis
1933 2165 2187 2232 ejusmodi
2218 2164 2595 2229 severioribus,
2615 2165 2751 2215 hand

1687 2251 1863 2293 tamen
1881 2241 2348 2307 refugitinterdnm
2364 2241 2575 2292 madere
2592 2242 2754 2297 etiam

1689 2318 1829 2381 vino,
1849 2318 1914 2368 ad
1937 2317 2211 2370 diluendas
2234 2333 2382 2370 curas
2401 2317 2752 2383 levandosque

1691 2394 1846 2443 animi
1890 2393 2096 2444 labores
2133 2409 2253 2446 suos
2293 2408 2388 2459 pro
2423 2392 2751 2458 Republica:

1690 2485 1809 2521 nam
1827 2476 1884 2521 et
1898 2471 1995 2522 hoc
2010 2471 2157 2521 novit
2171 2471 2554 2535 sapientissimo
2567 2470 2754 2536 cuique

1693 2555 2013 2612 usurpatum.
2080 2549 2236 2600 Plato
2258 2547 2439 2608 scribit
2467 2549 2645 2598 vinnm
2665 2549 2753 2599 11⁰²

1690 2626 1915 2677 minibus
1940 2636 1972 2676 a
1992 2628 2114 2678 Deo
2135 2626 2485 2677 contributum
2507 2628 2655 2678 velut
2676 2638 2755 2677 re·-

1692 2703 1918 2753 medium
1957 2703 2206 2754 adversus
2228 2711 2575 2767 senectutem,
2597 2708 2657 2755 ut
2680 2717 2756 2771 re-j

1693 2780 1806 2831 dire
1860 2780 1925 2830 ad
1972 2783 2302 2845 juventutem
2356 2780 2655 2838 videantur,
2700 2787 2756 2833 et

1691 2856 1956 2908 moestitiae
1977 2871 2066 2908 eos
2086 2858 2260 2923 capiat
2277 2857 2491 2910 oblivio.
2553 2856 2757 2910 Seneca

1691 2933 1869 2984 Stoico
1904 2935 2185 2999 supercilio
2205 2935 2335 2986 mire
2375 2935 2547 3000 gravis
2579 2934 2759 2987 aiebat

1693 3024 2056 3078 nonnunquam
2073 3024 2233 3077 nsque
2254 3011 2320 3062 ad
2337 3011 2651 3062 ebrietatem
2671 3025 2760 3062 ve-

1693 3084 1961 3152 niendum,
1997 3101 2102 3139 non
2133 3102 2250 3154 qute
2283 3094 2481 3150 mergat
2512 3100 2627 3151 nos,
2662 3084 2757 3137 sed

1695 3164 1955 3231 deprimat
1987 3179 2157 3216 curas.
2220 3162 2358 3216 Vide
2380 3165 2511 3217 Coel.
2534 3160 2760 3230 Rhodig.¹

1694 3242 1904 3292 xxvrui
1926 3243 2009 3294 82.
2032 3248 2088 3293 et
2103 3240 2242 3293 alibi.
2347 3265 2357 3272 ·

1757 3318 2020 3369 ,Socraticis
2038 3318 2363 3385 Semonibus]
2393 3319 2639 3370 Socrates
2671 3317 2759 3369 ho-

1693 3394 1884 3445 minum
1921 3394 2328 3460 sapientissimus
2350 3392 2613 3459 Apollinis
2643 3408 2756 3444 ora-

1693 3473 1811 3522 enlo
1845 3470 2141 3522 declaratus
2182 3478 2284 3521 est.
2349 3464 2476 3536 Ejus
2518 3466 2760 3534 dogmata

1693 3546 1919 3611 amplexi
1935 3557 2058 3598 sunt
2077 3560 2190 3611 pm
2212 3547 2405 3598 ceteris
2425 3546 2559 3597 bene
2580 3543 2757 3597 inultis

1692 3624 1999 3675 illustriores
2016 3622 2123 3686 isti,
2136 3623 2315 3685 Plato,
2326 3618 2637 3686 Xenophon,
2650 3619 2759 3671 Ana

1693 3701 1972 3749 tisthenes.
2019 3694 2240 3763 Diogen.
2262 3696 2436 3748 lauert.
2456 3694 2549 3746 lib.
2571 3704 2637 3745 ιι.
2656 3698 2757 3746 διο.

1695 3777 1808 3826 Cic.
1826 3777 1979 3826 Tusc.
1997 3788 2087 3826 ιιι.
2112 3774 2187 3824 ait
2208 3773 2277 3823 ab‘
2298 3785 2361 3823 eo
2383 3772 2620 3822 ‘omnem
2643 3778 2759 3836 qna

1692 3853 1762 3904 de
1783 3852 1893 3903 vita
1914 3860 1970 3901 et
1997 3849 2221 3900 moribus
2254 3856 2340 3897 est
2366 3840 2760 3911 Philosophiam

1694 3921 1964 3979 manasse?
1996 3922 2150 3976 Tusc.
2167 3938 2222 3976 V.
2239 3920 2497 3974 ‘Primum
2514 3921 2660 3973 illum
2672 3924 2762 3973 de·

1696 4010 1909 4056 vocasse
1949 3999 2328 4065 Philosophiam
2370 4012 2402 4048 e
2441 3999 2578 4049 eoelo
2599 4024 2614 4049 .
2633 4032 2649 4048 .
2669 4014 2686 4049 ι
2703 4000 2762 4050 et

1695 4084 1927 4148 coegisse
1950 4081 2018 4133 de
2057 4080 2185 4142 vita,
2217 4077 2474 4143 moribus,-
2491 4077 2762 4142 rebusque

1696 4148 1845 4212 licitis
1879 4150 1937 4210 'e‘t
1968 4159 2117 4209 malis
2137 4155 2409 4223 quarere?
2471 4155 2672 4208 Noster
2690 4154 2760 4205 ad
2839 4168 2846 4175 ·

1695 4236 1875 4290 Pisou.
1909 4249 1988 4287 vs.
2016 4239 2132 4286 81⁰.
2162 4233 2323 4283 ‘Rem
2345 4230 2443 4282 tibi
2471 4227 2765 4283 Socraticd

1697 4319 1945 4382 poterunt
1967 4309 2245 4364 ostendere
2266 4306 2500 4361 eltuto?
