<?xml version="1.0" encoding="UTF-8"?>
<!DOCTYPE html PUBLIC "-//W3C//DTD XHTML 1.0 Transitional//EN"
    "http://www.w3.org/TR/xhtml1/DTD/xhtml1-transitional.dtd">
<html xmlns="http://www.w3.org/1999/xhtml" xml:lang="en" lang="en">
 <head>
  <title>
</title>
<meta http-equiv="Content-Type" content="text/html;charset=utf-8" />
  <meta name='ocr-system' content='tesseract 3.04.00' />
  <meta name='ocr-capabilities' content='ocr_page ocr_carea ocr_par ocr_line ocrx_word'/>
</head>
<body>
  <div class='ocr_page' id='page_1' title='image "./quintihoratiifl00unkngoog_0484.png"; bbox 0 0 3059 4909; ppageno 0'>
   <div class='ocr_carea' id='block_1_1' title="bbox 14 3540 20 4585">
    <p class='ocr_par' dir='ltr' id='par_1_1' title="bbox 14 3540 20 4585">
     <span class='ocr_line' id='line_1_1' title="bbox 14 3540 20 4585; baseline 0 0"><span class='ocrx_word' id='word_1_1' title='bbox 14 3540 20 4585; x_wconf 95' lang='lat' dir='ltr'><strong> </strong></span> 
     </span>
    </p>
   </div>
   <div class='ocr_carea' id='block_1_2' title="bbox 532 413 661 476">
    <p class='ocr_par' dir='ltr' id='par_1_2' title="bbox 532 413 661 476">
     <span class='ocr_line' id='line_1_2' title="bbox 532 413 661 476; baseline 0.016 -2"><span class='ocrx_word' id='word_1_2' title='bbox 532 413 661 476; x_wconf 75' lang='lat'><strong>474</strong></span> 
     </span>
    </p>
   </div>
   <div class='ocr_carea' id='block_1_3' title="bbox 877 569 1867 654">
    <p class='ocr_par' dir='ltr' id='par_1_3' title="bbox 877 569 1867 654">
     <span class='ocr_line' id='line_1_3' title="bbox 877 569 1867 654; baseline -0.004 -18"><span class='ocrx_word' id='word_1_3' title='bbox 877 571 1114 636; x_wconf 88' lang='lat' dir='ltr'><strong>Multis</strong></span> <span class='ocrx_word' id='word_1_4' title='bbox 1143 578 1211 634; x_wconf 92' lang='lat' dir='ltr'><strong>et</strong></span> <span class='ocrx_word' id='word_1_5' title='bbox 1239 571 1391 654; x_wconf 86' lang='lat' dir='ltr'><strong>alga</strong></span> <span class='ocrx_word' id='word_1_6' title='bbox 1420 572 1611 635; x_wconf 82' lang='lat' dir='ltr'><strong>littus</strong></span> <span class='ocrx_word' id='word_1_7' title='bbox 1643 569 1867 634; x_wconf 87' lang='lat' dir='ltr'><strong>inutili</strong></span> 
     </span>
    </p>
   </div>
   <div class='ocr_carea' id='block_1_4' title="bbox 1245 424 1998 486">
    <p class='ocr_par' dir='ltr' id='par_1_4' title="bbox 1245 424 1998 486">
     <span class='ocr_line' id='line_1_4' title="bbox 1245 424 1998 486; baseline 0 -15"><span class='ocrx_word' id='word_1_8' title='bbox 1245 427 1317 486; x_wconf 79' lang='lat' dir='ltr'><strong>Q.</strong></span> <span class='ocrx_word' id='word_1_9' title='bbox 1360 424 1673 473; x_wconf 75' lang='lat' dir='ltr'><strong>HORA&#39;rn</strong></span> <span class='ocrx_word' id='word_1_10' title='bbox 1730 424 1998 475; x_wconf 76' lang='lat' dir='ltr'><strong>FLAcm</strong></span> 
     </span>
    </p>
   </div>
   <div class='ocr_carea' id='block_1_5' title="bbox 2644 566 2723 629">
    <p class='ocr_par' dir='ltr' id='par_1_5' title="bbox 2644 566 2723 629">
     <span class='ocr_line' id='line_1_5' title="bbox 2644 566 2723 629; baseline -0.013 0"><span class='ocrx_word' id='word_1_11' title='bbox 2644 566 2723 629; x_wconf 91' lang='grc'><strong>10</strong></span> 
     </span>
    </p>
   </div>
   <div class='ocr_carea' id='block_1_6' title="bbox 767 669 2248 1060">
    <p class='ocr_par' dir='ltr' id='par_1_6' title="bbox 767 669 2248 1060">
     <span class='ocr_line' id='line_1_6' title="bbox 964 669 2070 756; baseline -0.004 -20"><span class='ocrx_word' id='word_1_12' title='bbox 964 670 1278 736; x_wconf 87' lang='lat' dir='ltr'><strong>Demissa</strong></span> <span class='ocrx_word' id='word_1_13' title='bbox 1305 676 1672 756; x_wconf 82' lang='lat' dir='ltr'><strong>tempestas</strong></span> <span class='ocrx_word' id='word_1_14' title='bbox 1701 672 1786 735; x_wconf 86' lang='lat' dir='ltr'><strong>ab</strong></span> <span class='ocrx_word' id='word_1_15' title='bbox 1819 669 2003 734; x_wconf 86' lang='lat' dir='ltr'><strong>Euro</strong></span> <span class='ocrx_word' id='word_1_16' title='bbox 2066 706 2070 712; x_wconf 90' lang='lat'>-</span> 
     </span>
     <span class='ocr_line' id='line_1_7' title="bbox 1050 771 2180 857; baseline -0.004 -20"><span class='ocrx_word' id='word_1_17' title='bbox 1050 773 1338 849; x_wconf 80' lang='lat' dir='ltr'><strong>Sternet,</strong></span> <span class='ocrx_word' id='word_1_18' title='bbox 1370 791 1567 856; x_wconf 78' lang='lat' dir='ltr'><strong>aquae</strong></span> <span class='ocrx_word' id='word_1_19' title='bbox 1597 772 1729 836; x_wconf 85' lang='lat' dir='ltr'><strong>nisi</strong></span> <span class='ocrx_word' id='word_1_20' title='bbox 1759 771 1936 836; x_wconf 83' lang='lat' dir='ltr'><strong>fallit</strong></span> <span class='ocrx_word' id='word_1_21' title='bbox 1967 789 2180 857; x_wconf 82' lang='lat' dir='ltr'><strong>augur</strong></span> 
     </span>
     <span class='ocr_line' id='line_1_8' title="bbox 874 872 2239 955; baseline -0.002 -17"><span class='ocrx_word' id='word_1_22' title='bbox 874 872 1156 939; x_wconf 83' lang='lat' dir='ltr'><strong>Annosa</strong></span> <span class='ocrx_word' id='word_1_23' title='bbox 1183 875 1435 939; x_wconf 84' lang='lat' dir='ltr'><strong>cornix.</strong></span> <span class='ocrx_word' id='word_1_24' title='bbox 1525 872 1707 937; x_wconf 90' lang='lat' dir='ltr'><strong>Dum</strong></span> <span class='ocrx_word' id='word_1_25' title='bbox 1739 873 1947 955; x_wconf 74' lang='lat' dir='ltr'><strong>potiS,</strong></span> <span class='ocrx_word' id='word_1_26' title='bbox 1976 872 2239 937; x_wconf 83' lang='lat' dir='ltr'><strong>aridum</strong></span> 
     </span>
     <span class='ocr_line' id='line_1_9' title="bbox 767 963 2248 1060; baseline -0.003 -18"><span class='ocrx_word' id='word_1_27' title='bbox 767 963 775 972; x_wconf 47' lang='lat'>⁵</span> <span class='ocrx_word' id='word_1_28' title='bbox 879 976 1226 1060; x_wconf 85' lang='lat' dir='ltr'><strong>Compone</strong></span> <span class='ocrx_word' id='word_1_29' title='bbox 1255 977 1539 1059; x_wconf 85' lang='lat' dir='ltr'><strong>lignum:</strong></span> <span class='ocrx_word' id='word_1_30' title='bbox 1586 995 1735 1041; x_wconf 82' lang='lat' dir='ltr'><strong>cras</strong></span> <span class='ocrx_word' id='word_1_31' title='bbox 1768 976 2034 1059; x_wconf 85' lang='lat' dir='ltr'><strong>genium</strong></span> <span class='ocrx_word' id='word_1_32' title='bbox 2064 993 2248 1038; x_wconf 91' lang='lat' dir='ltr'><strong>mero</strong></span> 
     </span>
    </p>
   </div>
   <div class='ocr_carea' id='block_1_7' title="bbox 531 1182 2731 1316">
    <p class='ocr_par' dir='ltr' id='par_1_7' title="bbox 531 1182 2731 1316">
     <span class='ocr_line' id='line_1_10' title="bbox 532 1182 2731 1250; baseline -0.001 -15"><span class='ocrx_word' id='word_1_33' title='bbox 532 1187 609 1237; x_wconf 80' lang='lat' dir='ltr'><strong>die</strong></span> <span class='ocrx_word' id='word_1_34' title='bbox 640 1188 844 1250; x_wconf 72' lang='lat' dir='ltr'><strong>procella</strong></span> <span class='ocrx_word' id='word_1_35' title='bbox 865 1190 925 1239; x_wconf 79' lang='lat' dir='ltr'><strong>ab</strong></span> <span class='ocrx_word' id='word_1_36' title='bbox 946 1188 1078 1237; x_wconf 73' lang='lat' dir='ltr'><strong>Euro</strong></span> <span class='ocrx_word' id='word_1_37' title='bbox 1109 1187 1318 1237; x_wconf 74' lang='lat' dir='ltr'><strong>excitata</strong></span> <span class='ocrx_word' id='word_1_38' title='bbox 1337 1201 1498 1236; x_wconf 71' lang='lat' dir='ltr'><strong>nem</strong></span> <span class='ocrx_word' id='word_1_39' title='bbox 1519 1183 1781 1245; x_wconf 66' lang='lat' dir='ltr'><strong>frondibus</strong></span> <span class='ocrx_word' id='word_1_40' title='bbox 1812 1185 2049 1248; x_wconf 75' lang='lat' dir='ltr'><strong>plurimis,</strong></span> <span class='ocrx_word' id='word_1_41' title='bbox 2082 1185 2239 1248; x_wconf 77' lang='lat' dir='ltr'><strong>ripam</strong></span> <span class='ocrx_word' id='word_1_42' title='bbox 2273 1189 2433 1234; x_wconf 74' lang='lat' dir='ltr'><strong>nutem</strong></span> <span class='ocrx_word' id='word_1_43' title='bbox 2454 1182 2592 1233; x_wconf 57' lang='lat' dir='ltr'><strong>iamai</strong></span> <span class='ocrx_word' id='word_1_44' title='bbox 2621 1182 2731 1241; x_wconf 71' lang='lat' dir='ltr'><strong>alge</strong></span> 
     </span>
     <span class='ocr_line' id='line_1_11' title="bbox 531 1247 2731 1316; baseline -0.005 -13"><span class='ocrx_word' id='word_1_45' title='bbox 531 1258 804 1316; x_wconf 73' lang='lat' dir='ltr'><strong>cmperget</strong></span> <span class='ocrx_word' id='word_1_46' title='bbox 815 1269 835 1312; x_wconf 89' lang='lat'><strong>,·</strong></span> <span class='ocrx_word' id='word_1_47' title='bbox 866 1253 911 1302; x_wconf 82' lang='lat' dir='ltr'><strong>si</strong></span> <span class='ocrx_word' id='word_1_48' title='bbox 942 1267 1016 1301; x_wconf 77' lang='lat' dir='ltr'><strong>me</strong></span> <span class='ocrx_word' id='word_1_49' title='bbox 1053 1267 1145 1301; x_wconf 74' lang='lat' dir='ltr'><strong>non</strong></span> <span class='ocrx_word' id='word_1_50' title='bbox 1182 1252 1358 1316; x_wconf 76' lang='lat' dir='ltr'><strong>decipit</strong></span> <span class='ocrx_word' id='word_1_51' title='bbox 1385 1250 1557 1300; x_wconf 73' lang='lat' dir='ltr'><strong>cornix</strong></span> <span class='ocrx_word' id='word_1_52' title='bbox 1588 1251 1819 1313; x_wconf 77' lang='lat' dir='ltr'><strong>longoeva,</strong></span> <span class='ocrx_word' id='word_1_53' title='bbox 1842 1251 2050 1313; x_wconf 78' lang='lat' dir='ltr'><strong>pluviam</strong></span> <span class='ocrx_word' id='word_1_54' title='bbox 2078 1250 2373 1313; x_wconf 63' lang='lat' dir='ltr'><strong>presagiens</strong></span> <span class='ocrx_word' id='word_1_55' title='bbox 2391 1265 2408 1299; x_wconf 91' lang='lat'><strong>.·</strong></span> <span class='ocrx_word' id='word_1_56' title='bbox 2439 1250 2566 1297; x_wconf 72' lang='lat' dir='ltr'><strong>sicca</strong></span> <span class='ocrx_word' id='word_1_57' title='bbox 2599 1247 2731 1307; x_wconf 68' lang='lat' dir='ltr'><strong>ligna</strong></span> 
     </span>
    </p>
   </div>
   <div class='ocr_carea' id='block_1_8' title="bbox 1450 1412 1815 1433">
    <p class='ocr_par' dir='ltr' id='par_1_8' title="bbox 1450 1412 1815 1433">
     <span class='ocr_line' id='line_1_12' title="bbox 1450 1412 1815 1433; baseline 0 0"><span class='ocrx_word' id='word_1_58' title='bbox 1450 1412 1688 1433; x_wconf 57' lang='lat' dir='ltr'><strong>OO‘OOOO‘</strong></span> <span class='ocrx_word' id='word_1_59' title='bbox 1696 1412 1815 1433; x_wconf 60' lang='lat'><strong>0000</strong></span> 
     </span>
    </p>
   </div>
   <div class='ocr_carea' id='block_1_9' title="bbox 533 1506 2733 1836">
    <p class='ocr_par' dir='ltr' id='par_1_9' title="bbox 533 1506 2733 1836">
     <span class='ocr_line' id='line_1_13' title="bbox 535 1506 2729 1576; baseline -0.002 -16"><span class='ocrx_word' id='word_1_60' title='bbox 535 1509 750 1560; x_wconf 65' lang='lat' dir='ltr'><strong>Grecos</strong></span> <span class='ocrx_word' id='word_1_61' title='bbox 771 1511 1011 1562; x_wconf 75' lang='lat' dir='ltr'><strong>scribitur</strong></span> <span class='ocrx_word' id='word_1_62' title='bbox 1046 1513 1340 1575; x_wconf 57' lang='grc' dir='ltr'><strong>Δᾶμι-11</strong></span> <span class='ocrx_word' id='word_1_63' title='bbox 1379 1512 1573 1562; x_wconf 71' lang='lat' dir='ltr'><strong>Enim</strong></span> <span class='ocrx_word' id='word_1_64' title='bbox 1610 1513 1748 1576; x_wconf 86' lang='lat' dir='ltr'><strong>conj.</strong></span> <span class='ocrx_word' id='word_1_65' title='bbox 1788 1512 2012 1575; x_wconf 81' lang='lat' dir='ltr'><strong>Cuning.</strong></span> <span class='ocrx_word' id='word_1_66' title='bbox 2047 1510 2299 1575; x_wconf 79' lang='lat' dir='ltr'><strong>probante</strong></span> <span class='ocrx_word' id='word_1_67' title='bbox 2334 1510 2520 1561; x_wconf 83' lang='lat' dir='ltr'><strong>Jones.</strong></span> <span class='ocrx_word' id='word_1_68' title='bbox 2561 1512 2618 1556; x_wconf 90' lang='lat' dir='ltr'><strong>et</strong></span> <span class='ocrx_word' id='word_1_69' title='bbox 2658 1506 2729 1555; x_wconf 79' lang='lat' dir='ltr'><strong>sic</strong></span> 
     </span>
     <span class='ocr_line' id='line_1_14' title="bbox 533 1572 2733 1635; baseline -0.002 -11"><span class='ocrx_word' id='word_1_70' title='bbox 533 1575 855 1624; x_wconf 60' lang='lat' dir='ltr'><strong>Sanam—12</strong></span> <span class='ocrx_word' id='word_1_71' title='bbox 889 1576 1075 1626; x_wconf 75' lang='lat' dir='ltr'><strong>Sternit</strong></span> <span class='ocrx_word' id='word_1_72' title='bbox 1113 1591 1243 1626; x_wconf 80' lang='lat' dir='ltr'><strong>unns</strong></span> <span class='ocrx_word' id='word_1_73' title='bbox 1288 1578 1589 1626; x_wconf 80' lang='lat' dir='ltr'><strong>Bersmanni</strong></span> <span class='ocrx_word' id='word_1_74' title='bbox 1627 1586 1685 1627; x_wconf 91' lang='lat' dir='ltr'><strong>et</strong></span> <span class='ocrx_word' id='word_1_75' title='bbox 1715 1578 1869 1628; x_wconf 86' lang='lat' dir='ltr'><strong>Dess.</strong></span> <span class='ocrx_word' id='word_1_76' title='bbox 1911 1582 1955 1628; x_wconf 84' lang='lat' dir='ltr'><strong>l.</strong></span> <span class='ocrx_word' id='word_1_77' title='bbox 1987 1582 2036 1627; x_wconf 73' lang='lat'><strong>2.</strong></span> <span class='ocrx_word' id='word_1_78' title='bbox 2103 1577 2232 1625; x_wconf 86' lang='lat' dir='ltr'><strong>Mox</strong></span> <span class='ocrx_word' id='word_1_79' title='bbox 2256 1574 2405 1635; x_wconf 79' lang='lat' dir='ltr'><strong>fallet</strong></span> <span class='ocrx_word' id='word_1_80' title='bbox 2440 1572 2584 1635; x_wconf 85' lang='lat' dir='ltr'><strong>Lips.</strong></span> <span class='ocrx_word' id='word_1_81' title='bbox 2622 1575 2733 1619; x_wconf 80' lang='grc'><strong>4.-</strong></span> 
     </span>
     <span class='ocr_line' id='line_1_15' title="bbox 536 1638 2731 1705; baseline -0 -19"><span class='ocrx_word' id='word_1_82' title='bbox 536 1642 598 1687; x_wconf 76' lang='lat'><strong>18</strong></span> <span class='ocrx_word' id='word_1_83' title='bbox 632 1639 783 1688; x_wconf 85' lang='lat' dir='ltr'><strong>Harl.</strong></span> <span class='ocrx_word' id='word_1_84' title='bbox 809 1645 853 1691; x_wconf 91' lang='lat' dir='ltr'><strong>l.</strong></span> <span class='ocrx_word' id='word_1_85' title='bbox 876 1645 925 1690; x_wconf 75' lang='lat'><strong>2.</strong></span> <span class='ocrx_word' id='word_1_86' title='bbox 946 1645 994 1690; x_wconf 70' lang='lat'><strong>³.</strong></span> <span class='ocrx_word' id='word_1_87' title='bbox 1020 1647 1070 1690; x_wconf 73' lang='lat'><strong>⁴.</strong></span> <span class='ocrx_word' id='word_1_88' title='bbox 1091 1647 1140 1690; x_wconf 79' lang='lat'><strong>5.</strong></span> <span class='ocrx_word' id='word_1_89' title='bbox 1165 1647 1213 1692; x_wconf 91' lang='grc'><strong>6.</strong></span> <span class='ocrx_word' id='word_1_90' title='bbox 1243 1643 1469 1691; x_wconf 76' lang='lat' dir='ltr'><strong>Bentleii</strong></span> <span class='ocrx_word' id='word_1_91' title='bbox 1509 1643 1688 1693; x_wconf 79' lang='lat' dir='ltr'><strong>Graev.</strong></span> <span class='ocrx_word' id='word_1_92' title='bbox 1720 1642 1867 1692; x_wconf 86' lang='lat' dir='ltr'><strong>Leid.</strong></span> <span class='ocrx_word' id='word_1_93' title='bbox 1908 1651 1962 1690; x_wconf 84' lang='lat' dir='ltr'><strong>et</strong></span> <span class='ocrx_word' id='word_1_94' title='bbox 2003 1642 2188 1705; x_wconf 80' lang='lat' dir='ltr'><strong>Regin.</strong></span> <span class='ocrx_word' id='word_1_95' title='bbox 2223 1655 2256 1689; x_wconf 85' lang='lat' dir='ltr'><strong>a</strong></span> <span class='ocrx_word' id='word_1_96' title='bbox 2292 1655 2359 1703; x_wconf 80' lang='lat' dir='ltr'><strong>m.</strong></span> <span class='ocrx_word' id='word_1_97' title='bbox 2394 1652 2475 1702; x_wconf 84' lang='lat' dir='ltr'><strong>pr.</strong></span> <span class='ocrx_word' id='word_1_98' title='bbox 2512 1638 2731 1686; x_wconf 89' lang='lat' dir='ltr'><strong>Mentel.</strong></span> 
     </span>
     <span class='ocr_line' id='line_1_16' title="bbox 535 1698 2728 1770; baseline -0.001 -19"><span class='ocrx_word' id='word_1_99' title='bbox 535 1703 762 1753; x_wconf 85' lang='lat' dir='ltr'><strong>Helmst.</strong></span> <span class='ocrx_word' id='word_1_100' title='bbox 783 1714 898 1753; x_wconf 82' lang='lat' dir='ltr'><strong>cnm</strong></span> <span class='ocrx_word' id='word_1_101' title='bbox 917 1705 1038 1755; x_wconf 87' lang='lat' dir='ltr'><strong>edd.</strong></span> <span class='ocrx_word' id='word_1_102' title='bbox 1065 1707 1238 1756; x_wconf 87' lang='lat' dir='ltr'><strong>Bentl.</strong></span> <span class='ocrx_word' id='word_1_103' title='bbox 1258 1707 1478 1770; x_wconf 78' lang='lat' dir='ltr'><strong>Cuning.</strong></span> <span class='ocrx_word' id='word_1_104' title='bbox 1498 1708 1657 1757; x_wconf 84' lang='lat' dir='ltr'><strong>Baxt.</strong></span> <span class='ocrx_word' id='word_1_105' title='bbox 1678 1708 1823 1770; x_wconf 70' lang='lat' dir='ltr'><strong>sani,</strong></span> <span class='ocrx_word' id='word_1_106' title='bbox 1837 1707 2049 1770; x_wconf 86' lang='lat' dir='ltr'><strong>Bipont.</strong></span> <span class='ocrx_word' id='word_1_107' title='bbox 2064 1698 2281 1755; x_wconf 78' lang='lat' dir='ltr'><strong>Mitscl&#39;i.</strong></span> <span class='ocrx_word' id='word_1_108' title='bbox 2305 1703 2527 1753; x_wconf 85' lang='lat' dir='ltr'><strong>Wetzel.</strong></span> <span class='ocrx_word' id='word_1_109' title='bbox 2552 1700 2728 1751; x_wconf 86' lang='lat' dir='ltr'><strong>Comb.</strong></span> 
     </span>
     <span class='ocr_line' id='line_1_17' title="bbox 534 1764 2727 1836; baseline -0.001 -20"><span class='ocrx_word' id='word_1_110' title='bbox 534 1772 591 1816; x_wconf 89' lang='lat' dir='ltr'><strong>et</strong></span> <span class='ocrx_word' id='word_1_111' title='bbox 613 1767 772 1817; x_wconf 79' lang='lat' dir='ltr'><strong>Kidd.</strong></span> <span class='ocrx_word' id='word_1_112' title='bbox 803 1770 949 1833; x_wconf 70' lang='lat' dir='ltr'><strong>potis.</strong></span> <span class='ocrx_word' id='word_1_113' title='bbox 980 1777 997 1799; x_wconf 82' lang='lat'>‘</span> <span class='ocrx_word' id='word_1_114' title='bbox 1018 1771 1088 1820; x_wconf 85' lang='lat' dir='ltr'><strong>Et</strong></span> <span class='ocrx_word' id='word_1_115' title='bbox 1128 1771 1307 1821; x_wconf 83' lang='lat' dir='ltr'><strong>extitit</strong></span> <span class='ocrx_word' id='word_1_116' title='bbox 1336 1771 1472 1821; x_wconf 85' lang='lat' dir='ltr'><strong>band</strong></span> <span class='ocrx_word' id='word_1_117' title='bbox 1507 1771 1665 1822; x_wconf 88' lang='lat' dir='ltr'><strong>dubie</strong></span> <span class='ocrx_word' id='word_1_118' title='bbox 1697 1772 1752 1820; x_wconf 81' lang='lat' dir='ltr'><strong>in</strong></span> <span class='ocrx_word' id='word_1_119' title='bbox 1786 1771 2016 1836; x_wconf 87' lang='lat' dir='ltr'><strong>pluribus</strong></span> <span class='ocrx_word' id='word_1_120' title='bbox 2039 1771 2253 1820; x_wconf 80' lang='lat' dir='ltr'><strong>aliorum</strong></span> <span class='ocrx_word' id='word_1_121' title='bbox 2278 1771 2433 1819; x_wconf 89' lang='lat' dir='ltr'><strong>etiam</strong></span> <span class='ocrx_word' id='word_1_122' title='bbox 2457 1766 2617 1818; x_wconf 85' lang='lat' dir='ltr'><strong>codd.</strong></span> <span class='ocrx_word' id='word_1_123' title='bbox 2639 1764 2727 1815; x_wconf 85' lang='lat' dir='ltr'><strong>sed</strong></span> 
     </span>
    </p>
   </div>
   <div class='ocr_carea' id='block_1_10' title="bbox 1519 1935 1741 1987">
    <p class='ocr_par' dir='ltr' id='par_1_10' title="bbox 1519 1935 1741 1987">
     <span class='ocr_line' id='line_1_18' title="bbox 1519 1935 1741 1987; baseline -0.005 0"><span class='ocrx_word' id='word_1_124' title='bbox 1519 1935 1741 1987; x_wconf 78' lang='lat' dir='ltr'>NOTAE</span> 
     </span>
    </p>
   </div>
   <div class='ocr_carea' id='block_1_11' title="bbox 536 2047 1591 2171">
    <p class='ocr_par' dir='ltr' id='par_1_11' title="bbox 536 2047 1591 2171">
     <span class='ocr_line' id='line_1_19' title="bbox 598 2047 1591 2170; baseline 0.007 -76"><span class='ocrx_word' id='word_1_125' title='bbox 598 2048 664 2170; x_wconf 59' lang='lat'><strong>1¹0</strong></span> <span class='ocrx_word' id='word_1_126' title='bbox 696 2047 849 2130; x_wconf 52' lang='lat' dir='ltr'><strong>A‘lga]</strong></span> <span class='ocrx_word' id='word_1_127' title='bbox 902 2047 1083 2100; x_wconf 85' lang='lat' dir='ltr'><strong>Herba</strong></span> <span class='ocrx_word' id='word_1_128' title='bbox 1121 2051 1317 2102; x_wconf 85' lang='lat' dir='ltr'><strong>marina</strong></span> <span class='ocrx_word' id='word_1_129' title='bbox 1359 2051 1424 2102; x_wconf 88' lang='lat' dir='ltr'><strong>ad</strong></span> <span class='ocrx_word' id='word_1_130' title='bbox 1466 2051 1591 2101; x_wconf 81' lang='lat' dir='ltr'><strong>nihil</strong></span> 
     </span>
     <span class='ocr_line' id='line_1_20' title="bbox 536 2131 695 2171; baseline 0.006 -1"><span class='ocrx_word' id='word_1_131' title='bbox 536 2131 610 2170; x_wconf 76' lang='lat' dir='ltr'><strong>uti</strong></span> <span class='ocrx_word' id='word_1_132' title='bbox 634 2137 695 2171; x_wconf 77' lang='lat' dir='ltr'><strong>is.</strong></span> 
     </span>
    </p>
   </div>
   <div class='ocr_carea' id='block_1_12' title="bbox 532 2201 1592 2554">
    <p class='ocr_par' dir='ltr' id='par_1_12' title="bbox 532 2201 1592 2554">
     <span class='ocr_line' id='line_1_21' title="bbox 600 2201 1592 2266; baseline 0.004 -15"><span class='ocrx_word' id='word_1_133' title='bbox 600 2206 659 2251; x_wconf 86' lang='lat' dir='ltr'><strong>ll</strong></span> <span class='ocrx_word' id='word_1_134' title='bbox 686 2202 838 2266; x_wconf 79' lang='lat' dir='ltr'><strong>Euro]</strong></span> <span class='ocrx_word' id='word_1_135' title='bbox 856 2202 993 2252; x_wconf 85' lang='lat' dir='ltr'><strong>Plin.</strong></span> <span class='ocrx_word' id='word_1_136' title='bbox 1009 2217 1075 2253; x_wconf 86' lang='grc' dir='ltr'><strong>ιι.</strong></span> <span class='ocrx_word' id='word_1_137' title='bbox 1093 2209 1175 2254; x_wconf 81' lang='grc'><strong>47.</strong></span> <span class='ocrx_word' id='word_1_138' title='bbox 1188 2201 1282 2253; x_wconf 84' lang='lat' dir='ltr'><strong>flat</strong></span> <span class='ocrx_word' id='word_1_139' title='bbox 1298 2203 1389 2254; x_wconf 87' lang='lat' dir='ltr'><strong>‘ab</strong></span> <span class='ocrx_word' id='word_1_140' title='bbox 1404 2204 1592 2255; x_wconf 89' lang='lat' dir='ltr'><strong>Orien-</strong></span> 
     </span>
     <span class='ocr_line' id='line_1_22' title="bbox 536 2277 1589 2345; baseline 0.004 -18"><span class='ocrx_word' id='word_1_141' title='bbox 536 2283 589 2327; x_wconf 87' lang='lat' dir='ltr'><strong>te</strong></span> <span class='ocrx_word' id='word_1_142' title='bbox 614 2277 832 2326; x_wconf 79' lang='lat' dir='ltr'><strong>brumali</strong></span> <span class='ocrx_word' id='word_1_143' title='bbox 852 2278 1158 2340; x_wconf 81' lang='lat' dir='ltr'><strong>vulturnus,&#39;</strong></span> <span class='ocrx_word' id='word_1_144' title='bbox 1180 2294 1331 2345; x_wconf 86' lang='lat' dir='ltr'><strong>quem</strong></span> <span class='ocrx_word' id='word_1_145' title='bbox 1359 2281 1374 2307; x_wconf 92' lang='lat'>‘</span> <span class='ocrx_word' id='word_1_146' title='bbox 1393 2282 1589 2333; x_wconf 84' lang='lat' dir='ltr'><strong>Eurum</strong></span> 
     </span>
     <span class='ocr_line' id='line_1_23' title="bbox 533 2352 1590 2418; baseline 0.008 -18"><span class='ocrx_word' id='word_1_147' title='bbox 533 2352 711 2401; x_wconf 64' lang='lat' dir='ltr'><strong>Graeci</strong></span> <span class='ocrx_word' id='word_1_148' title='bbox 755 2353 1060 2417; x_wconf 65' lang='lat' dir='ltr'><strong>appellant!</strong></span> <span class='ocrx_word' id='word_1_149' title='bbox 1126 2355 1296 2418; x_wconf 89' lang='lat' dir='ltr'><strong>Epod.</strong></span> <span class='ocrx_word' id='word_1_150' title='bbox 1342 2368 1463 2406; x_wconf 76' lang='lat' dir='ltr'><strong>xvi.</strong></span> <span class='ocrx_word' id='word_1_151' title='bbox 1507 2362 1590 2408; x_wconf 75' lang='lat'><strong>54.</strong></span> 
     </span>
     <span class='ocr_line' id='line_1_24' title="bbox 532 2428 1592 2495; baseline 0.008 -20"><span class='ocrx_word' id='word_1_152' title='bbox 532 2430 546 2455; x_wconf 90' lang='lat'>‘</span> <span class='ocrx_word' id='word_1_153' title='bbox 562 2428 638 2477; x_wconf 80' lang='lat' dir='ltr'><strong>Ut</strong></span> <span class='ocrx_word' id='word_1_154' title='bbox 658 2443 825 2492; x_wconf 88' lang='lat' dir='ltr'><strong>neque</strong></span> <span class='ocrx_word' id='word_1_155' title='bbox 850 2430 1002 2492; x_wconf 79' lang='lat' dir='ltr'><strong>largis</strong></span> <span class='ocrx_word' id='word_1_156' title='bbox 1021 2428 1259 2495; x_wconf 82' lang='lat' dir='ltr'><strong>Aquosns</strong></span> <span class='ocrx_word' id='word_1_157' title='bbox 1282 2433 1445 2482; x_wconf 80' lang='lat' dir='ltr'>Eurus</span> <span class='ocrx_word' id='word_1_158' title='bbox 1467 2447 1592 2483; x_wconf 81' lang='lat' dir='ltr'><strong>arva</strong></span> 
     </span>
     <span class='ocr_line' id='line_1_25' title="bbox 534 2504 980 2554; baseline 0 -3"><span class='ocrx_word' id='word_1_159' title='bbox 534 2504 683 2553; x_wconf 86' lang='lat' dir='ltr'><strong>radat</strong></span> <span class='ocrx_word' id='word_1_160' title='bbox 706 2504 980 2554; x_wconf 58' lang='lat' dir='ltr'><strong>imbribus)</strong></span> 
     </span>
    </p>
   </div>
   <div class='ocr_carea' id='block_1_13' title="bbox 601 2582 1591 2648">
    <p class='ocr_par' dir='ltr' id='par_1_13' title="bbox 601 2582 1591 2648">
     <span class='ocr_line' id='line_1_26' title="bbox 601 2582 1591 2648; baseline 0.007 -17"><span class='ocrx_word' id='word_1_161' title='bbox 601 2586 662 2632; x_wconf 80' lang='lat'><strong>12</strong></span> <span class='ocrx_word' id='word_1_162' title='bbox 685 2584 834 2646; x_wconf 79' lang='lat' dir='ltr'><strong>Aquoe</strong></span> <span class='ocrx_word' id='word_1_163' title='bbox 848 2584 943 2633; x_wconf 78' lang='lat' dir='ltr'><strong>nisi</strong></span> <span class='ocrx_word' id='word_1_164' title='bbox 951 2582 1092 2644; x_wconf 78' lang='lat' dir='ltr'><strong>fallit</strong></span> <span class='ocrx_word' id='word_1_165' title='bbox 1109 2598 1265 2648; x_wconf 76' lang='lat' dir='ltr'><strong>aug-ur</strong></span> <span class='ocrx_word' id='word_1_166' title='bbox 1279 2588 1471 2636; x_wconf 65' lang='lat' dir='ltr'><strong>Annona</strong></span> <span class='ocrx_word' id='word_1_167' title='bbox 1487 2602 1591 2637; x_wconf 76' lang='lat' dir='ltr'><strong>eor·</strong></span> 
     </span>
    </p>
   </div>
   <div class='ocr_carea' id='block_1_14' title="bbox 434 2654 1593 2722">
    <p class='ocr_par' dir='ltr' id='par_1_14' title="bbox 434 2654 1593 2722">
     <span class='ocr_line' id='line_1_27' title="bbox 434 2654 1593 2722; baseline 0.007 -16"><span class='ocrx_word' id='word_1_168' title='bbox 434 2654 439 2660; x_wconf 79' lang='lat'>&#39;</span> <span class='ocrx_word' id='word_1_169' title='bbox 532 2659 643 2722; x_wconf 77' lang='lat' dir='ltr'><strong>aix]</strong></span> <span class='ocrx_word' id='word_1_170' title='bbox 676 2660 916 2709; x_wconf 84' lang='lat' dir='ltr'><strong>Pluvium</strong></span> <span class='ocrx_word' id='word_1_171' title='bbox 955 2669 1127 2710; x_wconf 85' lang='lat' dir='ltr'><strong>autem</strong></span> <span class='ocrx_word' id='word_1_172' title='bbox 1167 2660 1281 2711; x_wconf 88' lang='lat' dir='ltr'><strong>fore</strong></span> <span class='ocrx_word' id='word_1_173' title='bbox 1317 2663 1499 2712; x_wconf 84' lang='lat' dir='ltr'><strong>coelum</strong></span> <span class='ocrx_word' id='word_1_174' title='bbox 1530 2678 1593 2714; x_wconf 87' lang='lat' dir='ltr'><strong>ac</strong></span> 
     </span>
    </p>
   </div>
   <div class='ocr_carea' id='block_1_15' title="bbox 504 2733 1594 4253">
    <p class='ocr_par' dir='ltr' id='par_1_15' title="bbox 504 2733 1594 3784">
     <span class='ocr_line' id='line_1_28' title="bbox 532 2733 1592 2802; baseline 0.007 -20"><span class='ocrx_word' id='word_1_175' title='bbox 532 2733 722 2784; x_wconf 80' lang='lat' dir='ltr'><strong>foedam</strong></span> <span class='ocrx_word' id='word_1_176' title='bbox 757 2742 1146 2799; x_wconf 71' lang='lat' dir='ltr'><strong>tempestatem,</strong></span> <span class='ocrx_word' id='word_1_177' title='bbox 1176 2752 1403 2802; x_wconf 79' lang='lat' dir='ltr'><strong>auguror</strong></span> <span class='ocrx_word' id='word_1_178' title='bbox 1424 2754 1454 2789; x_wconf 93' lang='lat' dir='ltr'><strong>e</strong></span> <span class='ocrx_word' id='word_1_179' title='bbox 1477 2754 1592 2789; x_wconf 87' lang='lat' dir='ltr'><strong>cor-</strong></span> 
     </span>
     <span class='ocr_line' id='line_1_29' title="bbox 531 2812 1594 2881; baseline 0.008 -22"><span class='ocrx_word' id='word_1_180' title='bbox 531 2812 650 2861; x_wconf 88' lang='lat' dir='ltr'><strong>nice</strong></span> <span class='ocrx_word' id='word_1_181' title='bbox 672 2812 980 2869; x_wconf 76' lang='lat' dir='ltr'><strong>crocitante.</strong></span> <span class='ocrx_word' id='word_1_182' title='bbox 1028 2814 1162 2864; x_wconf 80' lang='lat' dir='ltr'><strong>Haec</strong></span> <span class='ocrx_word' id='word_1_183' title='bbox 1186 2816 1229 2864; x_wconf 85' lang='lat' dir='ltr'><strong>si</strong></span> <span class='ocrx_word' id='word_1_184' title='bbox 1251 2821 1335 2864; x_wconf 88' lang='lat' dir='ltr'><strong>ter</strong></span> <span class='ocrx_word' id='word_1_185' title='bbox 1355 2824 1445 2866; x_wconf 87' lang='lat' dir='ltr'><strong>ant</strong></span> <span class='ocrx_word' id='word_1_186' title='bbox 1472 2831 1594 2881; x_wconf 88' lang='lat' dir='ltr'><strong>qua·</strong></span> 
     </span>
     <span class='ocr_line' id='line_1_30' title="bbox 534 2887 1593 2956; baseline 0.009 -22"><span class='ocrx_word' id='word_1_187' title='bbox 534 2893 638 2946; x_wconf 89' lang='lat' dir='ltr'><strong>ter,</strong></span> <span class='ocrx_word' id='word_1_188' title='bbox 663 2895 717 2936; x_wconf 87' lang='lat' dir='ltr'><strong>et</strong></span> <span class='ocrx_word' id='word_1_189' title='bbox 740 2887 937 2951; x_wconf 86' lang='lat' dir='ltr'><strong>liquida</strong></span> <span class='ocrx_word' id='word_1_190' title='bbox 961 2903 1106 2954; x_wconf 82' lang='lat' dir='ltr'><strong>voce,</strong></span> <span class='ocrx_word' id='word_1_191' title='bbox 1125 2891 1371 2956; x_wconf 83' lang='lat' dir='ltr'><strong>crocitet,</strong></span> <span class='ocrx_word' id='word_1_192' title='bbox 1402 2895 1593 2943; x_wconf 85' lang='lat' dir='ltr'><strong>sereni·</strong></span> 
     </span>
     <span class='ocr_line' id='line_1_31' title="bbox 532 2963 1591 3035; baseline 0.008 -23"><span class='ocrx_word' id='word_1_193' title='bbox 532 2970 693 3023; x_wconf 75' lang='lat' dir='ltr'><strong>tatem</strong></span> <span class='ocrx_word' id='word_1_194' title='bbox 750 2963 969 3015; x_wconf 86' lang='lat' dir='ltr'><strong>indicat.</strong></span> <span class='ocrx_word' id='word_1_195' title='bbox 1034 2966 1243 3018; x_wconf 84' lang='lat' dir='ltr'><strong>Servius</strong></span> <span class='ocrx_word' id='word_1_196' title='bbox 1298 2971 1351 3019; x_wconf 88' lang='lat' dir='ltr'><strong>in</strong></span> <span class='ocrx_word' id='word_1_197' title='bbox 1404 2971 1591 3035; x_wconf 79' lang='lat' dir='ltr'><strong>virgil.</strong></span> 
     </span>
     <span class='ocr_line' id='line_1_32' title="bbox 531 3039 1590 3110; baseline 0.009 -23"><span class='ocrx_word' id='word_1_198' title='bbox 531 3039 727 3102; x_wconf 76' lang='lat' dir='ltr'><strong>Georg.</strong></span> <span class='ocrx_word' id='word_1_199' title='bbox 771 3054 811 3090; x_wconf 89' lang='lat'><strong>1.</strong></span> <span class='ocrx_word' id='word_1_200' title='bbox 850 3042 968 3091; x_wconf 76' lang='lat'><strong>410.</strong></span> <span class='ocrx_word' id='word_1_201' title='bbox 1001 3043 1165 3093; x_wconf 82' lang='lat' dir='ltr'><strong>‘Tum</strong></span> <span class='ocrx_word' id='word_1_202' title='bbox 1199 3045 1416 3110; x_wconf 85' lang='lat' dir='ltr'><strong>liquidas</strong></span> <span class='ocrx_word' id='word_1_203' title='bbox 1448 3048 1590 3097; x_wconf 86' lang='lat' dir='ltr'><strong>corvi</strong></span> 
     </span>
     <span class='ocr_line' id='line_1_33' title="bbox 504 3121 1593 3188; baseline 0.009 -26"><span class='ocrx_word' id='word_1_204' title='bbox 504 3124 706 3179; x_wconf 60' lang='lat' dir='ltr'><strong>*presso</strong></span> <span class='ocrx_word' id='word_1_205' title='bbox 741 3124 824 3166; x_wconf 88' lang='lat' dir='ltr'><strong>ter</strong></span> <span class='ocrx_word' id='word_1_206' title='bbox 846 3124 1058 3179; x_wconf 82' lang='lat' dir='ltr'><strong>gutture</strong></span> <span class='ocrx_word' id='word_1_207' title='bbox 1091 3134 1244 3170; x_wconf 84' lang='lat' dir='ltr'><strong>voces</strong></span> <span class='ocrx_word' id='word_1_208' title='bbox 1267 3121 1376 3172; x_wconf 86' lang='lat' dir='ltr'><strong>Aut</strong></span> <span class='ocrx_word' id='word_1_209' title='bbox 1406 3132 1593 3188; x_wconf 84' lang='lat' dir='ltr'><strong>qnater</strong></span> 
     </span>
     <span class='ocr_line' id='line_1_34' title="bbox 529 3192 1592 3261; baseline 0.011 -22"><span class='ocrx_word' id='word_1_210' title='bbox 529 3192 884 3255; x_wconf 78' lang='lat' dir='ltr'><strong>ingeminant.’</strong></span> <span class='ocrx_word' id='word_1_211' title='bbox 946 3193 1024 3244; x_wconf 91' lang='lat' dir='ltr'><strong>At</strong></span> <span class='ocrx_word' id='word_1_212' title='bbox 1067 3197 1112 3246; x_wconf 87' lang='lat' dir='ltr'><strong>si</strong></span> <span class='ocrx_word' id='word_1_213' title='bbox 1162 3199 1318 3261; x_wconf 88' lang='lat' dir='ltr'><strong>plena</strong></span> <span class='ocrx_word' id='word_1_214' title='bbox 1364 3214 1490 3249; x_wconf 81' lang='lat' dir='ltr'><strong>voce</strong></span> <span class='ocrx_word' id='word_1_215' title='bbox 1536 3208 1592 3251; x_wconf 89' lang='lat' dir='ltr'><strong>et</strong></span> 
     </span>
     <span class='ocr_line' id='line_1_35' title="bbox 531 3269 1590 3337; baseline 0.007 -19"><span class='ocrx_word' id='word_1_216' title='bbox 531 3283 707 3330; x_wconf 82' lang='lat' dir='ltr'><strong>rauca,</strong></span> <span class='ocrx_word' id='word_1_217' title='bbox 748 3269 957 3337; x_wconf 86' lang='lat' dir='ltr'><strong>dinque,</strong></span> <span class='ocrx_word' id='word_1_218' title='bbox 1013 3272 1255 3336; x_wconf 75' lang='lat' dir='ltr'><strong>pluviam.</strong></span> <span class='ocrx_word' id='word_1_219' title='bbox 1332 3274 1472 3326; x_wconf 89' lang='lat' dir='ltr'><strong>Ibid.</strong></span> <span class='ocrx_word' id='word_1_220' title='bbox 1514 3292 1590 3327; x_wconf 81' lang='lat' dir='ltr'><strong>vs.</strong></span> 
     </span>
     <span class='ocr_line' id='line_1_36' title="bbox 530 3349 1589 3418; baseline 0.007 -20"><span class='ocrx_word' id='word_1_221' title='bbox 530 3352 645 3398; x_wconf 72' lang='grc'><strong>888.</strong></span> <span class='ocrx_word' id='word_1_222' title='bbox 677 3350 693 3378; x_wconf 90' lang='lat'>‘</span> <span class='ocrx_word' id='word_1_223' title='bbox 712 3349 842 3399; x_wconf 83' lang='lat' dir='ltr'><strong>Tum</strong></span> <span class='ocrx_word' id='word_1_224' title='bbox 868 3351 1046 3401; x_wconf 87' lang='lat' dir='ltr'><strong>cornix</strong></span> <span class='ocrx_word' id='word_1_225' title='bbox 1078 3352 1233 3416; x_wconf 85' lang='lat' dir='ltr'><strong>plena</strong></span> <span class='ocrx_word' id='word_1_226' title='bbox 1255 3354 1477 3418; x_wconf 81' lang='lat' dir='ltr'><strong>pluviam</strong></span> <span class='ocrx_word' id='word_1_227' title='bbox 1499 3366 1589 3405; x_wconf 80' lang='lat' dir='ltr'><strong>vo·</strong></span> 
     </span>
     <span class='ocr_line' id='line_1_37' title="bbox 529 3428 1588 3494; baseline 0.005 -17"><span class='ocrx_word' id='word_1_228' title='bbox 529 3434 617 3478; x_wconf 88' lang='lat' dir='ltr'><strong>cat</strong></span> <span class='ocrx_word' id='word_1_229' title='bbox 639 3428 872 3494; x_wconf 87' lang='lat' dir='ltr'><strong>improba</strong></span> <span class='ocrx_word' id='word_1_230' title='bbox 906 3429 1071 3480; x_wconf 65' lang='lat' dir='ltr'><strong>voce!</strong></span> <span class='ocrx_word' id='word_1_231' title='bbox 1136 3431 1219 3481; x_wconf 83' lang='lat' dir='ltr'><strong>Ex</strong></span> <span class='ocrx_word' id='word_1_232' title='bbox 1253 3432 1393 3482; x_wconf 87' lang='lat' dir='ltr'><strong>Plin.</strong></span> <span class='ocrx_word' id='word_1_233' title='bbox 1424 3445 1588 3483; x_wconf 76' lang='lat' dir='ltr'><strong>xvur.</strong></span> 
     </span>
     <span class='ocr_line' id='line_1_38' title="bbox 528 3504 1587 3569; baseline 0.004 -17"><span class='ocrx_word' id='word_1_234' title='bbox 528 3507 610 3552; x_wconf 73' lang='lat'><strong>35.</strong></span> <span class='ocrx_word' id='word_1_235' title='bbox 656 3504 891 3567; x_wconf 83' lang='lat' dir='ltr'><strong>hyemem</strong></span> <span class='ocrx_word' id='word_1_236' title='bbox 941 3508 1257 3569; x_wconf 59' lang='lat' dir='ltr'><strong>pasagiunt</strong></span> <span class='ocrx_word' id='word_1_237' title='bbox 1309 3513 1587 3556; x_wconf 77' lang='lat' dir='ltr'><strong>terrestres</strong></span> 
     </span>
     <span class='ocr_line' id='line_1_39' title="bbox 528 3579 1588 3644; baseline 0.005 -18"><span class='ocrx_word' id='word_1_238' title='bbox 528 3580 766 3628; x_wconf 85' lang='lat' dir='ltr'><strong>volucres</strong></span> <span class='ocrx_word' id='word_1_239' title='bbox 789 3587 972 3629; x_wconf 87' lang='lat' dir='ltr'><strong>eontra</strong></span> <span class='ocrx_word' id='word_1_240' title='bbox 1006 3595 1189 3644; x_wconf 87' lang='lat' dir='ltr'><strong>aquam</strong></span> <span class='ocrx_word' id='word_1_241' title='bbox 1226 3579 1410 3630; x_wconf 77' lang='lat' dir='ltr'><strong>dantes</strong></span> <span class='ocrx_word' id='word_1_242' title='bbox 1445 3582 1588 3631; x_wconf 88' lang='lat' dir='ltr'><strong>clan-</strong></span> 
     </span>
     <span class='ocr_line' id='line_1_40' title="bbox 529 3656 1590 3721; baseline 0.002 -16"><span class='ocrx_word' id='word_1_243' title='bbox 529 3670 727 3721; x_wconf 72' lang='lat' dir='ltr'><strong>gorem,</strong></span> <span class='ocrx_word' id='word_1_244' title='bbox 747 3656 1121 3721; x_wconf 85' lang='lat' dir='ltr'><strong>perfundentes</strong></span> <span class='ocrx_word' id='word_1_245' title='bbox 1134 3669 1249 3705; x_wconf 85' lang='lat' dir='ltr'><strong>sese</strong></span> <span class='ocrx_word' id='word_1_246' title='bbox 1263 3673 1285 3703; x_wconf 85' lang='lat'><strong>:—</strong></span> <span class='ocrx_word' id='word_1_247' title='bbox 1314 3657 1406 3708; x_wconf 83' lang='lat' dir='ltr'><strong>sed</strong></span> <span class='ocrx_word' id='word_1_248' title='bbox 1426 3658 1590 3707; x_wconf 84' lang='lat' dir='ltr'><strong>maxi·</strong></span> 
     </span>
     <span class='ocr_line' id='line_1_41' title="bbox 527 3735 828 3784; baseline -0.007 -1"><span class='ocrx_word' id='word_1_249' title='bbox 527 3748 610 3783; x_wconf 86' lang='lat' dir='ltr'><strong>me</strong></span> <span class='ocrx_word' id='word_1_250' title='bbox 633 3735 828 3784; x_wconf 82' lang='lat' dir='ltr'><strong>cornix.</strong></span> 
     </span>
    </p>

    <p class='ocr_par' dir='ltr' id='par_1_16' title="bbox 527 3808 1591 4253">
     <span class='ocr_line' id='line_1_42' title="bbox 595 3808 1591 3874; baseline 0.003 -16"><span class='ocrx_word' id='word_1_251' title='bbox 595 3813 658 3859; x_wconf 70' lang='lat'><strong>1³</strong></span> <span class='ocrx_word' id='word_1_252' title='bbox 692 3811 888 3859; x_wconf 64' lang='lat' dir='ltr'><strong>Anno-sa</strong></span> <span class='ocrx_word' id='word_1_253' title='bbox 918 3808 1112 3873; x_wconf 75' lang='lat' dir='ltr'><strong>cornix]</strong></span> <span class='ocrx_word' id='word_1_254' title='bbox 1153 3810 1235 3860; x_wconf 89' lang='lat' dir='ltr'><strong>De</strong></span> <span class='ocrx_word' id='word_1_255' title='bbox 1266 3811 1417 3874; x_wconf 85' lang='lat' dir='ltr'><strong>hujus</strong></span> <span class='ocrx_word' id='word_1_256' title='bbox 1453 3811 1591 3861; x_wconf 78' lang='lat' dir='ltr'><strong>viva-</strong></span> 
     </span>
     <span class='ocr_line' id='line_1_43' title="bbox 528 3885 1588 3950; baseline 0.003 -16"><span class='ocrx_word' id='word_1_257' title='bbox 528 3887 690 3935; x_wconf 83' lang='lat' dir='ltr'><strong>citate</strong></span> <span class='ocrx_word' id='word_1_258' title='bbox 725 3885 988 3936; x_wconf 75' lang='lat' dir='ltr'><strong>Hesiodus</strong></span> <span class='ocrx_word' id='word_1_259' title='bbox 1033 3886 1173 3950; x_wconf 89' lang='lat' dir='ltr'><strong>apud</strong></span> <span class='ocrx_word' id='word_1_260' title='bbox 1211 3887 1480 3937; x_wconf 84' lang='lat' dir='ltr'><strong>Plutarch.</strong></span> <span class='ocrx_word' id='word_1_261' title='bbox 1519 3886 1588 3938; x_wconf 85' lang='lat' dir='ltr'><strong>de</strong></span> 
     </span>
     <span class='ocr_line' id='line_1_44' title="bbox 528 3960 1591 4017; baseline 0.004 -8"><span class='ocrx_word' id='word_1_262' title='bbox 528 3961 853 4011; x_wconf 86' lang='lat' dir='ltr'><strong>oraculorum</strong></span> <span class='ocrx_word' id='word_1_263' title='bbox 877 3960 1110 4011; x_wconf 81' lang='lat' dir='ltr'><strong>defectu.</strong></span> <span class='ocrx_word' id='word_1_264' title='bbox 1167 3962 1387 4012; x_wconf 82' lang='lat' dir='ltr'><strong>Hesiodi</strong></span> <span class='ocrx_word' id='word_1_265' title='bbox 1412 3977 1591 4017; x_wconf 68' lang='lat' dir='ltr'><strong>versus</strong></span> 
     </span>
     <span class='ocr_line' id='line_1_45' title="bbox 528 4037 1590 4103; baseline 0.001 -16"><span class='ocrx_word' id='word_1_266' title='bbox 528 4039 601 4087; x_wconf 85' lang='lat' dir='ltr'><strong>ita</strong></span> <span class='ocrx_word' id='word_1_267' title='bbox 621 4038 806 4088; x_wconf 80' lang='lat' dir='ltr'><strong>Latine</strong></span> <span class='ocrx_word' id='word_1_268' title='bbox 828 4037 988 4088; x_wconf 83' lang='lat' dir='ltr'><strong>vertit</strong></span> <span class='ocrx_word' id='word_1_269' title='bbox 1011 4039 1253 4103; x_wconf 74' lang='lat' dir='ltr'><strong>quidamz</strong></span> <span class='ocrx_word' id='word_1_270' title='bbox 1287 4041 1303 4068; x_wconf 89' lang='lat'>‘</span> <span class='ocrx_word' id='word_1_271' title='bbox 1320 4040 1490 4090; x_wconf 78' lang='lat' dir='ltr'><strong>Soecla</strong></span> <span class='ocrx_word' id='word_1_272' title='bbox 1511 4039 1590 4089; x_wconf 85' lang='lat' dir='ltr'><strong>vi-</strong></span> 
     </span>
     <span class='ocr_line' id='line_1_46' title="bbox 527 4112 1586 4176; baseline 0.003 -14"><span class='ocrx_word' id='word_1_273' title='bbox 527 4115 572 4163; x_wconf 84' lang='lat' dir='ltr'><strong>ri</strong></span> <span class='ocrx_word' id='word_1_274' title='bbox 594 4114 769 4163; x_wconf 84' lang='lat' dir='ltr'><strong>novies</strong></span> <span class='ocrx_word' id='word_1_275' title='bbox 785 4112 1027 4176; x_wconf 74' lang='lat' dir='ltr'><strong>pubentis</strong></span> <span class='ocrx_word' id='word_1_276' title='bbox 1042 4115 1247 4176; x_wconf 77' lang='lat' dir='ltr'><strong>garrula</strong></span> <span class='ocrx_word' id='word_1_277' title='bbox 1259 4115 1440 4164; x_wconf 78' lang='lat' dir='ltr'><strong>cornix</strong></span> <span class='ocrx_word' id='word_1_278' title='bbox 1457 4117 1586 4166; x_wconf 82' lang='lat' dir='ltr'><strong>Vin·</strong></span> 
     </span>
     <span class='ocr_line' id='line_1_47' title="bbox 529 4189 1588 4253; baseline 0.004 -15"><span class='ocrx_word' id='word_1_279' title='bbox 529 4190 620 4250; x_wconf 87' lang='lat' dir='ltr'><strong>cit,</strong></span> <span class='ocrx_word' id='word_1_280' title='bbox 659 4189 887 4238; x_wconf 85' lang='lat' dir='ltr'><strong>cornicis</strong></span> <span class='ocrx_word' id='word_1_281' title='bbox 925 4202 1108 4237; x_wconf 82' lang='lat' dir='ltr'><strong>cervus</strong></span> <span class='ocrx_word' id='word_1_282' title='bbox 1143 4197 1360 4253; x_wconf 73' lang='lat' dir='ltr'><strong>quater-3</strong></span> <span class='ocrx_word' id='word_1_283' title='bbox 1397 4199 1452 4242; x_wconf 84' lang='lat' dir='ltr'><strong>at</strong></span> <span class='ocrx_word' id='word_1_284' title='bbox 1487 4193 1588 4242; x_wconf 87' lang='lat' dir='ltr'><strong>tria</strong></span> 
     </span>
    </p>
   </div>
   <div class='ocr_carea' id='block_1_16' title="bbox 1664 2045 2744 4255">
    <p class='ocr_par' dir='ltr' id='par_1_17' title="bbox 1670 2045 2744 2268">
     <span class='ocr_line' id='line_1_48' title="bbox 1671 2045 2744 2118; baseline -0.008 -16"><span class='ocrx_word' id='word_1_285' title='bbox 1671 2052 1917 2116; x_wconf 82' lang='lat' dir='ltr'><strong>deinceps</strong></span> <span class='ocrx_word' id='word_1_286' title='bbox 1961 2051 2146 2101; x_wconf 88' lang='lat' dir='ltr'><strong>Indica</strong></span> <span class='ocrx_word' id='word_1_287' title='bbox 2202 2047 2409 2114; x_wconf 84' lang='lat' dir='ltr'><strong>phoenix</strong></span> <span class='ocrx_word' id='word_1_288' title='bbox 2452 2045 2744 2118; x_wconf 27' lang='lat' dir='ltr'><strong>Egreditur·</strong></span> 
     </span>
     <span class='ocr_line' id='line_1_49' title="bbox 1670 2118 2744 2194; baseline -0.006 -14"><span class='ocrx_word' id='word_1_289' title='bbox 1670 2129 1888 2194; x_wconf 86' lang='lat' dir='ltr'><strong>novies,’</strong></span> <span class='ocrx_word' id='word_1_290' title='bbox 1928 2133 2027 2180; x_wconf 83' lang='lat' dir='ltr'><strong>&amp;c·</strong></span> <span class='ocrx_word' id='word_1_291' title='bbox 2094 2129 2236 2182; x_wconf 84' lang='lat' dir='ltr'><strong>Quos</strong></span> <span class='ocrx_word' id='word_1_292' title='bbox 2275 2126 2324 2183; x_wconf 88' lang='lat' dir='ltr'><strong>si</strong></span> <span class='ocrx_word' id='word_1_293' title='bbox 2353 2118 2514 2183; x_wconf 82' lang='lat' dir='ltr'><strong>mavis</strong></span> <span class='ocrx_word' id='word_1_294' title='bbox 2536 2119 2744 2191; x_wconf 48' lang='lat' dir='ltr'><strong>exstas</strong></span> 
     </span>
     <span class='ocr_line' id='line_1_50' title="bbox 1671 2204 2526 2268; baseline -0.009 -11"><span class='ocrx_word' id='word_1_295' title='bbox 1671 2207 1833 2264; x_wconf 76' lang='lat' dir='ltr'><strong>sonia,</strong></span> <span class='ocrx_word' id='word_1_296' title='bbox 1857 2206 1974 2256; x_wconf 87' lang='lat' dir='ltr'><strong>vide</strong></span> <span class='ocrx_word' id='word_1_297' title='bbox 1997 2204 2154 2268; x_wconf 73' lang='lat' dir='ltr'><strong>Hyll.</strong></span> <span class='ocrx_word' id='word_1_298' title='bbox 2181 2216 2342 2253; x_wconf 86' lang='lat' dir='ltr'><strong>xvm.</strong></span> <span class='ocrx_word' id='word_1_299' title='bbox 2517 2204 2526 2210; x_wconf 85' lang='grc'><strong>”</strong></span> 
     </span>
    </p>

    <p class='ocr_par' dir='ltr' id='par_1_18' title="bbox 1670 2277 2733 2942">
     <span class='ocr_line' id='line_1_51' title="bbox 1734 2277 2731 2346; baseline -0.005 -14"><span class='ocrx_word' id='word_1_300' title='bbox 1734 2283 1868 2332; x_wconf 77' lang='lat' dir='ltr'><strong>Dum</strong></span> <span class='ocrx_word' id='word_1_301' title='bbox 1885 2283 2033 2346; x_wconf 73' lang='lat' dir='ltr'><strong>potis,</strong></span> <span class='ocrx_word' id='word_1_302' title='bbox 2054 2283 2244 2331; x_wconf 73' lang='lat' dir='ltr'><strong>aridum</strong></span> <span class='ocrx_word' id='word_1_303' title='bbox 2276 2280 2507 2341; x_wconf 62' lang='lat' dir='ltr'><strong>Compos-e</strong></span> <span class='ocrx_word' id='word_1_304' title='bbox 2530 2277 2731 2340; x_wconf 66' lang='lat' dir='ltr'><strong>lignun,</strong></span> 
     </span>
     <span class='ocr_line' id='line_1_52' title="bbox 1670 2353 2730 2423; baseline -0.005 -16"><span class='ocrx_word' id='word_1_305' title='bbox 1670 2359 1777 2422; x_wconf 57' lang='grc' dir='ltr'><strong>μη]</strong></span> <span class='ocrx_word' id='word_1_306' title='bbox 1808 2360 1936 2422; x_wconf 69' lang='lat' dir='ltr'><strong>Igne</strong></span> <span class='ocrx_word' id='word_1_307' title='bbox 1956 2358 2139 2423; x_wconf 77' lang='lat' dir='ltr'><strong>frigus,</strong></span> <span class='ocrx_word' id='word_1_308' title='bbox 2162 2357 2460 2406; x_wconf 84' lang='lat' dir='ltr'><strong>moestitiam</strong></span> <span class='ocrx_word' id='word_1_309' title='bbox 2489 2370 2557 2403; x_wconf 85' lang='lat' dir='ltr'><strong>ex</strong></span> <span class='ocrx_word' id='word_1_310' title='bbox 2596 2353 2730 2405; x_wconf 67' lang='lat' dir='ltr'><strong>aeris</strong></span> 
     </span>
     <span class='ocr_line' id='line_1_53' title="bbox 1672 2431 2732 2499; baseline -0.003 -16"><span class='ocrx_word' id='word_1_311' title='bbox 1672 2435 1979 2499; x_wconf 84' lang='lat' dir='ltr'><strong>intemperie</strong></span> <span class='ocrx_word' id='word_1_312' title='bbox 2002 2435 2143 2484; x_wconf 86' lang='lat' dir='ltr'><strong>nasci</strong></span> <span class='ocrx_word' id='word_1_313' title='bbox 2165 2434 2370 2482; x_wconf 86' lang='lat' dir='ltr'><strong>solitam</strong></span> <span class='ocrx_word' id='word_1_314' title='bbox 2387 2431 2537 2480; x_wconf 85' lang='lat' dir='ltr'><strong>hilari</strong></span> <span class='ocrx_word' id='word_1_315' title='bbox 2559 2431 2732 2481; x_wconf 80' lang='lat' dir='ltr'><strong>convi-</strong></span> 
     </span>
     <span class='ocr_line' id='line_1_54' title="bbox 1674 2505 2731 2575; baseline -0.003 -16"><span class='ocrx_word' id='word_1_316' title='bbox 1674 2511 1755 2560; x_wconf 87' lang='lat' dir='ltr'><strong>vio</strong></span> <span class='ocrx_word' id='word_1_317' title='bbox 1774 2512 2031 2575; x_wconf 84' lang='lat' dir='ltr'><strong>propulsa.</strong></span> <span class='ocrx_word' id='word_1_318' title='bbox 2088 2512 2245 2559; x_wconf 84' lang='lat' dir='ltr'><strong>Certe</strong></span> <span class='ocrx_word' id='word_1_319' title='bbox 2266 2510 2399 2558; x_wconf 87' lang='lat' dir='ltr'><strong>eoelo</strong></span> <span class='ocrx_word' id='word_1_320' title='bbox 2422 2509 2555 2557; x_wconf 88' lang='lat' dir='ltr'><strong>male</strong></span> <span class='ocrx_word' id='word_1_321' title='bbox 2579 2505 2731 2557; x_wconf 81' lang='lat' dir='ltr'><strong>affec-</strong></span> 
     </span>
     <span class='ocr_line' id='line_1_55' title="bbox 1672 2578 2732 2650; baseline -0.002 -14"><span class='ocrx_word' id='word_1_322' title='bbox 1672 2594 1747 2649; x_wconf 85' lang='lat' dir='ltr'><strong>to,</strong></span> <span class='ocrx_word' id='word_1_323' title='bbox 1782 2578 1917 2636; x_wconf 75' lang='lat' dir='ltr'><strong>affi&#39;ci</strong></span> <span class='ocrx_word' id='word_1_324' title='bbox 1959 2587 2157 2650; x_wconf 85' lang='lat' dir='ltr'><strong>pariter</strong></span> <span class='ocrx_word' id='word_1_325' title='bbox 2188 2601 2377 2650; x_wconf 84' lang='lat' dir='ltr'><strong>corpus</strong></span> <span class='ocrx_word' id='word_1_326' title='bbox 2410 2593 2646 2635; x_wconf 84' lang='lat' dir='ltr'><strong>nostrum</strong></span> <span class='ocrx_word' id='word_1_327' title='bbox 2677 2591 2732 2634; x_wconf 91' lang='lat' dir='ltr'><strong>et</strong></span> 
     </span>
     <span class='ocr_line' id='line_1_56' title="bbox 1671 2661 2733 2726; baseline -0.003 -14"><span class='ocrx_word' id='word_1_328' title='bbox 1671 2662 2048 2726; x_wconf 75' lang='lat' dir='ltr'><strong>ingravescere,</strong></span> <span class='ocrx_word' id='word_1_329' title='bbox 2090 2677 2194 2713; x_wconf 89' lang='lat' dir='ltr'><strong>non</strong></span> <span class='ocrx_word' id='word_1_330' title='bbox 2243 2676 2363 2712; x_wconf 86' lang='lat' dir='ltr'><strong>raro</strong></span> <span class='ocrx_word' id='word_1_331' title='bbox 2413 2661 2733 2726; x_wconf 77' lang='lat' dir='ltr'><strong>experimur.</strong></span> 
     </span>
     <span class='ocr_line' id='line_1_57' title="bbox 1673 2736 2730 2789; baseline -0.004 0"><span class='ocrx_word' id='word_1_332' title='bbox 1673 2740 1869 2789; x_wconf 86' lang='lat' dir='ltr'><strong>Contra</strong></span> <span class='ocrx_word' id='word_1_333' title='bbox 1892 2739 1942 2787; x_wconf 90' lang='lat' dir='ltr'><strong>id</strong></span> <span class='ocrx_word' id='word_1_334' title='bbox 1983 2737 2294 2789; x_wconf 87' lang='lat' dir='ltr'><strong>incommodi</strong></span> <span class='ocrx_word' id='word_1_335' title='bbox 2324 2739 2461 2788; x_wconf 82' lang='lat' dir='ltr'><strong>valet</strong></span> <span class='ocrx_word' id='word_1_336' title='bbox 2482 2736 2634 2787; x_wconf 83' lang='lat' dir='ltr'><strong>focus</strong></span> <span class='ocrx_word' id='word_1_337' title='bbox 2655 2737 2730 2785; x_wconf 87' lang='lat' dir='ltr'><strong>lu-</strong></span> 
     </span>
     <span class='ocr_line' id='line_1_58' title="bbox 1671 2813 2731 2878; baseline -0.004 -13"><span class='ocrx_word' id='word_1_338' title='bbox 1671 2816 1928 2878; x_wconf 86' lang='lat' dir='ltr'><strong>culentus,</strong></span> <span class='ocrx_word' id='word_1_339' title='bbox 1967 2823 2023 2866; x_wconf 90' lang='lat' dir='ltr'><strong>et</strong></span> <span class='ocrx_word' id='word_1_340' title='bbox 2080 2823 2096 2846; x_wconf 65' lang='grc'><strong><em>*</em></strong></span> <span class='ocrx_word' id='word_1_341' title='bbox 2118 2815 2318 2865; x_wconf 72' lang='lat' dir='ltr'><strong>laetitiae</strong></span> <span class='ocrx_word' id='word_1_342' title='bbox 2362 2814 2601 2864; x_wconf 74' lang='lat' dir='ltr'><strong>Bacchus</strong></span> <span class='ocrx_word' id='word_1_343' title='bbox 2642 2813 2731 2862; x_wconf 87' lang='lat' dir='ltr'><strong>da-</strong></span> 
     </span>
     <span class='ocr_line' id='line_1_59' title="bbox 1673 2891 1792 2942; baseline -0.017 0"><span class='ocrx_word' id='word_1_344' title='bbox 1673 2891 1792 2942; x_wconf 68' lang='lat' dir='ltr'><strong>tor!</strong></span> 
     </span>
    </p>

    <p class='ocr_par' dir='ltr' id='par_1_19' title="bbox 1664 2965 2733 4255">
     <span class='ocr_line' id='line_1_60' title="bbox 1738 2965 2731 3028; baseline -0.003 -12"><span class='ocrx_word' id='word_1_345' title='bbox 1738 2971 1801 3018; x_wconf 76' lang='lat'><strong>14</strong></span> <span class='ocrx_word' id='word_1_346' title='bbox 1839 2968 2042 3018; x_wconf 79' lang='lat' dir='ltr'><strong>Genium</strong></span> <span class='ocrx_word' id='word_1_347' title='bbox 2065 2983 2191 3017; x_wconf 72' lang='lat' dir='ltr'><strong>mero</strong></span> <span class='ocrx_word' id='word_1_348' title='bbox 2212 2966 2418 3017; x_wconf 72' lang='lat' dir='ltr'><strong>Curubis</strong></span> <span class='ocrx_word' id='word_1_349' title='bbox 2436 2971 2485 3016; x_wconf 79' lang='lat' dir='ltr'><strong>et</strong></span> <span class='ocrx_word' id='word_1_350' title='bbox 2499 2980 2641 3028; x_wconf 79' lang='lat' dir='ltr'><strong>porco</strong></span> <span class='ocrx_word' id='word_1_351' title='bbox 2662 2965 2731 3013; x_wconf 77' lang='lat' dir='ltr'><strong>ln·-</strong></span> 
     </span>
     <span class='ocr_line' id='line_1_61' title="bbox 1671 3043 2733 3111; baseline -0.008 -13"><span class='ocrx_word' id='word_1_352' title='bbox 1671 3048 1857 3111; x_wconf 55' lang='lat' dir='ltr'><strong>mentri]</strong></span> <span class='ocrx_word' id='word_1_353' title='bbox 1887 3044 2206 3098; x_wconf 84' lang='lat' dir='ltr'><strong>Sacrificium</strong></span> <span class='ocrx_word' id='word_1_354' title='bbox 2230 3045 2418 3106; x_wconf 85' lang='lat' dir='ltr'><strong>Genio,</strong></span> <span class='ocrx_word' id='word_1_355' title='bbox 2453 3043 2541 3094; x_wconf 87' lang='lat' dir='ltr'><strong>die</strong></span> <span class='ocrx_word' id='word_1_356' title='bbox 2570 3043 2733 3093; x_wconf 81' lang='lat' dir='ltr'><strong>natali</strong></span> 
     </span>
     <span class='ocr_line' id='line_1_62' title="bbox 1672 3118 2733 3188; baseline -0.005 -14"><span class='ocrx_word' id='word_1_357' title='bbox 1672 3124 1888 3188; x_wconf 80' lang='lat' dir='ltr'><strong>Lamiae,</strong></span> <span class='ocrx_word' id='word_1_358' title='bbox 1910 3122 2140 3173; x_wconf 87' lang='lat' dir='ltr'><strong>nonnulli</strong></span> <span class='ocrx_word' id='word_1_359' title='bbox 2162 3135 2435 3186; x_wconf 81' lang='lat' dir='ltr'><strong>perperam</strong></span> <span class='ocrx_word' id='word_1_360' title='bbox 2454 3118 2733 3169; x_wconf 82' lang='lat' dir='ltr'><strong>commenti</strong></span> 
     </span>
     <span class='ocr_line' id='line_1_63' title="bbox 1672 3196 2733 3249; baseline -0.005 -2"><span class='ocrx_word' id='word_1_361' title='bbox 1672 3207 1794 3249; x_wconf 86' lang='lat' dir='ltr'><strong>sunt</strong></span> <span class='ocrx_word' id='word_1_362' title='bbox 1829 3199 1932 3249; x_wconf 87' lang='lat' dir='ltr'><strong>bic.</strong></span> <span class='ocrx_word' id='word_1_363' title='bbox 1997 3199 2162 3248; x_wconf 86' lang='lat' dir='ltr'><strong>Immo</strong></span> <span class='ocrx_word' id='word_1_364' title='bbox 2197 3197 2355 3247; x_wconf 81' lang='lat' dir='ltr'><strong>verba</strong></span> <span class='ocrx_word' id='word_1_365' title='bbox 2387 3196 2492 3245; x_wconf 86' lang='lat' dir='ltr'><strong>ista</strong></span> <span class='ocrx_word' id='word_1_366' title='bbox 2524 3202 2733 3243; x_wconf 82' lang='lat' dir='ltr'><strong>contra·</strong></span> 
     </span>
     <span class='ocr_line' id='line_1_64' title="bbox 1671 3269 2733 3336; baseline -0.007 -12"><span class='ocrx_word' id='word_1_367' title='bbox 1671 3277 1801 3324; x_wconf 83' lang='lat' dir='ltr'><strong>rium</strong></span> <span class='ocrx_word' id='word_1_368' title='bbox 1842 3274 2145 3325; x_wconf 87' lang='lat' dir='ltr'><strong>ostendunt.</strong></span> <span class='ocrx_word' id='word_1_369' title='bbox 2211 3274 2349 3324; x_wconf 85' lang='lat' dir='ltr'><strong>Nam</strong></span> <span class='ocrx_word' id='word_1_370' title='bbox 2375 3284 2478 3336; x_wconf 87' lang='lat' dir='ltr'><strong>quo</strong></span> <span class='ocrx_word' id='word_1_371' title='bbox 2501 3269 2588 3318; x_wconf 84' lang='lat' dir='ltr'><strong>die</strong></span> <span class='ocrx_word' id='word_1_372' title='bbox 2610 3271 2733 3319; x_wconf 76' lang='lat' dir='ltr'><strong>liau-</strong></span> 
     </span>
     <span class='ocr_line' id='line_1_65' title="bbox 1669 3348 2733 3409; baseline -0.004 -9"><span class='ocrx_word' id='word_1_373' title='bbox 1669 3358 1846 3402; x_wconf 82' lang='lat' dir='ltr'><strong>serant</strong></span> <span class='ocrx_word' id='word_1_374' title='bbox 1870 3352 2054 3401; x_wconf 82' lang='lat' dir='ltr'><strong>vitales</strong></span> <span class='ocrx_word' id='word_1_375' title='bbox 2077 3364 2245 3409; x_wconf 81' lang='lat' dir='ltr'><strong>auras,</strong></span> <span class='ocrx_word' id='word_1_376' title='bbox 2267 3364 2331 3399; x_wconf 90' lang='lat' dir='ltr'><strong>eo</strong></span> <span class='ocrx_word' id='word_1_377' title='bbox 2356 3349 2513 3397; x_wconf 83' lang='lat' dir='ltr'><strong>vitam</strong></span> <span class='ocrx_word' id='word_1_378' title='bbox 2536 3348 2733 3397; x_wconf 84' lang='lat' dir='ltr'><strong>adime·</strong></span> 
     </span>
     <span class='ocr_line' id='line_1_66' title="bbox 1668 3425 2729 3489; baseline -0.003 -13"><span class='ocrx_word' id='word_1_379' title='bbox 1668 3442 1727 3476; x_wconf 90' lang='lat' dir='ltr'><strong>re</strong></span> <span class='ocrx_word' id='word_1_380' title='bbox 1752 3427 1997 3485; x_wconf 79' lang='lat' dir='ltr'><strong>vietimae,</strong></span> <span class='ocrx_word' id='word_1_381' title='bbox 2034 3426 2270 3489; x_wconf 78' lang='lat' dir='ltr'><strong>religioni</strong></span> <span class='ocrx_word' id='word_1_382' title='bbox 2301 3425 2563 3474; x_wconf 84' lang='lat' dir='ltr'><strong>ducebant</strong></span> <span class='ocrx_word' id='word_1_383' title='bbox 2587 3429 2729 3474; x_wconf 82' lang='lat' dir='ltr'><strong>vete·</strong></span> 
     </span>
     <span class='ocr_line' id='line_1_67' title="bbox 1667 3497 2733 3566; baseline -0.006 -13"><span class='ocrx_word' id='word_1_384' title='bbox 1667 3517 1750 3553; x_wconf 82' lang='lat' dir='ltr'><strong>res</strong></span> <span class='ocrx_word' id='word_1_385' title='bbox 1775 3518 1791 3564; x_wconf 87' lang='lat'><strong>;</strong></span> <span class='ocrx_word' id='word_1_386' title='bbox 1824 3518 1924 3553; x_wconf 90' lang='lat' dir='ltr'><strong>nec</strong></span> <span class='ocrx_word' id='word_1_387' title='bbox 1965 3501 2183 3566; x_wconf 85' lang='lat' dir='ltr'><strong>proinde</strong></span> <span class='ocrx_word' id='word_1_388' title='bbox 2214 3501 2516 3565; x_wconf 85' lang='lat' dir='ltr'><strong>sanguinem</strong></span> <span class='ocrx_word' id='word_1_389' title='bbox 2547 3497 2733 3548; x_wconf 84' lang='lat' dir='ltr'><strong>funde·</strong></span> 
     </span>
     <span class='ocr_line' id='line_1_68' title="bbox 1666 3578 2728 3641; baseline -0.004 -12"><span class='ocrx_word' id='word_1_390' title='bbox 1666 3579 1811 3641; x_wconf 82' lang='lat' dir='ltr'><strong>bant,</strong></span> <span class='ocrx_word' id='word_1_391' title='bbox 1834 3586 1927 3628; x_wconf 88' lang='lat' dir='ltr'><strong>aut</strong></span> <span class='ocrx_word' id='word_1_392' title='bbox 1949 3578 2245 3628; x_wconf 76' lang='lat' dir='ltr'><strong>mactabant</strong></span> <span class='ocrx_word' id='word_1_393' title='bbox 2267 3578 2477 3632; x_wconf 84' lang='lat' dir='ltr'><strong>hostias,</strong></span> <span class='ocrx_word' id='word_1_394' title='bbox 2497 3583 2558 3626; x_wconf 90' lang='lat' dir='ltr'><strong>ut</strong></span> <span class='ocrx_word' id='word_1_395' title='bbox 2569 3590 2728 3625; x_wconf 87' lang='lat' dir='ltr'><strong>anno·</strong></span> 
     </span>
     <span class='ocr_line' id='line_1_69' title="bbox 1668 3651 2729 3713; baseline -0.007 -7"><span class='ocrx_word' id='word_1_396' title='bbox 1668 3656 1867 3707; x_wconf 74' lang='lat' dir='ltr'><strong>taviad</strong></span> <span class='ocrx_word' id='word_1_397' title='bbox 1902 3656 2053 3704; x_wconf 80' lang='lat' dir='ltr'><strong>Pers.</strong></span> <span class='ocrx_word' id='word_1_398' title='bbox 2074 3655 2184 3705; x_wconf 81' lang='lat' dir='ltr'><strong>Sat.</strong></span> <span class='ocrx_word' id='word_1_399' title='bbox 2202 3667 2267 3704; x_wconf 82' lang='lat'><strong>11.</strong></span> <span class='ocrx_word' id='word_1_400' title='bbox 2289 3657 2341 3703; x_wconf 72' lang='lat'><strong>³.</strong></span> <span class='ocrx_word' id='word_1_401' title='bbox 2403 3651 2605 3703; x_wconf 83' lang='lat' dir='ltr'><strong>Suadet</strong></span> <span class='ocrx_word' id='word_1_402' title='bbox 2638 3651 2729 3713; x_wconf 78' lang='lat' dir='ltr'><strong>igi·</strong></span> 
     </span>
     <span class='ocr_line' id='line_1_70' title="bbox 1666 3729 2729 3793; baseline -0.005 -12"><span class='ocrx_word' id='word_1_403' title='bbox 1666 3739 1753 3781; x_wconf 89' lang='lat' dir='ltr'><strong>tur</strong></span> <span class='ocrx_word' id='word_1_404' title='bbox 1786 3732 2046 3782; x_wconf 79' lang='lat' dir='ltr'><strong>duntaxat</strong></span> <span class='ocrx_word' id='word_1_405' title='bbox 2084 3730 2333 3780; x_wconf 78' lang='lat' dir='ltr'><strong>Horatius</strong></span> <span class='ocrx_word' id='word_1_406' title='bbox 2366 3730 2547 3793; x_wconf 83' lang='lat' dir='ltr'><strong>epulas</strong></span> <span class='ocrx_word' id='word_1_407' title='bbox 2580 3736 2636 3778; x_wconf 91' lang='lat' dir='ltr'><strong>et</strong></span> <span class='ocrx_word' id='word_1_408' title='bbox 2657 3729 2729 3776; x_wconf 77' lang='lat' dir='ltr'><strong>hi-</strong></span> 
     </span>
     <span class='ocr_line' id='line_1_71' title="bbox 1665 3807 2728 3873; baseline -0.002 -13"><span class='ocrx_word' id='word_1_409' title='bbox 1665 3811 1942 3866; x_wconf 86' lang='lat' dir='ltr'><strong>laritatem,</strong></span> <span class='ocrx_word' id='word_1_410' title='bbox 1992 3808 2375 3873; x_wconf 81' lang='lat' dir='ltr'><strong>curandamque</strong></span> <span class='ocrx_word' id='word_1_411' title='bbox 2425 3807 2728 3858; x_wconf 84' lang='lat' dir='ltr'><strong>cuticulam.</strong></span> 
     </span>
     <span class='ocr_line' id='line_1_72' title="bbox 1667 3884 2727 3951; baseline -0.008 -11"><span class='ocrx_word' id='word_1_412' title='bbox 1667 3887 1819 3940; x_wconf 84' lang='lat' dir='ltr'><strong>Quod</strong></span> <span class='ocrx_word' id='word_1_413' title='bbox 1857 3886 2060 3951; x_wconf 82' lang='lat' dir='ltr'><strong>quoties</strong></span> <span class='ocrx_word' id='word_1_414' title='bbox 2093 3884 2378 3944; x_wconf 84' lang='lat' dir='ltr'><strong>faciebant,</strong></span> <span class='ocrx_word' id='word_1_415' title='bbox 2411 3896 2599 3933; x_wconf 88' lang='lat' dir='ltr'><strong>curare</strong></span> <span class='ocrx_word' id='word_1_416' title='bbox 2643 3896 2727 3946; x_wconf 80' lang='lat' dir='ltr'><strong>ge-</strong></span> 
     </span>
     <span class='ocr_line' id='line_1_73' title="bbox 1666 3954 2727 4024; baseline -0.004 -13"><span class='ocrx_word' id='word_1_417' title='bbox 1666 3963 1806 4013; x_wconf 88' lang='lat' dir='ltr'><strong>nium</strong></span> <span class='ocrx_word' id='word_1_418' title='bbox 1861 3969 1920 4012; x_wconf 90' lang='lat' dir='ltr'><strong>et</strong></span> <span class='ocrx_word' id='word_1_419' title='bbox 1972 3963 2178 4024; x_wconf 87' lang='lat' dir='ltr'><strong>placare</strong></span> <span class='ocrx_word' id='word_1_420' title='bbox 2232 3975 2289 4009; x_wconf 86' lang='lat' dir='ltr'><strong>se</strong></span> <span class='ocrx_word' id='word_1_421' title='bbox 2344 3954 2727 4011; x_wconf 73' lang='lat' dir='ltr'><strong>existimabant.</strong></span> 
     </span>
     <span class='ocr_line' id='line_1_74' title="bbox 1664 4033 2726 4100; baseline -0.006 -10"><span class='ocrx_word' id='word_1_422' title='bbox 1664 4039 1818 4090; x_wconf 88' lang='lat' dir='ltr'><strong>Unde</strong></span> <span class='ocrx_word' id='word_1_423' title='bbox 1841 4044 2117 4088; x_wconf 86' lang='lat' dir='ltr'><strong>manarunt</strong></span> <span class='ocrx_word' id='word_1_424' title='bbox 2137 4037 2249 4087; x_wconf 63' lang='lat' dir='ltr'><strong>istae</strong></span> <span class='ocrx_word' id='word_1_425' title='bbox 2269 4034 2515 4100; x_wconf 86' lang='lat' dir='ltr'><strong>loquendi</strong></span> <span class='ocrx_word' id='word_1_426' title='bbox 2536 4033 2726 4087; x_wconf 82' lang='lat' dir='ltr'><strong>formu-</strong></span> 
     </span>
     <span class='ocr_line' id='line_1_75' title="bbox 1664 4109 2727 4179; baseline -0.005 -14"><span class='ocrx_word' id='word_1_427' title='bbox 1664 4117 1757 4176; x_wconf 78' lang='lat' dir='ltr'><strong>loe;</strong></span> <span class='ocrx_word' id='word_1_428' title='bbox 1791 4116 1945 4179; x_wconf 74' lang='lat' dir='ltr'><strong>genio</strong></span> <span class='ocrx_word' id='word_1_429' title='bbox 1975 4113 2267 4176; x_wconf 68' lang='lat' dir='ltr'><strong>indulgere,</strong></span> <span class='ocrx_word' id='word_1_430' title='bbox 2289 4112 2495 4176; x_wconf 76' lang='lat' dir='ltr'><strong>genium</strong></span> <span class='ocrx_word' id='word_1_431' title='bbox 2521 4109 2727 4165; x_wconf 75' lang='lat' dir='ltr'><strong>defrau-</strong></span> 
     </span>
     <span class='ocr_line' id='line_1_76' title="bbox 1666 4187 2682 4255; baseline -0.004 -13"><span class='ocrx_word' id='word_1_432' title='bbox 1666 4192 1811 4255; x_wconf 82' lang='lat' dir='ltr'><strong>dare,</strong></span> <span class='ocrx_word' id='word_1_433' title='bbox 1834 4200 1891 4242; x_wconf 88' lang='lat' dir='ltr'><strong>nt</strong></span> <span class='ocrx_word' id='word_1_434' title='bbox 1914 4191 2046 4242; x_wconf 86' lang='lat' dir='ltr'><strong>bene</strong></span> <span class='ocrx_word' id='word_1_435' title='bbox 2067 4188 2307 4240; x_wconf 82' lang='lat' dir='ltr'><strong>observat</strong></span> <span class='ocrx_word' id='word_1_436' title='bbox 2330 4187 2682 4239; x_wconf 80' lang='lat' dir='ltr'><strong>Casaubonus.</strong></span> 
     </span>
    </p>
   </div>
   <div class='ocr_carea' id='block_1_17' title="bbox 527 4264 1680 4334">
    <p class='ocr_par' dir='ltr' id='par_1_20' title="bbox 527 4264 1680 4334">
     <span class='ocr_line' id='line_1_77' title="bbox 527 4264 1680 4334; baseline 0.006 -20"><span class='ocrx_word' id='word_1_437' title='bbox 527 4264 669 4322; x_wconf 79' lang='lat' dir='ltr'><strong>cervi</strong></span> <span class='ocrx_word' id='word_1_438' title='bbox 707 4264 963 4330; x_wconf 84' lang='lat' dir='ltr'><strong>Tempora</strong></span> <span class='ocrx_word' id='word_1_439' title='bbox 1017 4277 1202 4315; x_wconf 83' lang='lat' dir='ltr'><strong>corvus</strong></span> <span class='ocrx_word' id='word_1_440' title='bbox 1254 4268 1379 4333; x_wconf 79' lang='lat' dir='ltr'><strong>agit,</strong></span> <span class='ocrx_word' id='word_1_441' title='bbox 1433 4283 1584 4334; x_wconf 83' lang='lat' dir='ltr'><strong>quem</strong></span> <span class='ocrx_word' id='word_1_442' title='bbox 1675 4298 1680 4301; x_wconf 90' lang='lat'><em>·</em></span> 
     </span>
    </p>
   </div>
   <div class='ocr_carea' id='block_1_18' title="bbox 3042 12 3045 917">
    <p class='ocr_par' dir='ltr' id='par_1_21' title="bbox 3042 12 3045 917">
     <span class='ocr_line' id='line_1_78' title="bbox 3042 12 3045 917; baseline 0 0"><span class='ocrx_word' id='word_1_443' title='bbox 3042 12 3045 917; x_wconf 95' lang='lat' dir='ltr'><strong> </strong></span> 
     </span>
    </p>
   </div>
   <div class='ocr_carea' id='block_1_19' title="bbox 3040 1646 3047 4456">
    <p class='ocr_par' dir='ltr' id='par_1_22' title="bbox 3040 1646 3047 4456">
     <span class='ocr_line' id='line_1_79' title="bbox 3040 1646 3047 4456; baseline 0 0"><span class='ocrx_word' id='word_1_444' title='bbox 3040 1646 3047 4456; x_wconf 95' lang='lat' dir='ltr'><strong> </strong></span> 
     </span>
    </p>
   </div>
  </div>
 </body>
</html>
