3059 4909
1286 389 1354 448 Q.
1403 384 1726 435 nolimu
1777 384 2042 435 tensum
2081 406 2086 413 -

909 531 1016 599 Tu
1049 531 1553 613 flectlsmmnes,
1583 539 1653 599 tu
1687 546 1864 600 mare
1892 533 2288 598 barbarum:

906 635 1016 701 Tu
1045 636 1376 721 separatis
1405 637 1650 704 uvidus
1681 637 1749 704 in
1769 637 1954 721 jugis

1000 738 1208 805 Nodo
1235 738 1510 807 coerces
1541 740 1848 825 viperino

1085 843 1506 910 Bistonidum
1540 841 1686 911 sine
1714 834 1946 908 fraude
1975 841 2232 907 crines:
2672 844 2762 911 20

559 1006 771 1054 morton.
838 1000 910 1050 Tu
931 999 1095 1048 donas
1155 996 1284 1048 wios
1318 1000 1367 1047 et
1384 1010 1514 1046 mare
1534 995 1856 1058 longinquum.
1913 994 1983 1045 Ίῖι
1998 994 2196 1049 secretis
2210 990 2261 1043 in
2284 995 2517 1045 montibus
2536 996 2761 1046 ‘florariu-

557 1083 666 1119 runs
698 1063 945 1118 nuum
1073 1063 1085 1075 ⁰
1147 1077 1173 1114 s
1201 1033 1322 1113 noa}
1350 1063 1619 1128 serpentino
1651 1062 1775 1112 citra
1801 1060 2068 1141 periculum
2096 1060 2389 1126 constringis
2417 1062 2529 1111 eino
2551 1064 2759 1113 madens.

1450 1222 1455 1228 ⁴
1475 1170 1845 1211 uo'oeeoeeoe‘e

557 1280 611 1330 in
647 1294 711 1330 es
748 1279 957 1342 regione
992 1291 1254 1343 nunquam
1291 1274 1546 1326 Horatius
1584 1273 1779 1341 posuit.
1843 1275 1985 1324 Vera
2011 1273 2150 1323 baud
2172 1272 2326 1323 dubie
2348 1271 2509 1322 lectio
2531 1279 2613 1324 est
2631 1275 2761 1333 leni,-

556 1351 772 1461 3¹:355
801 1341 1619 1459 ssssuqfflssissffidssvhffli'i‘ffi
1637 1342 1820 1470 13:233*
1843 1339 2225 1467 ggibi⁸⁰sssssz
2246 1338 2762 1455 ‘¹1³⁰2T332‘i'3‘zss‘ss‘

556 1475 743 1533 Heius.
766 1475 894 1531 Fab.
978 1488 1007 1525 e
1083 1507 1099 1529 .
1119 1473 1297 1524 Diatr.
1321 1485 1383 1522 ιι.
1408 1488 1460 1537 p.
1477 1477 1559 1521 ⁶5.
1596 1473 1788 1523 Dacer.
1815 1471 1993 1520 Bentl.
2010 1471 2144 1525 Qun.
2167 1471 2289 1520 San.
2311 1478 2366 1519 et
2384 1469 2520 1518 Sivr.
2555 1496 2561 1507 ·
2586 1472 2761 1521 Etiam

554 1555 676 1603 mox
700 1555 771 1591 vs.
795 1542 878 1590 80.
901 1539 988 1605 qui
1029 1574 1042 1589 .
1066 1538 1196 1588 Mss.
1219 1537 1403 1587 vitiose
1428 1535 1749 1586 exhibebant
1772 1533 1975 1586 leviter!
2007 1535 2149 1586 Jani.
2215 1534 2309 1584 levi
2335 1534 2487 1584 Harl.
2514 1541 2558 1585 l.
2576 1538 2631 1585 2.
2651 1541 2698 1587 8.
2715 1542 2762 1587 4.

554 1610 606 1654 δ.
626 1610 677 1656 6.
712 1606 904 1670 aliique
922 1604 1071 1653 multi
1089 1602 1244 1653 codd.
1293 1602 1390 1652 leni
1410 1602 1554 1664 Ja'ui,
1577 1601 1791 1651 Mitsch.
1807 1602 2028 1664 Bipont.
2048 1601 2270 1650 Wetzel.
2293 1599 2500 1650 Wakef.
2524 1610 2583 1650 et
2598 1601 2763 1653 Kidd.

550 1670 702 1721 Inter
726 1671 825 1720 leni
845 1677 900 1720 et
920 1669 1010 1720 levi
1034 1669 1119 1718 vix
1143 1667 1453 1718 discernitur
1474 1667 1526 1716 in
1550 1666 1702 1717 codd.
1725 1666 2105 1732 antiquis.--16
2135 1665 2337 1728 Licurgi
2376 1680 2483 1716 var.
2521 1666 2648 1717 lect.
2678 1683 2763 1745 ap.

551 1734 587 1786 J
592 1736 823 1789 anie-18
859 1736 932 1786 Ta
950 1734 1184 1798 separatis
1215 1733 1401 1784 vividus
1432 1733 1663 1783 Floreut.
1687 1736 1836 1783 1482.
1901 1732 1975 1781 Tu
1993 1747 2035 1781 s.
2060 1730 2251 1781 invidus
2274 1746 2401 1780 unns
2426 1732 2756 1795 Bersmanm,

553 1797 666 1850 Alt.
688 1805 732 1851 1.
749 1807 805 1851 et
821 1798 933 1851 Alt.
955 1804 1003 1851 2.
1021 1816 1053 1851 a
1074 1813 1144 1851 m.
1163 1815 1243 1865 pr·
1264 1798 1419 1849 Dess.
1440 1802 1624 1849 2.-20
1649 1797 1813 1847 Malu.
1832 1797 2066 1863 Cruquii,
2079 1796 2395 1857 duest-ond&
2414 1811 2545 1847 unus
2563 1798 2752 1849 Blaud.

1552 1915 1600 1965 N
1608 1912 1766 1965 01·AE

549 2009 719 2062 feram
743 2026 947 2078 quoque
963 2010 1282 2062 vindicatum
1301 2008 1498 2060 Bacchi
1523 2024 1615 2060 nu-
1696 2010 1887 2061 accolae
1912 2009 2081 2060 Edoni
2105 2025 2219 2060 cum
2243 2025 2334 2059 suo
2355 2010 2499 2075 Rege
2520 2011 2763 2075 Lycurgo

549 2102 685 2151 men,
708 2088 984 2152 prostratis
1018 2092 1269 2153 quotquot
1292 2085 1412 2137 huic
1436 2086 1618 2135 adver·
1695 2088 1916 2152 primum
1942 2078 2199 2147 reluctati,
2222 2094 2406 2150 postea
2431 2102 2553 2136 vero
2576 2086 2758 2141 domiti

546 2166 650 2215 sari
693 2163 1006 2229 refragat-ive
1054 2164 1162 2213 ansi
1211 2168 1334 2212 sunt
1363 2178 1378 2212 ι
1435 2163 1618 2228 quales

546 2238 839 2304 Pentheus,
862 2241 928 2290 de
946 2255 1046 2305 quo
1068 2255 1187 2289 mox
1207 2255 1224 2302 ;
1245 2246 1302 2289 et
1324 2239 1617 2303 Lycurgus,

548 2318 636 2384 qni
659 2322 838 2382 spreto
863 2318 951 2367 illo
975 2330 1153 2381 poenas
1178 2317 1292 2377 init,
1315 2330 1408 2366 seu
1433 2316 1616 2368 aJove

545 2394 784 2459 privatus
808 2393 972 2443 oculis
997 2393 1208 2459 vitaque
1243 2393 1376 2457 ipsa,
1410 2398 1468 2443 ut
1490 2393 1618 2442 scri·

541 2472 624 2523 bit
648 2472 928 2537 Homerus,
952 2486 1044 2522 seu
1065 2471 1131 2521 nb
1156 2472 1269 2536 ipso
1303 2468 1613 2521 interfectus

540 2548 775 2614 Baccho,
809 2557 867 2600 ut
889 2551 1071 2598 volunt
1092 2548 1198 2598 alil.
1262 2547 1318 2597 Is
1351 2547 1613 2597 'Uiracum

538 2624 659 2674 Rex
702 2625 866 2674 multa
906 2638 1001 2688 per
1045 2622 1402 2675 temulentiam
1451 2638 1612 2686 prave

536 2700 802 2752 'committi
823 2701 1024 2763 videns,
1044 2700 1242 2752 abscidi
1260 2701 1439 2751 vineta
1450 2700 1614 2765 jussit

543 2779 734 2840 omnia,
770 2779 1049 2844 vinumque
1085 2777 1318 2828 aboleri:
1349 2776 1468 2827 binc
1492 2790 1611 2842 por·

539 2846 599 2903 ro
625 2852 847 2905 fabulati
870 2862 1007 2913 sunt,
1045 2855 1220 2905 ultore
1242 2853 1473 2916 Baccho,
1497 2868 1611 2904 ver·

541 2945 653 2980 sum
678 2932 729 2981 in
757 2929 981 2981 furorem
1006 2944 1161 2981 crura
1178 2929 1277 2980 sibi
1310 2937 1611 2995 amputasse

532 3005 675 3058 ‘falce
701 3008 959 3058 vinitoria.
990 3007 1188 3072 Hygin.
1208 3013 1263 3056 et
1280 3007 1610 3060 Plutarchus.

539 3082 714 3134 Aliter
736 3085 907 3148 paulo,
928 3083 1066 3149 quod
1090 3083 1330 3134 nimii-um
1355 3085 1406 3134 in
1429 3099 1607 3136 carce*-

539 3173 651 3211 rem
687 3159 921 3210 Bacchas
949 3159 1243 3225 et‘Satyros
1277 3161 1605 3227 conjecisset,

534 3235 780 3300 Lycurgo
819 3236 1036 3286 exitium
1076 3236 1349 3304 accidisse,
1393 3248 1607 3291 narrant

536 3308 887 3374 ‘Apollodorus
911 3314 999 3364 lib.
1025 3328 1112 3367 ιιι.
1134 3321 1191 3364 et
1216 3315 1494 3378 Euripides
1515 3332 1605 3367 an-

540 3396 628 3438 tes
666 3390 879 3442 citatus.
948 3392 1106 3443 Ovid.
1151 3394 1307 3444 Trist.
1346 3409 1403 3445 V.
1437 3401 1604 3456 3.,39.

528 3467 553 3494 '⁸
572 3463 706 3516 Osss
726 3467 1034 3532 bipenniferi
1053 3470 1129 3520 sie
1145 3471 1250 3520 sint
1266 3473 1401 3521 male
1420 3486 1606 3537 pressa.

537 3541 783 3609 Lycurgi,
807 3542 976 3609 Impia
1003 3559 1101 3597 nec
1141 3559 1297 3610 poena
1340 3547 1604 3601 Pentheos

532 3618 723 3670 umbra
766 3620 952 3671 vacet?
1016 3622 1263 3688 Propert.
1297 3637 1382 3673 m.
1414 3628 1495 3676 17.
1518 3629 1602 3679 24.

530 3693 549 3720 ‘
569 3692 934 3763 vesanumque
973 3712 1110 3748 nova.
1140 3700 1503 3769 nequicquam
1547 3702 1602 3753 in

533 3768 640 3819 vite
659 3771 975 3838 Lycurgum,
998 3775 1263 3826 Pentheos
1281 3776 1333 3826 in
1362 3777 1600 3841 triplices

498 3884 511 3891 -
531 3844 716 3898 funera
735 3860 886 3913 grata
908 3850 1129 3916 greges.⁸

527 3938 533 3945 ·
599 3926 663 3972 1⁷
699 3924 946 3989 Tuflectis
966 3926 1149 3990 amnes]
1189 3928 1415 3994 Gangen
1438 3936 1492 3981 et
1509 3931 1599 3982 In-

533 3995 655 4047 dum
679 3996 861 4050 fluvios
898 4003 1197 4067 intelligunt
1230 4006 1473 4070 quidamx
1510 4010 1600 4059 alii

529 4072 824 4138 Hydaspen
865 4084 922 4128 et
967 4079 1245 4144 Orontem,
1289 4098 1420 4148 qnos
1458 4084 1596 4135 Bac-

530 4149 656 4197 ebns
672 4151 880 4202 transiit
902 4153 952 4202 in
978 4153 1181 4206 Indiam
1207 4171 1450 4222 pergens.
1483 4159 1595 4213 Alii

530 4226 853 4291 Strymonem
892 4232 1127 4285 Thracia
1170 4232 1403 4303 fluvium,
1443 4237 1594 4302 cujus

1695 2179 1728 2214 a
1751 2164 1978 2224 Baccho,
2001 2163 2112 2227 ejus
2138 2178 2192 2212 se
2214 2164 2415 2228 legibus
2441 2179 2503 2212 ac
2528 2162 2755 2228 discipli·

1693 2256 1770 2291 noe
1786 2240 2148 2292 subdiderunt.
2183 2241 2350 2291 Favet
2366 2241 2526 2293 Ovid.
2541 2242 2699 2293 Trist.
2711 2248 2758 2294 ν’.

1693 2322 1744 2370 3.
1779 2322 1862 2369 21.
1898 2325 1913 2347 ‘
1934 2318 2049 2368 Nee
2083 2317 2250 2383 patria
2273 2323 2354 2368 est
2373 2318 2609 2370 habitata
2632 2319 2756 2371 tibi:

1692 2395 1783 2445 sed
1808 2393 1871 2443 ad
1898 2407 2063 2460 usque
2094 2393 2325 2446 nivosum
2361 2393 2641 2458 Strymone
2676 2411 2759 2445 ve-

1690 2471 1833 2528 nisti,
1871 2470 2308 2537 Marticolamque
2349 2468 2543 2535 Geten,
2585 2472 2759 2523 Persi-

1693 2549 1883 2614 daque,
1937 2555 1993 2598 et
2041 2548 2148 2598 late
2193 2548 2507 2612 spatiantem
2544 2546 2756 2603 flumine

1692 2622 1949 2690 Gangem,
1985 2625 2056 2674 Et
2078 2626 2426 2693 quascumque
2446 2624 2579 2676 bibit
2604 2627 2756 2678 deco·

1690 2704 1770 2753 lor
1792 2702 1955 2754 Indus
1979 2702 2171 2768 aquas!
2271 2706 2276 2711 ’

1683 2784 1690 2789 ”
1760 2779 1834 2828 Tu
1867 2792 1996 2828 mare
2022 2778 2294 2843 barbarum]
2327 2778 2568 2829 Indicum
2594 2795 2756 2840 mare,

1692 2849 2018 2919 populosque
2058 2855 2215 2905 Indos
2252 2856 2348 2906 sub
2380 2857 2569 2921 jugum
2608 2865 2754 2908 tuum

1692 2931 1894 2984 misisti.
1929 2934 2009 2984 Ex
2034 2936 2256 2985 Diodor.
2288 2933 2449 2983 Sicul.
2471 2948 2525 2983 v.
2548 2938 2597 2986 1.
2637 2934 2755 2986 Tri·

1681 3011 1968 3074 'umphator
2011 3008 2253 3065 Bacchus
2311 3017 2395 3061 est
2437 3013 2752 3079 appellatus,

1686 3089 1925 3151 quoniam
1966 3088 2055 3140 ille
2102 3090 2297 3155 primus
2343 3088 2411 3138 de
2446 3088 2597 3139 Indis
2637 3106 2751 3141 cnm

1685 3163 1865 3225 spoliis
1911 3165 2097 3229 opimis
2142 3167 2193 3216 in
2238 3164 2461 3230 patriam
2511 3180 2752 3217 reversus

1677 3240 2038 3305 triumphavit.
2729 3258 2738 3267 “

1753 3321 1816 3367 18
1852 3319 1928 3368 'stt
1948 3320 2182 3384 separatis
2212 3318 2382 3369 uvidus
2401 3316 2748 3385 injuciam-,J

1685 3393 1793 3444 Per
1817 3402 1870 3445 te
1892 3395 1971 3458 fit,
2004 3405 2062 3447 ut
2103 3396 2424 3446 Bacchantes
2459 3395 2660 3459 viperis
2691 3410 2751 3446 ae

1684 3470 2010 3535 serpentibus
2022 3472 2301 3537 implicitos
2313 3470 2540 3521 habeant
2559 3465 2749 3535 crines,

1679 3547 1796 3598 'sine
1842 3550 1945 3599 ullo
1971 3542 2166 3600 'damno
2206 3564 2317 3599 suo.
2385 3548 2585 3599 Scribit
2624 3550 2748 3599 Plu-

1685 3626 1893 3675 tarchus
1914 3625 1967 3675 iu
2003 3626 2320 3689 Alexandro,
2356 3625 2602 3676 mulieres
2626 3627 2747 3677 istas

1684 3699 1853 3766 Orgia
1908 3702 2137 3754 Baccho·
2167 3703 2493 3752 celebrantes
2537 3702 2747 3768 impune

1679 3785 1948 3841 serpentes
1972 3786 2219 3830 tractasse
2241 3795 2257 3829 ι
2284 3778 2465 3829 volunt
2481 3779 2569 3829 alii
2588 3780 2744 3830 alludi

1675 3852 1746 3903 nd
1769 3852 2019 3917 fabulam,
2054 3871 2156 3921 qus
2187 3855 2424 3906 Bacchus
2455 3854 2632 3906 infans
2658 3871 2744 3906 an·

1681 3931 1866 3995 guibus
1903 3946 1936 3981 a
1974 3932 2159 3983 Parcis
2196 3933 2402 3983 cinctus
2438 3930 2629 3992 fertur,
2657 3928 2741 3998 qu'i

1675 4008 1804 4058 nibil
1847 4007 2120 4061 intulerint
2151 4009 2293 4073 mali,
2328 4008 2421 4060 sed
2454 4024 2550 4059 ors
2595 4009 2739 4074 pueri

1675 4085 1983 4136 lamberent.

1667 4171 1680 4179 ·
1740 4165 1805 4212 20
1838 4161 2169 4226 Bistonidum]
2208 4161 2256 4212 A
2295 4162 2514 4212 Bistone
2552 4168 2735 4225 stagno

1675 4239 1759 4289 vel
1808 4238 1925 4290 lacu
1965 4238 2097 4291 dicti
2128 4238 2356 4290 Bistonii
2401 4247 2456 4291 et
2495 4238 2732 4290 Bistones
