3059 4909
1257 418 1323 478 Q.
1369 416 1690 466 nonA‘ru
1741 414 2007 465 puscet

879 560 1118 627 Parcis
1148 560 1440 647 deripere
1466 562 1700 627 horreo

968 663 1360 730 Cessantem
1393 663 1624 730 Bibuli
1654 662 1947 728 consulis
1981 661 2388 746 amphoram.
2479 658 2489 677 ’“

884 766 1034 832 Nos
1062 768 1478 834 cantabimus
1507 767 1797 831 invicem

972 869 1380 954 Neptunum,
1411 876 1485 935 et
1513 868 1756 934 virides
1788 867 2149 934 Nereidum
2180 884 2455 932 comas:

880 972 988 1039 Tu
1011 991 1216 1038 curva
1243 973 1499 1037 recines
1523 973 1674 1055 lyra

971 1074 1324 1153 Latonam,
1357 1079 1426 1140 et
1454 1074 1689 1140 celeris
1719 1072 1980 1156 spicula
2011 1062 2358 1156 Cynthiae:

2529 864 2735 928 .-10

536 1290 774 1341 cunctaris
806 1288 1052 1340 detrahere
1082 1304 1146 1339 ex
1180 1290 1402 1353 apotheca
1431 1288 1651 1340 inutilem
1671 1290 1839 1339 cadum
1862 1289 2040 1338 Bibulo
2067 1289 2269 1338 Consule
2289 1279 2531 1338 conditum
2548 1303 2569 1346 ,·
2602 1288 2736 1350 quasi

537 1356 766 1406 consistat
790 1360 974 1419 tempus
990 1355 1171 1415 fugate.
1241 1354 1370 1416 Age,
1388 1353 1589 1403 alternis
1607 1367 1826 1403 canemus
1852 1354 2145 1416 Neptunum,
2166 1359 2213 1403 et
2232 1355 2450 1403 caeruleos
2472 1354 2735 1403 Nereidum

537 1421 748 1485 capillos.
819 1420 892 1468 Tu
910 1420 1098 1468 cithara
1119 1420 1312 1468 incurva
1349 1419 1521 1484 sepius
1549 1418 1765 1467 cantabis
1786 1419 2034 1476 Μυκαηι,
2062 1424 2202 1482 atque
2224 1421 2321 1469 tela
2349 1420 2526 1468 Dianae
2548 1417 2731 1468 velocis.

1443 1578 1814 1599 ”tenetene

537 1700 675 1750 blac.
696 1701 742 1747 1.
775 1704 823 1747 et
845 1697 1007 1748 veluti.
1044 1697 1154 1747 Alt.
1176 1700 1225 1747 1.
1244 1702 1290 1747 et
1312 1697 1518 1748 volucris
1537 1702 1632 1747 stet
1651 1698 1800 1748 veluti
1816 1697 1936 1747 dies.
1966 1696 2147 1749 Lamb.
2168 1697 2307 1761 conj.
2326 1700 2377 1746 at
2397 1695 2569 1748 veluti.
2605 1695 2737 1746 Post

534 1765 705 1825 sentis,
725 1769 782 1812 et
805 1777 922 1812 mox
947 1771 1066 1826 post
1086 1763 1372 1826 amphoram,
1396 1762 1747 1826 interrogandi
1771 1764 1972 1827 signum
1998 1769 2195 1825 ponunt
2218 1763 2437 1824 Cuning.
2455 1759 2649 1810 Ssuad.
2680 1769 2736 1810 et

535 1831 868 1879 ‘l'owers--7
902 1826 1068 1877 Pauci
1106 1826 1315 1902 quidam
1351 1827 1505 1878 codd.
1550 1828 1783 1891 diripere,
1819 1834 1879 1892 ut
1910 1827 2070 1879 Mart.
2102 1827 2336 1891 Cruquii,
2372 1826 2647 1877 Gemblac.
2684 1830 2733 1875 2.

541 1903 597 1943 et
623 1892 826 1944 Diesth.
852 1891 1148 1952 Pulmanm,
1166 1892 1307 1956 Lips·
1327 1896 1378 1942 2.
1398 1896 1450 1942 Δ.
1466 1893 1593 1942 item
1617 1893 1743 1942 Vet.
1762 1891 1943 1943 Comb.
1960 1893 2152 1941 venet.
2177 1895 2323 1942 1492.
2375 1892 2569 1941 venet.
2593 1894 2735 1940 1559.

535 1973 622 2023 sp.
647 1958 807 2008 Zeuu.
831 1957 1078 2008 Glarean.
1129 1958 1347 2007 Locber.
1379 1957 1499 2007 Asc.
1519 1955 1718 2008 Mutat.
1757 1957 1918 2008 Laud.
1940 1966 1997 2009 et
2019 1959 2180 2020 Rutg.
2242 1959 2257 1985 ‘
2282 1955 2385 2007 Sed
2407 1956 2632 2005 alienum
2658 1964 2736 2005 est

537 2023 591 2073 h.
616 2024 649 2073 l.
673 2021 800 2072 illud
827 2023 1037 2072 verbum
1054 2037 1079 2072 ι
1096 2023 1287 2071 rectius
1308 2022 1482 2088 itaque
1502 2023 1665 2072 ceteri
1687 2022 1917 2085 deripere·
1973 2022 2095 2071 vid.
2122 2021 2305 2071 Heius.
2328 2021 2394 2070 ad
2419 2020 2575 2071 Ovid.
2601 2021 2735 2072 Met.

537 2102 622 2139 ln.
637 2091 719 2139 52.
749 2086 949 2150 Saepius
965 2093 1259 2151 permutata
1278 2101 1308 2136 a
1327 2087 1547 2136 librariis
1568 2090 1583 2114 ⁴
1602 2086 1669 2136 de
1682 2084 1697 2109 ⁹
1721 2094 1775 2137 et
1792 2090 1809 2116 ⁶
1822 2086 1878 2136 di
1891 2086 1905 2107 ’
1923 2086 1976 2136 in
1993 2086 2165 2137 verbis
2182 2084 2516 2150 compositis.²
2532 2087 2737 2137 Juvat.—

543 2157 576 2207 8,
606 2153 742 2203 Sivr.
766 2152 945 2201 scribit
970 2151 1136 2214 bibuli,
1160 2151 1441 2201 minusculo
1463 2151 1509 2214 b,
1533 2159 1590 2202 et
1611 2152 1715 2201 dici
1738 2150 2006 2200 contendit
2028 2152 2308 2201 Messalam
2334 2150 2632 2207 Corvinum.
2655 2152 2737 2200 cui

542 2224 750 2267 servata
771 2215 930 2266 fuerit
953 2217 1199 2280 amphora
1218 2233 1235 2277 ς
1267 2216 1547 2280 laudatque
1569 2231 1657 2266 ιιι.
1679 2214 1782 2265 Od.
1802 2220 1884 2265 21.
1904 2221 2052 2266 9.-9
2085 2219 2100 2244 ‘
2121 2217 2191 2266 N.
2214 2232 2257 2265 c.
2281 2218 2333 2266 in
2353 2216 2479 2266 uices
2504 2216 2736 2265 nonnulli

541 2283 722 2332 Lamb.
746 2282 817 2332 H.
838 2281 1086 2345 Stephani
1111 2281 1261 2332 codd.
1295 2282 1491 2345 (Epist.
1531 2281 1597 2330 ad
1645 2280 1818 2345 beet.)
1856 2281 2018 2331 Mart.
2057 2282 2214 2346 Cruq.
2252 2282 2473 2330 Mentel.
2510 2281 2657 2345 Lips.
2686 2285 2736 2330 2.

537 2347 714 2396 invice·
733 2346 964 2410 Maldeg.
988 2347 1149 2411 Cruq.
1219 2345 1308 2396 Nil
1344 2360 1435 2395 nos
1473 2346 1636 2409 cogit,
1670 2345 1889 2410 rejicere
1916 2347 2178 2406 vulgatum
2202 2347 2423 2408 invicem,
2444 2353 2735 2394 ceterorum

540 2410 695 2460 codd.
720 2411 1034 2461 auctoritate
1065 2409 1358 2460 firmatum-⁹
1387 2411 1522 2460 Jani.
1577 2411 1755 2459 invio-es
1787 2411 1943 2459 etiam
1981 2410 2128 2461 Harl.
2151 2416 2200 2460 1.
2238 2417 2294 2460 et
2330 2411 2455 2460 Vet.
2488 2411 2737 2460 Comb.-

541 2480 605 2526 10
641 2476 902 2527 Nereidum
922 2476 1086 2526 choros
1106 2476 1246 2540 Lips.
1267 2479 1316 2526 4.
1351 2474 1701 2527 memorabilis
1737 2477 1914 2539 lectio,
1948 2472 2426 2541 inquit-Janb-lz‘
2454 2477 2588 2525 Post
2614 2476 2742 2539 Cyn-

1527 2666 1743 2723 No'r‘AE

603 2809 634 2853 7
671 2803 882 2867 Horrea]
917 2804 1104 2855 Graece
1126 2784 1301 2869 ὦρεῖὸν.
1345 2802 1430 2852 Ita
1444 2816 1597 2852 voca-

539 2888 624 2930 tur
648 2882 793 2931 locus
815 2880 971 2930 rebus
1006 2879 1287 2930 condendis
1313 2888 1368 2928 et
1389 2892 1598 2928 servan-
1645 2920 1648 2925 .

537 2952 618 3007 dis
637 2957 872 3007 idoneus.
925 2957 990 3007 In
1008 2957 1355 3021 superioribus
1378 2957 1599 3022 apothe-

501 3088 522 3099 -
538 3033 616 3082 cis
639 3032 791 3084 condi
814 3035 982 3083 solere
1005 3048 1127 3083 vasa
1148 3034 1345 3083 vinaria
1355 3035 1464 3098 jam
1487 3034 1598 3084 dixi

542 3107 647 3158 od.
670 3100 795 3159 vui.
817 3116 872 3158 et
890 3120 1011 3158 xx1.
1031 3108 1183 3171 hujus
1208 3109 1342 3158 libri.

603 3190 634 3234 8
671 3186 943 3235 cessantem
963 3184 1255 3251 amphoram]
1290 3187 1429 3237 Satis
1454 3199 1598 3238 vete·

539 3277 664 3311 rem.

604 3338 775 3388 Bibuli
808 3338 1035 3403 consulis]
1071 3339 1176 3390 Sub
1212 3342 1482 3391 consulatu
1506 3340 1597 3389 Bi-

534 3416 642 3466 buli
667 3431 788 3467 ann.
813 3416 879 3467 U.
902 3416 964 3466 C.
983 3420 1099 3467 694.
1119 3417 1172 3466 in
1208 3416 1395 3466 horreo
1424 3415 1603 3466 condi·

537 3502 677 3545 tam:
718 3490 820 3559 q'uo
851 3493 1060 3560 quidem
1090 3500 1325 3560 tempore
1348 3492 1601 3543 Horatius

537 3573 784 3635 puerulus
828 3579 963 3621 erat.
1028 3571 1219 3620 Vinum
1271 3570 1428 3633 igitur
1472 3569 1598 3620 illud

537 3648 763 3699 debebat
786 3663 898 3698 esse
930 3655 1202 3698 maturum.
1266 3647 1383 3699 Jam
1421 3642 1602 3696 notavi

538 3738 637 3773 nec
672 3722 829 3772 semel
867 3730 1072 3772 veteres
1111 3722 1435 3772 consuevisse
1471 3730 1600 3771 aeta-

537 3807 643 3850 tem
679 3799 786 3849 viui
825 3799 1094 3864 designare
1133 3801 1336 3849 nomine
1359 3797 1599 3850 Consulis

526 3883 662 3926 ,tunc
715 3874 1107 3939 Rempublicam
1174 3874 1598 3925 administrantis.

537 3952 670 4001 Sunt
692 3952 779 4017 qui
807 3950 1076 4003 Horatium
1109 3951 1273 4000 velint
1299 3950 1383 4001 hic
1408 3950 1599 4014 jocari,

535 4040 599 4076 ac
636 4041 731 4091 per
768 4041 947 4077 vocem
981 4032 1236 4077 cessantem
1273 4027 1505 4077 alludere
1527 4027 1595 4076 ad

537 4101 780 4152 Bibulum
822 4117 939 4153 cum
976 4102 1117 4154 Julio
1157 4103 1365 4154 Caesare
1386 4103 1596 4154 ''Consu-

540 4179 663 4241 lem,
713 4178 836 4227 nihil
887 4193 1012 4228 vero
1055 4180 1290 4231 Consulis
1333 4187 1597 4246 agentem,

538 4254 966 4321 quemadmodum
990 4262 1167 4307 narrat
1188 4256 1465 4308 Suetonius
1487 4258 1599 4311 Jnl.

538 4346 655 4396 cap.
688 4334 768 4381 20.
808 4332 929 4382 vide
966 4335 1159 4398 locum,
1182 4342 1238 4385 et
1273 4335 1326 4386 in
1351 4349 1465 4386 eam
1486 4351 1596 4388 rem

1680 2801 2015 2867 Epigramma
2037 2805 2106 2854 ibi
2132 2806 2366 2854 relatum.
2807 2863 2814 2869 ἢ

1748 2884 1808 2929 10
1843 2880 2141 2945 Neptunum]
2179 2880 2612 2946 Quandoquidem
2635 2882 2741 2946 ejus

1680 2955 1814 3006 festo
1832 2958 2171 3021 epulabimur,
2183 2959 2319 3007 bunc
2337 2958 2739 3026 san-ecelebrare

1681 3047 1886 3099 aequum
1926 3031 2108 3097 fuerit,
2154 3034 2322 3084 Deum
2369 3026 2741 3096 maiis',''mari-

1680 3126 1874 3177 nasque
1905 3111 2174 3175 Nymphas
2207 3110 2424 3174 pariter,
2465 3108 2741 3174 Nereides,

1683 3189 1845 3240 Nerei
1871 3188 2021 3239 filias.
2087 3187 2289 3239 Harum
2324 3187 2529 3235 nomina
2562 3201 2742 3236 recen-

1680 3272 1761 3315 set
1801 3265 1866 3315 ad
1905 3265 2117 3329 triginta
2159 3265 2259 3313 tria
2302 3262 2563 3313 Homerus
2585 3256 2739 3312 Iliad.

1676 3346 1733 3393 Σ.
1759 3356 1859 3392 non
1883 3342 2034 3405 longe
2058 3340 2123 3391 ab
2147 3340 2316 3391 initio.
2601 3348 2608 3353 ’

1749 3419 1937 3469 Virides
1962 3419 2221 3469 Nereidum
2250 3417 2428 3481 comas]
2464 3417 2552 3468 ob
2583 3418 2741 3468 maris

1675 3494 1920 3545 colorem.

1743 3575 1803 3620 11
1841 3571 1917 3621 Tu
1956 3568 2106 3621 curva
2130 3572 2309 3621 recines
2347 3573 2471 3636 lyra,
2503 3570 2612 3636 dfe-J
2643 3571 2740 3632 Tu,

1675 3644 1841 3711 Lyde,
1886 3648 2117 3698 cantabis
2158 3649 2302 3698 Deas
2343 3647 2517 3714 partui
2561 3647 2741 3712 praesi-

1676 3722 1877 3773 dentes.
2030 3713 2043 3726 ’

1744 3801 1903 3850 Curva
1924 3800 2054 3865 lyra]
2087 3800 2223 3850 Vide
2247 3814 2286 3850 1.
2313 3799 2415 3850 od.
2441 3804 2520 3851 1⁰.

1743 3880 1804 3925 12
1853 3877 2112 3943 Latonam]
2156 3876 2344 3928 Dianae
2384 3883 2440 3926 et
2485 3874 2741 3940 Apollinis

1678 3961 1910 4004 matrem.

1745 4022 1926 4081 Celeris
1955 4031 2134 4095 spicula
2158 4030 2402 4095 Cynthia]
2437 4028 2740 4081 celebrabis

1677 4106 1901 4161 Dianam
1942 4107 2288 4168 venatricem;
2342 4106 2556 4169 spiculis
2601 4103 2740 4159 feras

1677 4182 2040 4260 contigentem,
2053 4187 2107 4233 et
2122 4183 2280 4233 celeri
2291 4196 2444 4233 cursu
2462 4196 2737 4248 assequen-

1678 4267 1782 4310 tem
1799 4276 1813 4310 ς
1835 4275 1949 4325 quae
1972 4276 2003 4310 a
2020 4260 2241 4324 Cyntho,
2257 4259 2380 4310 Deli
2398 4258 2581 4309 iusulae
2598 4274 2738 4311 mon·

1678 4344 1748 4396 te,
1771 4337 1998 4401 Cynthia
2018 4337 2158 4388 dicta
2179 4343 2277 4388 est.
2300 4350 2340 4387 1.
2365 4334 2472 4389 od.
2492 4339 2576 4387 21.
