3059 4909
514 394 646 460 246
1407 401 1809 455 excurrens

512 554 655 604 ideas
677 551 997 618 singulieres.
1063 549 1206 601 C’est
1230 549 1519 613 dommage,
1560 548 1729 612 quale
1754 547 1925 597 Poeta
1951 546 2026 597 ait
2050 560 2115 597 eu
2138 546 2315 598 besoio
2339 546 2405 597 de
2428 562 2487 597 ce
2509 563 2710 600 correc-

518 634 622 686 tif.5
683 635 826 685 Male
847 634 972 684 boc!
1011 632 1154 682 Vera
1184 630 1320 680 ratio
1344 636 1443 692 est,
1463 628 1602 693 quod
1626 627 1941 679 Necessitati
1966 641 2068 676 non
2091 627 2335 677 convenit
2359 628 2477 678 talis
2500 644 2714 693 appara·

517 726 597 767 tus
636 715 926 777 carnificis3
960 713 1068 779 qui,
1100 713 1144 762 si
1184 711 1406 762 Horatio
1448 709 1686 760 Nemesis
1724 715 1817 758 aut
1841 707 1945 760 Ate
1966 707 2153 758 fuisset
2175 709 2533 773 exprimenda,
2565 712 2618 760 in
2648 726 2711 760 ea

511 813 616 848 non
638 799 801 847 solum
824 794 1067 845 ferendus
1090 801 1249 855 esset,
1268 792 1360 842 sed
1380 792 1538 841 etiam
1554 788 1880 855 magnificam
1904 789 2072 839 ideam
2097 789 2378 853 praeberet.
2425 791 2574 841 Tunc
2597 791 2709 856 ipse

516 879 673 928 etiam
707 878 1028 928 Sanadonum
1062 875 1336 925 delicatum
1374 873 1628 922 hominem
1668 878 1724 920 et
1758 871 2080 921 venustulum
2122 883 2239 919 cum
2274 870 2484 920 Klotzio
2503 872 2706 933 (Lectt.

516 961 711 1010 Venus.
739 975 790 1023 p.
813 956 956 1021 233.)
990 942 1245 1018 vocarem,
1282 954 1369 1019 qui
1403 951 1755 1002 offenderetur
1793 953 1881 1001 illa
1919 952 2159 1015 imagine.
2227 951 2548 1004 Intueantur.
2574 953 2709 1001 enim

492 1041 732 1092 *studiosi
758 1040 895 1091 Aten
920 1038 1320 1098 Ramlerianam,
1341 1037 1512 1085 (tarm.
1541 1048 1678 1085 xxv.
1704 1039 1817 1103 5—8.

579 1123 695 1175 Jam
719 1121 783 1171 de
809 1120 1045 1170 universo
1067 1121 1182 1169 loco
1204 1126 1382 1168 nostro
1404 1117 1660 1182 quomodo
1690 1115 2027 1181 judicandum
2065 1116 2154 1178 sit,
2186 1129 2486 1164 moneamus
2512 1114 2714 1164 adoles-

514 1212 715 1254 centes.
769 1203 1020 1254 Nimirum
1046 1201 1133 1251 vix
1155 1200 1249 1251 hac
1276 1200 1579 1251 Necessitas
1602 1199 1826 1263 imagine
1850 1198 1951 1248 ulla
1977 1197 2042 1247 ab
2066 1196 2332 1247 attributis
2354 1196 2613 1260 copiosior
2634 1201 2714 1246 est

512 1286 564 1334 in
588 1285 823 1337 omnibus
846 1283 1068 1349 antiquis
1091 1282 1292 1340 Poe’tis,
1311 1280 1479 1346 inquit
1502 1281 1587 1330 ΙΙΙ.
1613 1281 1848 1343 Lessing.
1876 1280 2029 1330 Laoc.
2054 1291 2111 1329 x.
2135 1294 2186 1342 p.
2213 1282 2324 1328 118.
2394 1276 2494 1326 Sed
2519 1278 2712 1342 primns

513 1365 831 1428 Sanadonus,
862 1365 992 1414 recti
1016 1364 1093 1413 vir
1115 1363 1358 1426 acutique
1371 1361 1576 1426 judicii,
1611 1375 1763 1409 ausus
1785 1367 1865 1410 est
1889 1360 2081 1422 dicere,
2102 1361 2236 1410 hanc
2257 1359 2417 1424 ipsam
2438 1360 2710 1423 imaginem

514 1446 858 1511 pulchriorem
896 1444 1009 1496 fore
1045 1444 1097 1494 in
1134 1444 1320 1494 tabula·
1351 1444 1510 1508 picta,
1546 1457 1697 1508 quam
1734 1442 1784 1491 in
1811 1448 1917 1491 tam
1940 1440 2213 1506 magnifico
2242 1441 2505 1491 carmine:
2540 1433 2711 1492 ‘J’ose

516 1527 649 1590 dire,
673 1544 770 1593 que
795 1542 858 1577 ce
880 1527 1086 1578 tableau
1110 1528 1216 1590 pris
1241 1526 1370 1575 dans
1392 1527 1440 1574 le
1464 1523 1626 1575 detail
1648 1523 1807 1574 seroit
1826 1525 1942 1588 plus
1961 1522 2092 1573 beau
2113 1537 2201 1573 sur
2222 1523 2271 1572 la
2293 1524 2438 1585 toile,
2460 1538 2560 1588 qne
2585 1523 2712 1571 dans

514 1622 617 1658 une
641 1605 758 1658 Ode
782 1607 1066 1673 hero'ique.’
1154 1609 1302 1657 Bene
1335 1608 1452 1668 hoc,
1488 1616 1544 1656 ut
1571 1605 1855 1656 videbimus
1873 1605 2012 1668 ;·sed
2049 1619 2149 1655 non
2188 1604 2337 1655 addit
2358 1619 2533 1655 veram
2558 1604 2711 1654 ratio-

514 1703 654 1755 nem,
685 1689 802 1739 dum
830 1690 954 1738 illud
980 1689 1045 1738 de
1067 1695 1320 1753 apparatu
1344 1688 1603 1738 carnificis
1626 1688 1859 1752 subjicit,
1892 1687 2030 1752 quod
2072 1702 2227 1752 snpra
2264 1676 2559 1751 posuimus(
2612 1685 2709 1734 Ex-

516 1772 768 1822 cellenter
791 1771 958 1834 potius
982 1770 1068 1820 111.
1104 1769 1334 1833 Lessing.
1359 1770 1395 1820 l.
1421 1771 1452 1818 l.
1476 1769 1594 1818 ideo
1618 1768 1890 1833 elegantiae
1915 1783 2120 1820 sensum
2145 1768 2339 1819 offendi
2372 1770 2466 1818 hac
2490 1768 2711 1833 imagine

514 1854 609 1908 ait,
636 1853 874 1916 primum,
897 1852 1033 1916 quod
1061 1851 1209 1900 nimis
1233 1852 1497 1901 cumulata
1530 1852 1631 1900 siut
1670 1851 1942 1915 attributa,
1975 1851 2124 1900 unius
2156 1851 2493 1915 ejusdemque
2518 1850 2592 1899 rei
2615 1850 2710 1913 sig·

513 1932 784 1982 nificandae
806 1947 1005 1995 ,caiisa3
1044 1931 1251 1997 deinde,
1288 1931 1425 1998 quod
1464 1932 1634 1982 omnia
1674 1931 1927 1982 attributa
1950 1932 2077 1982 talia
2099 1934 2309 1997 proprie
2333 1931 2592 1982 destinata
2612 1931 2712 1979 sint

514 2016 694 2076 oculis,
726 2030 827 2065 non
867 2015 1095 2078 auribus,
1126 2023 1182 2065 et
1217 2015 1291 2064 sic
1325 2016 1542 2064 multum
1568 2014 1695 2064 lucis
1719 2021 1774 2063 et
1797 2013 2050 2064 claritatis
2086 2013 2431 2064 describendo
2454 2012 2708 2063 amittant.
2733 2040 2743 2046 ·

512 2098 650 2147 Nam
683 2112 798 2147 cum
832 2095 964 2146 ideae
1003 2097 1277 2146 abstractae
1318 2110 1540 2159 persona
1580 2096 1880 2151 induuntur,
1913 2095 2163 2146 artificem
2204 2095 2434 2161 quidem,
2470 2095 2559 2160 qni
2594 2093 2709 2144 solis

515 2179 677 2228 'oculis
702 2180 831 2228 tales
870 2178 1064 2242 figuras
1103 2178 1358 2241 subjicere
1399 2186 1591 2241 potest,
1625 2184 1836 2241 oportet
1858 2177 2113 2227 attributa
2135 2177 2418 2241 allegorica
2439 2177 2543 2226 illis
2569 2173 2709 2227 affin-

515 2275 658 2323 gere,
693 2275 721 2308 e
761 2261 946 2325 quibus
978 2266 1325 2323 agnoscantur
1349 2259 1424 2325 (v,
1444 2274 1492 2310 c.
1516 2260 1898 2322 Temperantiae
1920 2258 2156 2322 fraenum,
2181 2259 2498 2309 Constantiae
2522 2259 2709 2307 colum·

513 2340 687 2406 nam):
726 2341 817 2391 sed
845 2340 1032 2406 Poe'ta,
1069 2356 1171 2390 nou
1195 2341 1247 2390 in
1272 2340 1452 2390 eadem
1478 2339 1792 2389 necessitate
1817 2341 2150 2396 constitutus,
2173 2338 2352 2390 vitium
2378 2338 2429 2388 in
2453 2355 2509 2389 se
2532 2338 2709 2388 admit-

513 2422 600 2485 t-it,
620 2422 661 2471 si
688 2421 953 2471 attributis
978 2421 1168 2471 talibus
1192 2421 1575 2486 enumerandis,
1599 2435 1693 2470 nec
1718 2421 1890 2484 potius
1913 2421 2136 2484 actione,
2160 2421 2312 2471 talem
2336 2420 2552 2486 figuram
2577 2435 2708 2486 sym-

476 2489 485 2500 ·
514 2504 731 2554 bolicam
759 2504 1007 2554 declarat.
1074 2502 1192 2553 Vid.
1215 2501 1297 2553 Ill.
1322 2503 1558 2567 Lessing.
1582 2503 1615 2553 l.
1640 2502 1674 2551 l.
1700 2518 1751 2566 p.
1776 2507 1887 2551 116.

513 2584 520 2592 ’
579 2585 730 2638 Quod
756 2599 856 2651 quo
882 2586 1170 2636 accuratius
1195 2584 1260 2634 ad
1288 2583 1627 2634 Horatianam
1658 2583 1993 2638 Necessitatis
2024 2585 2295 2649 imaginem
2321 2583 2575 2649 applicari
2599 2598 2710 2648 pos·

514 2667 603 2729 sit,
638 2666 1011 2717 observandum
1034 2674 1137 2732 est,
1160 2667 1295 2732 quod
1319 2672 1375 2715 et
1397 2666 1449 2716 in
1474 2665 1627 2717 obss·
1654 2667 1764 2730 jam
1807 2666 2113 2723 monuimus„
2138 2681 2167 2716 e
2192 2666 2393 2730 pictura
2415 2665 2711 2730 symbolica,
2800 2709 2803 2713 Α

514 2763 629 2814 quae
655 2749 707 2797 in
733 2749 929 2811 templo
953 2749 1197 2797 Fortunae
1222 2747 1453 2798 Antiatis
1477 2756 1633 2808 esset,
1668 2764 1778 2797 eam
1802 2748 1936 2797 haud
1962 2748 2118 2797 dubie
2141 2763 2169 2797 a
2192 2748 2360 2798 Poeta
2376 2762 2490 2797 esse
2508 2762 2709 2813 expres·

513 2843 641 2879 sam.
707 2830 855 2882 Quod
881 2830 1003 2879 licet
1025 2828 1088 2878 ad
1114 2830 1466 2879 excusandum
1494 2831 1769 2880 Horatium
1796 2831 1966 2879 valere
2004 2830 2184 2895 possit,
2218 2845 2367 2895 quem
2403 2831 2709 2894 oportuerit,

512 2916 572 2958 ut
595 2908 916 2958 individuum
941 2909 1204 2973 Hymnum
1229 2907 1479 2973 efficeret,
1513 2912 1585 2960 ita
1610 2927 1715 2962 rem
1740 2912 2029 2967 instituere,
2066 2919 2120 2961 et
2147 2912 2305 2961 veluti
2332 2912 2549 2961 vinculis
2572 2912 2709 2976 inge-

513 2990 652 3038 nium
688 2989 1011 3055 astringere3
1047 2990 1173 3040 licet
1209 2993 1290 3040 vel
1327 2993 1575 3041 hacteuus
1616 2994 1815 3043 laudem
1850 3000 2133 3055 mereatur,
2168 2992 2301 3056 quod
2341 2999 2446 3042 tam
2486 2993 2709 3044 nobilem
2771 3002 2773 3004 ’

512 3070 741 3119 tabulam
765 3073 1149 3122 consecraverit
1172 3080 1382 3122 aeternae
1407 3076 1699 3135 memoriae3
1736 3081 1908 3125 tamen
1945 3075 1996 3123 in
2036 3089 2100 3123 eo
2138 3064 2591 3138 reprehendendus
2614 3082 2711 3138 est,

512 3152 648 3217 quod
672 3166 771 3201 non
797 3152 896 3201 alio
921 3152 1074 3202 modo
1097 3168 1210 3202 eam
1234 3155 1512 3217 expressit.
1585 3155 1832 3205 Pinxerat
1856 3154 2048 3206 artifex
2077 3155 2477 3219 Necessitatem,
2508 3164 2711 3219 gestan-

515 3243 619 3281 tem
645 3247 744 3281 una
767 3247 922 3281 manu
943 3234 1124 3282 clavum
1142 3242 1197 3284 et
1218 3250 1435 3300 cuneum,
1459 3237 1627 3286 altera
1645 3252 1815 3286 uncum
1855 3243 1910 3286 et
1932 3236 2163 3300 liquidum
2179 3237 2460 3300 plumbum&
2526 3237 2713 3288 Claris-

513 3314 643 3362 sima
666 3328 790 3363 sane
811 3321 941 3375 erat,
965 3314 1276 3364 vividissima
1298 3315 1479 3365 eadem
1507 3332 1569 3367 ac
1594 3317 1937 3382 pulcherrima
1959 3317 2243 3382 Allegoria,
2266 3317 2382 3368 cum
2405 3319 2572 3369 oculis
2595 3320 2711 3369 sub-

503 3393 797 3458 jiceretur3
833 3409 951 3444 nam
975 3407 1143 3461 neque
1165 3404 1371 3462 poterat
1394 3398 1549 3449 aliter
1572 3399 1784 3461 artifex,
1819 3407 1874 3448 et
1897 3399 2009 3449 cum
2036 3414 2136 3449 nno
2167 3400 2350 3449 obtutu
2372 3401 2543 3450 omnia
2568 3401 2712 3451 attri-

513 3474 638 3524 buta
676 3475 825 3525 simul
864 3484 1222 3541 cernerentur,
1253 3479 1427 3528 oculos
1470 3478 1797 3545 animumque
1821 3493 2021 3530 summa
2042 3480 2092 3531 vi
2122 3479 2397 3529 feriebant.
2461 3481 2568 3532 Sed
2593 3482 2713 3531 dum

510 3555 762 3606 Horatius
787 3572 890 3606 non
914 3559 1010 3607 nisi
1032 3549 1299 3609 enumerat
1321 3574 1382 3610 ea
1406 3561 1680 3617 attributa,
1703 3575 1957 3626 unumque
1982 3568 2099 3624 post
2124 3562 2343 3611 alterum
2369 3563 2517 3611 nobis
2543 3571 2712 3613 osten·

508 3635 603 3692 dit,
639 3636 893 3702 frigemus
928 3656 1070 3701 sane,
1106 3648 1158 3691 et
1198 3648 1320 3690 ante
1361 3641 1588 3692 tabulam
1625 3644 1747 3692 vitae
1786 3650 2056 3706 expertem
2081 3642 2226 3691 nobis
2249 3650 2406 3704 stare,
2441 3658 2502 3693 ac
2527 3658 2592 3693 ne
2616 3645 2711 3694 hoc

511 3718 738 3782 quidem,
773 3721 865 3770 sed
903 3719 1198 3785 fragmenta
1224 3722 1411 3771 tabulae
1436 3724 1628 3773 intueri
1652 3724 1799 3773 nobis
1823 3723 2079 3786 videmur,
2113 3724 2250 3773 nude
2275 3725 2550 3787 imaginem
2575 3740 2714 3774 com·

506 3813 704 3862 ponere
729 3801 875 3851 nobis
901 3801 1028 3866 ipsis
1052 3804 1287 3853 relictum
1315 3804 1400 3855 sit.
1459 3804 1618 3857 Quod·
1637 3820 1759 3855 sane
1780 3819 1930 3854 nemo
1954 3807 2082 3869 vult,
2102 3805 2223 3855 dum
2248 3806 2469 3855 Carmen
2492 3807 2711 3871 lyricum

509 3880 655 3944 legit.
721 3882 1017 3945 Oportebat
1046 3883 1423 3934 Necessitatem
1449 3886 1664 3950 ejusque
1690 3888 1810 3945 vim,
1842 3901 1872 3934 a
1915 3886 2078 3935 Poeta
2117 3900 2432 3951 expressam,
2458 3888 2635 3937 vivere
2658 3896 2712 3938 et

410 3963 419 3972 ‘
511 3975 686 4025 agere,
708 3963 1012 4027 participem
1037 3978 1152 4014 esse
1177 3967 1414 4031 actionis,
1439 3982 1556 4033 quae
1580 3967 1632 4017 in
1657 3968 1897 4018 Carmine
1922 3975 2102 4032 regnat
2123 3984 2139 4030 ;
2161 3967 2440 4031 oportebat
2460 3968 2710 4019 lectorem

577 4220 599 4267 †
633 4212 735 4263 Sed
762 4211 1016 4278 quomodo
1039 4216 1183 4290 pingi
1212 4220 1378 4281 potuit
1404 4221 1635 4284 liquidum
1655 4221 1923 4285 plumbum?
1972 4219 2190 4271 Scilicet
2212 4219 2293 4270 vel
2317 4220 2525 4269 vasculo
2549 4224 2707 4269 certae

511 4294 725 4358 alicujus
751 4293 927 4360 figurae
953 4298 1004 4347 id
1030 4298 1336 4363 significare,
1373 4302 1454 4351 vel
1478 4303 1687 4353 metallo
1711 4303 1996 4367 exprimere
2019 4302 2190 4366 potuit
2213 4301 2397 4367 pictor.
