3059 4909
1060 406 1478 474 cARMns‘uM
1529 427 1679 474 Lm.
1724 424 1839 473 111.
1881 406 1993 475 30.

2466 394 2597 476 535

1386 552 1605 619 No‘rffi:

398 668 585 712 cuntur
628 675 817 712 nocere
869 660 1063 712 fratres
1107 663 1180 712 illi
1228 663 1451 724 gemini:

399 739 550 788 ambo
570 751 689 786 vero
709 738 860 786 simul
884 739 1110 802 propitia
1125 747 1245 789 sunt
1269 747 1324 788 et
1345 741 1360 768 ‘
1381 741 1457 788 lu·

397 814 519 863 cida
537 813 750 864 sidera!
784 814 917 864 Vide
945 827 983 864 1.
1017 815 1118 864 od.
1141 821 1188 864 8.
1211 821 1259 865 2.
1276 822 1330 866 et
1354 815 1457 866 Od.

397 894 477 940 12.
501 896 587 942 25.
640 892 773 941 Sunt
797 890 882 954 qui
903 891 1193 955 Allegorias
1221 894 1302 943 hic
1325 908 1454 942 som·

396 970 562 1029 nient,
595 969 883 1032 putentque
917 969 1189 1020 Horatium
1223 971 1456 1020 alludere

396 1045 461 1095 ad
497 1044 549 1095 id
574 1046 708 1109 quod
733 1045 830 1096 sibi
855 1047 1184 1111 contigerat:
1219 1048 1453 1113 adeoque

1533 664 1631 728 'per
1653 666 1847 725 AEgoeos
1877 659 2106 714 tumultus
2136 661 2429 728 significare
2459 664 2597 715 bella

1538 739 1732 801 civilia,
1756 755 1783 788 e
1807 739 1989 805 quibus
2025 745 2264 789 evaserat
2297 738 2464 788 biremi
2494 755 2595 789 scu-

1534 816 1648 879 pha,
1669 816 1721 864 id
1745 824 1845 878 est,
1867 817 2059 865 virtute
2084 822 2139 865 et
2161 816 2456 865 innocentia
2476 818 2598 867 sub·-

1540 893 1707 955 nixus,
1732 893 1996 956 aspirante
2012 882 2130 942 aura
2152 900 2204 942 et
2226 891 2402 943 favore
2415 895 2598 956 gemini

1537 972 1741 1035 sideris,
1778 973 2088 1023 Maecenatis
2121 972 2360 1024 nimirum
2400 980 2457 1024 et
2489 973 2596 1023 Au-

1536 1051 1692 1113 gusti.

1260 1249 1455 1316 oDE
1501 1216 1784 1317 xxxj

398 1372 645 1426 Horatius
670 1379 844 1442 justus
868 1382 1040 1446 operis
1074 1384 1149 1433 sui
1185 1383 1468 1433 aestimator
1504 1386 1662 1435 audet
1698 1384 1968 1434 vaticinari
2008 1383 2313 1448 perenniora
2352 1380 2465 1431 fore
2499 1381 2597 1437 sibi

460 1457 686 1507 libertini
710 1460 813 1510 filio
836 1471 1163 1514 monumenta
1184 1465 1477 1517 Carminium
1501 1468 1585 1515 vel
1610 1468 1767 1516 aeneis
1793 1466 2220 1516 nobilissimorum
2245 1465 2467 1513 virorum
2492 1469 2597 1511 sta-

463 1539 565 1588 tuis
601 1548 653 1588 et
692 1541 1048 1607 AE'gyptiorum
1086 1560 1266 1608 regum
1312 1546 1692 1610 Pyramidibus.
1759 1546 2011 1612 (Videtur
2050 1544 2303 1595 Horatius
2338 1543 2436 1592 hac
2475 1541 2598 1592 Ode

460 1617 609 1668 finire
651 1624 855 1673 omnino
893 1625 1113 1674 voluisse
1156 1626 1318 1675 libros
1355 1615 1669 1676 Can-minum.
1735 1628 1873 1676 Hinc
1912 1630 2061 1681 vetius
2099 1626 2322 1688 scriptor
2360 1624 2481 1672 vitae
2522 1623 2600 1672 ait

460 1708 697 1751 coactum
735 1704 802 1753 ab
829 1704 1071 1769 Augusto
1104 1707 1267 1756 tribus
1302 1708 1599 1757 Carminum
1631 1708 1773 1757 libris
1797 1722 1862 1757 ex
1886 1708 2041 1771 longo
2063 1705 2337 1756 intervallo
2355 1708 2596 1767 quartum

456 1782 672 1832 addere.
758 1784 873 1834 Hoc
915 1786 1153 1837 Carmine
1196 1789 1496 1865 coronidem
1531 1789 1825 1854 impositam
1869 1788 2213 1838 Saecularibus
2254 1783 2597 1841 Carminibus,

986 1927 1016 1967 '
1031 1867 1204 1932 Gesn.)
1335 1922 1367 1979 l

463 1863 649 1914 credat
673 1866 756 1930 qui
782 1873 975 1959 pptest.

1596 1925 1637 1973 l

742 1965 858 2028 Ex
871 1983 991 2030 EGI
1025 1938 1696 2134 monumentuusslaere'
1714 1916 2094 2052 peresnniuls,

742 2036 1118 2153 fflgalffiue
1147 2035 1490 2227 sitfiprra
1561 2072 1745 2135 idum
1777 2032 2023 2150 {ltiu¹s;

462 2214 656 2287 Absolvi
676 2232 791 2282 opus
812 2235 909 2270 oere
931 2221 1164 2285 stabilius,
1185 2226 1325 2285 atque
1340 2221 1644 2284 pyramidum
1660 2220 2002 2270 constructione
2022 2216 2286 2278 sublimius,
2305 2216 2428 2280 quod
2448 2228 2595 2278 neque

1306 2330 1670 2369 'WMOOO

463 2426 581 2478 Ode
608 2430 854 2494 vigesima
876 2439 931 2482 et
955 2433 1132 2482 ultima
1152 2434 1293 2483 Libri
1318 2435 1483 2498 quinti
1505 2435 1559 2483 iu
1582 2434 1680 2483 Ed.
1700 2431 1895 2482 Sanad.
1951 2428 2116 2481 Codd.
2135 2426 2247 2477 fere
2270 2424 2591 2477 inscribunt:

401 2492 482 2542 Ad
505 2494 938 2558 Melpomenen.—l
976 2498 1085 2546 Hoc
1124 2500 1204 2561 egi
1235 2506 1580 2550 monumentum
1617 2513 1746 2548 unus
1779 2496 2201 2547 Bersmanni.--3
2237 2492 2378 2556 Lips.
2423 2494 2473 2541 4.
2508 2502 2594 2539 nec

1387 2613 1610 2664 NOTAE

463 2689 692 2738 Metrum
717 2689 855 2740 idem
880 2692 1018 2755 quod
1043 2707 1200 2756 supra
1219 2707 1257 2744 1.
1280 2695 1384 2744 od.
1407 2700 1452 2743 l.

463 2770 488 2813 1
532 2766 693 2828 Exegi
713 2775 1075 2830 monumentum,
1099 2770 1205 2832 Era]
1259 2771 1457 2821 Carmi-

395 2856 517 2892 num
542 2843 1013 2906 volumen'ingenii
1048 2847 1125 2893 sui
1160 2860 1455 2895 monumen-

400 2930 508 2968 tum
545 2933 770 2982 perenne
795 2920 986 2983 jactat,
1017 2935 1120 2984 quo
1161 2923 1455 2989 posteritati

397 3002 711 3058 aeternaeque
750 2997 1012 3046 memoriae
1052 2999 1457 3050 commendetur.

396 3074 532 3122 Vide
575 3087 635 3123 ιι.
676 3073 779 3125 Od.
815 3078 897 3124 20.
931 3077 1061 3126 banc
1085 3091 1200 3126 cum
1225 3077 1311 3127 illa
1333 3091 1454 3127 con·

315 3167 327 3175 ·
395 3146 513 3210 fer;
558 3158 613 3199 et
653 3145 873 3200 e‘undem
919 3153 1183 3217 utriusque
1226 3168 1455 3217 scopum,

395 3225 717 3288 eandemque
771 3228 1080 3277 sententiam
1127 3229 1267 3278 varia
1304 3229 1453 3281 dicti·

397 3316 494 3352 one
534 3310 733 3352 tantum
783 3303 1083 3354 distinctam
1130 3306 1452 3355 animadver-

397 3384 469 3427 te.
508 3378 726 3427 Sanctus
751 3379 1096 3442 Hieronymus
1122 3381 1455 3445 Epitaphium

396 3453 579 3503 Paulae
604 3453 680 3503 sic
715 3454 1008 3503 concludit:
1047 3455 1245 3519 ‘Exegi
1282 3474 1457 3507 monu-

395 3537 626 3580 mentum
661 3542 767 3578 aere
814 3532 1107 3591 perennius,
1143 3532 1280 3595 quod
1317 3534 1459 3584 nulla

398 3601 668 3655 destruer‘e
692 3606 855 3668 possit
877 3606 1142 3663 vetustas,'
1163 3611 1261 3658 διο.

451 3682 813 3731 Monumentum
833 3696 928 3729 oere
947 3683 1219 3747 perennius]
1253 3684 1339 3734 Ita
1362 3685 1457 3735 du·

399 3763 520 3807 rant
536 3764 866 3806 monumenta
883 3757 1147 3807 literarum
1170 3762 1285 3822 plus
1303 3776 1452 3825 quam

397 3849 550 3884 aereae
571 3839 758 3884 statuae
774 3835 839 3883 ad
859 3835 1152 3883 memoriam
1168 3838 1454 3890 collocatae.

397 3913 541 3962 Nam·
557 3913 793 3962 Mariana
815 3912 881 3961 de
906 3912 1128 3962 Cimbris
1149 3923 1347 3979 tropaea
1365 3933 1453 3981 po·

398 3989 503 4039 tuit
531 3987 736 4051 quidem
773 3987 981 4037 abolere
1015 3989 1190 4053 Sylla:
1226 3992 1454 4043 Maronis

400 4073 574 4115 autem
619 4070 672 4113 et
717 4063 849 4115 Livii
883 4065 1094 4128 scripta,
1130 4071 1454 4131 quantumvis

398 4141 549 4191 nixus
583 4140 671 4202 sit,
702 4140 855 4189 Caius
890 4140 1149 4206 Princeps
1191 4145 1455 4198 absumere

402 4231 463 4267 ac
488 4216 663 4267 delere
682 4230 783 4264 non
809 4217 986 4266 valuit.

466 4295 503 4340 2
533 4291 798 4355 Regnum
830 4294 929 4344 situ
964 4296 1272 4360 Pyramidum
1291 4300 1458 4365 altius]

1537 2694 1893 2757 AEgyptiorum
1920 2693 2119 2755 Regum
2136 2701 2264 2752 opus
2283 2693 2338 2736 et
2358 2685 2598 2748 sepulcra

1537 2769 1685 2819 fuere
1719 2769 2047 2833 pyramide83
2085 2779 2298 2830 quarum
2337 2762 2596 2812 nonnullae

1538 2847 1676 2896 inter
1691 2848 1825 2896 orbis
1844 2845 2092 2894 miracula
2111 2846 2415 2892 numeratae=0
2432 2838 2447 2866 ‘
2463 2838 2596 2888 Tres

1539 2924 1714 2973 orbem
1767 2930 2018 2971 terrarum
2077 2920 2361 2984 implevere
2416 2914 2557 2965 fama
2582 2932 2595 2962 z

1539 3000 1734 3062 Regum
1771 2998 2129 3062 AEgyptiorum
2161 2993 2398 3058 pecunias
2432 2993 2600 3042 otiosa

1536 3077 1795 3140 stultaque
1856 3070 2176 3131 ostentatio,'
2232 3069 2399 3135 inquit
2460 3069 2599 3118 Plin.
2629 3072 2638 3079 '

1538 3165 1742 3202 xxxvl.
1791 3156 1868 3201 12.
1913 3141 2078 3213 prope
2123 3147 2412 3210 Memphim
2449 3152 2600 3195 erant

1537 3228 1682 3288 sitae3
1721 3226 1856 3276 unde
1890 3223 2126 3274 Martial.
2162 3237 2200 3272 1.
2240 3227 2286 3272 1.
2331 3220 2598 3271 ‘Barbara

1539 3305 1863 3369 pyramidum
1879 3302 2031 3350 sileat
2042 3300 2290 3349 miracula
2303 3295 2600 3359 Memphis.'

1538 3379 1793 3428 Herodot.
1831 3378 1918 3426 lib.
1956 3390 2017 3425 n.
2055 3389 2142 3424 eas
2165 3372 2419 3423 describit
2445 3386 2596 3421 accu-

1538 3462 1668 3505 rate.
1737 3455 1900 3503 Unam
1924 3453 2000 3501 ait
2022 3450 2245 3515 quinque
2272 3446 2455 3496 stadiis
2487 3447 2599 3496 lon·

1537 3546 1677 3595 gam,
1720 3530 1903 3579 decem
1953 3525 2099 3576 annis
2143 3525 2500 3585 elaboratam;
2543 3524 2597 3573 in

1538 3610 1638 3657 alia
1656 3621 1778 3657 vero
1802 3620 1963 3655 annos
1985 3602 2165 3666 viginti
2182 3601 2475 3650 absumtos:
2498 3603 2598 3649 &c-

1536 3684 1795 3736 Ammian.
1830 3680 2071 3732 Marcell.
2108 3677 2180 3728 lib
2214 3691 2364 3728 xxn.
2398 3676 2599 3740 ‘Pyra-

1536 3765 1701 3815 mides
1724 3764 1790 3814 ad
1814 3762 2061 3812 miracula
2087 3765 2287 3822 septem
2310 3763 2597 3820 provectae,

1538 3855 1754 3906 quarum
1791 3839 2062 3888 diuturnas
2097 3832 2343 3897 surgendi
2381 3830 2597 3881 difficul-

1537 3923 1672 3967 tates
1697 3916 1920 3978 scriptor
1946 3912 2244 3962 Herodotus
2268 3908 2441 3964 docet,
2459 3908 2599 3958 ultra

1536 4009 1737 4044 omnem
1762 3993 1967 4041 omnino
1995 3986 2344 4046 altitudinem,
2369 4000 2482 4048 quae
2503 3985 2599 4033 liu-

1538 4070 1700 4120 manis
1759 4065 1941 4116 confici
1991 4068 2187 4128 potest,
2239 4067 2431 4110 erectae
2476 4065 2598 4109 sunt

1539 4156 1732 4207 turres,
1762 4143 1826 4192 ab
1861 4142 1962 4190 imo
1993 4139 2279 4199 latissimae,
2313 4137 2364 4185 in
2389 4136 2595 4185 summi-

1537 4229 1675 4271 tates
1699 4216 2017 4270 acutissimas
2035 4214 2364 4263 desinentes:
2398 4224 2514 4274 quae
2536 4210 2596 4259 fi·

1540 4312 1668 4363 gnra
1691 4295 1827 4360 apud
1854 4294 2159 4343 Geometras
2180 4289 2297 4338 ideo
2321 4287 2395 4337 sic
2417 4286 2595 4349 appoi-
