3059 4909
926 340 931 351 ’
1003 384 1414 436 memnon
1470 387 1611 435 me.
1655 387 1705 435 ι.
1747 370 1813 437 8.
2422 374 2510 440 99

418 960 525 1010 Sub
569 961 707 1011 fictis
745 960 923 1025 Lydiae
964 965 1120 1027 atque
1158 959 1370 1025 Sybaris
1413 961 1705 1011 nominibus
1749 960 2034 1025 exprobrat
2073 961 2252 1012 amicae
2293 974 2395 1011 suae

1182 1041 1357 1092 rivalis
1395 1054 1637 1092 amorem.

391 1090 674 1219 LYssiA,
707 1104 842 1220 dic,
871 1162 999 1227 pen
993 1112 1253 1208 uo'mnes

563 1238 672 1310 Τό
696 1229 885 1312 Deos
917 1232 1056 1325 ord,
1088 1210 1522 1365 ὃγὺειηυῃῑυι·
1553 1264 1867 1332 properas
1895 1200 2180 1311 amando

371 1403 418 1451 Ο
441 1400 614 1466 Lydio,
643 1417 729 1467 per
747 1406 917 1456 cuncta
940 1402 1155 1453 Numina
1172 1407 1219 1453 te
1237 1403 1439 1466 obsecro,
1463 1403 1585 1464 sare
1604 1405 1898 1468 quamobrem
1921 1405 2127 1467 festines
2147 1402 2381 1455 amoribus
2402 1402 2502 1452 tuis

1226 1533 1593 1553 ΜΙΜΙΝΝ

371 1629 490 1678 Ode
514 1630 736 1693 septima
762 1630 902 1679 Libri
924 1630 1074 1694 hujus
1099 1630 1247 1695 primi
1285 1630 1334 1679 in
1369 1631 1468 1681 Ed.
1493 1631 1666 1681 Sanad
1671 1636 1779 1682 .—1
1814 1633 1962 1683 Lidia
1984 1645 2161 1682 omnes
2201 1631 2355 1680 codd.
2377 1631 2503 1680 Tor-

308 1695 478 1743 rentii.
483 1697 579 1742 -2
612 1696 921 1746 ‘Pulmanni
961 1696 1155 1761 aliquot
1192 1696 1396 1746 codices
1421 1698 1826 1760 Bersmannique
1867 1712 1983 1747 cum
2019 1699 2148 1746 meis
2183 1697 2358 1747 Graev.
2381 1696 2501 1746 Gal.

307 1758 487 1823 Regiae
510 1760 630 1809 Soc.
653 1759 914 1824 Petrensi‚
947 1767 1002 1811 et
1022 1762 1222 1811 Marius
1238 1761 1538 1810 Victorinus
1564 1777 1613 1825 p.
1649 1767 1798 1814 253⁸.
1824 1766 1971 1812 2614.
1995 1766 2144 1812 2621.
2170 1762 2368 1812 habent
2395 1762 2506 1809 Hoc

305 1825 434 1874 Deos
453 1840 552 1875 oro.
616 1824 722 1876 Sed
748 1828 920 1890 plures
943 1834 1117 1876 tamen
1149 1825 1270 1875 libri
1302 1841 1422 1875 cum
1445 1827 1698 1878 Diomede
1735 1844 1786 1891 p.
1810 1832 1925 1878 509.
1948 1834 2004 1878 et
2039 1828 2413 1877 Fortunatiano
2455 1842 2508 1888 p.

304 1894 450 1939 2683.
472 1894 622 1943 27⁰8.
628 1842 941 1977 prefernnt
968 1892 1033 1942 Te
1049 1893 1181 1941 Deos
1200 1906 1299 1941 oro.
1368 1892 1662 1968 Utrumque
1697 1893 1913 1954 probum
1936 1899 2039 1955 cst,
2061 1893 2153 1942 sed
2175 1894 2274 1942 boc
2297 1892 2506 1941 videtur

305 1957 624 2006 concinnius.
628 1954 845 2007 'BentL
912 1957 1024 2006 Hoc
1046 1957 1172 2005 Deos
1191 1956 1348 2006 etiam
1374 1956 1514 2017 Lips.
1539 1960 1586 2005 1.
1610 1957 1760 2007 Dess.
1784 1961 1829 2006 1.
1856 1958 2007 2007 Gott.
2026 1963 2082 2006 et
2105 1957 2254 2006 Harl.
2279 1961 2326 2004 1.
2383 1956 2504 2003 Hoec

302 2020 433 2070 Deos
455 2021 610 2071 Dese.
635 2026 685 2070 2.
721 2028 926 2073 etunus
948 2021 1288 2082 Bersmanni;
1326 2022 1371 2069 0
1409 2022 1538 2071 Deos
1575 2022 1743 2070 codex
1781 2022 2153 2071 vetustissimus
2173 2021 2411 2070 Dorvillii
2440 2021 2503 2067 ad

305 2085 505 2135 Charit.
544 2102 598 2150 p.
618 2090 701 2137 22.
769 2087 878 2136 Hoc
917 2088 1046 2137 Deos
1078 2100 1187 2135 vere
1223 2086 1371 2134 Harl.
1396 2091 1444 2136 3.
1493 2101 1716 2150 properes
1737 2087 1888 2137 Harl.
1916 2090 1961 2136 1.
1984 2091 2033 2136 2.
2054 2090 2101 2135 3.
2121 2091 2169 2136 5.
2192 2091 2240 2135 6.
2292 2086 2507 2134 Venett.

302 2151 521 2199 Mediol.
542 2158 599 2200 et
615 2162 806 2201 cetcrae
833 2159 962 2202 vett.
982 2166 1096 2201 cum
1120 2152 1295 2200 Bentl.
1329 2153 1344 2177 ‘
1365 2151 1470 2201 Sed
1497 2160 1641 2201 recte
1665 2153 1840 2202 Bentl.
1861 2152 2092 2215 conjicit,
2124 2152 2266 2201 hanc
2290 2152 2508 2199 mutati}

305 2230 458 2265 onem
485 2231 518 2264 a
540 2216 763 2266 librariis
799 2225 967 2267 ortam
993 2216 1059 2266 ob
1083 2231 1194 2281 seq.
1216 2216 1390 2267 oderit.

1458 2216 1608 2266 Idem
1632 2218 1770 2271 valet
1794 2216 1859 2267 de
1883 2232 2029 2281 seqq.
2053 2217 2232 2280 equitet
2251 2224 2308 2266 et
2331 2218 2504 2277 tempe·

303 2286 396 2344 ret,
419 2283 556 2347 quod
597 2290 681 2332 cst
723 2283 775 2331 in
812 2281 933 2333 edd.
954 2281 1150 2332 ‘Lamb.
1184 2289 1241 2331 ct
1271 2282 1505 2335 Venett.’
1538 2282 1691 2334 Zeun.
1753 2297 1977 2347 properos
2016 2281 2228 2332 Withof·
2265 2283 2319 2330 in
2355 2281 2512 2344 Speca

1310 2412 1526 2463 NOTAE

373 2508 494 2558 Ode
538 2519 621 2559 est
664 2510 873 2562 Dicolos
920 2511 1259 2575 Distropbosz
1313 2517 1370 2560 at

309 2587 470 2639 Metti
500 2589 791 2650 singularis.
862 2591 944 2640 Dc
978 2606 1041 2641 eo
1077 2592 1153 2641 sic
1187 2590 1371 2641 scribit

312 2661 528 2714 Attilius
543 2666 774 2717 eruditus
791 2666 1196 2719 Grammaticus:
1217 2671 1232 2696 ‘
1254 2668 1370 2719 Hoc

313 2742 540 2792 Mettum
583 2744 831 2794 Horatius
889 2745 1175 2808 ignorando
1220 2747 1369 2812 quale

313 2826 468 2881 esset,
504 2819 763 2870 laboriosa
797 2821 1177 2886 observatione,
1213 2825 1368 2875 semel

314 2897 516 2945 omuino
555 2895 733 2946 facere
767 2904 984 2947 conatus
1007 2905 1117 2948 est:
1153 2900 1283 2950 etin
1307 2915 1370 2950 ee

316 2977 487 3021 tamen
508 2987 693 3037 parum
715 2973 964 3024 decenter
998 2976 1221 3038 erravit5
1254 2990 1369 3026 nam

315 3047 444 3098 fecit
488 3049 613 3098 illud
672 3051 901 3114 asperius
944 3067 1051 3101 uno
1105 3053 1372 3104 immutato

318 3126 466 3188 pede.
534 3127 685 3177 Quod
712 3128 757 3175 si
786 3128 1029 3179 scivisset
1060 3131 1373 3181 choriambi·

317 3215 428 3249 cum
452 3216 585 3263 esse,
608 3209 664 3251 et
685 3203 878 3254 habere
899 3205 1153 3255 clausulas
1181 3215 1375 3269 certas,

316 3291 416 3326 non
436 3279 491 3327 in
512 3280 652 3330 illam
669 3281 921 3332 salebram
943 3282 1204 3333 incidisset
1222 3301 1238 3346 ;
1259 3300 1373 3335 nam

320 3354 538 3415 primum
583 3370 784 3406 comma
841 3373 907 3406 ex
968 3358 1279 3421 choriambo
1318 3370 1374 3412 et

318 3430 547 3482 Baccbio
566 3440 807 3482 constat:

501 3509 668 3572 Lydia
694 3513 797 3569 dic,
825 3510 836 3577 Ι
867 3510 960 3574 per
979 3515 1153 3562 finincs

320 3584 611 3635 Secundum
647 3588 835 3650 colum,
865 3588 1003 3652 quod
1038 3596 1120 3638 est
1154 3590 1374 3655 longius,

319 3668 423 3710 tres
447 3663 605 3712 babet
622 3663 979 3725 Chol-iambos,
996 3675 1054 3715 ct
1072 3681 1226 3716 unum
1245 3668 1373 3718 Bac·

314 3740 506 3802 chium,
522 3740 727 3789 scilicet
744 3742 982 3790 clausulae
1004 3743 1188 3804 gratia.
1223 3744 1373 3794 Quod

320 3817 547 3865 Mettum
571 3815 779 3865 Alcaeus
808 3817 884 3866 sic
917 3817 1198 3882 ordinavit,
1223 3820 1301 3867 vir
1324 3819 1377 3868 in

316 3892 531 3948 Musicis
562 3892 1046 3942 exercitatissimus.
1114 3894 1189 3945 At
1213 3894 1378 3944 Hora-

321 3970 419 4019 tius
463 3970 687 4033 primum
745 3970 1108 4021 choriambum
1167 3973 1376 4020 durissi-

321 4060 456 4094 mum
500 4045 653 4109 fecit,
705 4061 799 4111 pro
840 4046 1023 4096 lambo
1068 4048 1378 4111 Spoudaeum

322 4120 643 4173 infarciendo
665 4124 776 4171 sic:

562 4200 635 4247 Te
663 4200 800 4248 Deos
822 4203 854 4248 ὃ
882 4196 891 4265 Ι
921 4214 978 4248 ro
997 4233 1147 4250 .....

322 4274 479 4325 Error
520 4280 694 4325 tamen
732 4275 865 4325 illius
905 4276 1059 4340 habet
1092 4277 1376 4326 excusatio·

1448 2526 1586 2574 nem,
1610 2512 1748 2578 quod
1774 2512 1824 2560 in
1848 2526 1912 2561 ea
1939 2511 2350 2574 perseveraverit
2373 2511 2508 2572 lege,

1449 2590 1600 2652 quam
1634 2588 1749 2652 ipse
1786 2587 1885 2635 sibi
1924 2587 2099 2651 aliquo
2134 2600 2257 2636 casu
2295 2585 2513 2645 fecerat,

1450 2680 1616 2729 usque
1653 2665 1718 2713 ad
1757 2664 1984 2714 ultimam
2025 2669 2226 2727 partem
2266 2676 2367 2712 non
2403 2678 2508 2711 mu-

1451 2741 1648 2792 tando!

1518 2823 1541 2868 1
1579 2819 1737 2883 Lydia
1773 2819 1868 2884 dic,
1912 2821 2020 2884 εμπ]
2057 2818 2277 2883 Lydiam
2315 2817 2510 2866 ironice

1452 2898 1733 2961 compellat
1756 2897 2026 2959 Horatius,
2059 2904 2114 2946 at
2146 2897 2390 2961 Sybarim
2420 2910 2508 2958 pe-

1454 2973 1539 3030 tit,
1562 2988 1727 3034 suum,
1766 2981 1824 3023 ut
1857 2972 2083 3035 videtur,
2123 2973 2357 3035 rivalem,
2379 2973 2513 3020 sicut

1454 3059 1509 3100 et
1528 3050 1811 3116 Telephum
1842 3049 1959 3101 Ode
1985 3054 2063 3099 13.
2130 3050 2402 3112 Expressit
2426 3063 2513 3097 au-
2575 3107 2596 3117 Ι

1455 3134 1562 3176 tem
1585 3127 1680 3177 liac
1698 3127 1817 3177 Ode
1834 3127 1986 3176 istam
2006 3140 2134 3175 sane
2147 3125 2376 3175 Terentii
2399 3139 2513 3175 sen-

1456 3205 1696 3266 tentiam,
1730 3203 1963 3258 Eunuch.
1996 3216 2063 3253 11.
2089 3207 2137 3255 l.
2161 3206 2239 3257 19.
2271 3202 2285 3229 ‘
2313 3200 2513 3253 Adeon'

1450 3281 1682 3330 homines
1701 3281 2020 3332 immutarier
2036 3296 2105 3330 cx
2120 3292 2315 3342 amore,
2337 3286 2395 3327 ut
2411 3293 2513 3327 non

1453 3359 1755 3421 Cognosces
1775 3359 1992 3408 cundem
2012 3372 2124 3407 esse
2142 3356 2177 3405 ?'
2228 3356 2332 3407 Hic
2356 3355 2515 3420 igitur

1452 3439 1666 3502 Sybaris
1688 3438 2003 3502 adolescens,
2033 3437 2232 3488 Comici
2256 3436 2513 3489 Phaedriae

1451 3514 1633 3576 instar,
1657 3522 1797 3565 totus
1819 3530 1886 3564 ex
1915 3529 2090 3565 amore
2112 3514 2401 3564 meretricis
2425 3515 2515 3560 im-

1453 3599 1684 3641 mutatus
1720 3592 1871 3654 perit.
1941 3592 2056 3641 Nec
2090 3591 2247 3651 cuim,
2280 3598 2340 3638 ut
2376 3594 2517 3647 ante,

1435 3667 1644 3716 'laboris
1666 3668 1944 3730 cujuslibet
1968 3665 2191 3731 patiens,
2213 3663 2517 3729 jaculando.

1455 3742 1756 3806 equitando,
1799 3742 2066 3803 luctando,
2111 3741 2339 3790 natando
2380 3740 2516 3787 inter

1455 3820 1682 3882 equales
1711 3818 1958 3880 excellit3
1992 3817 2084 3867 sed
2124 3817 2346 3881 abjectis
2379 3829 2515 3864 cam·

1458 3893 1720 3958 pestribus
1753 3894 1926 3954 armis,
1964 3903 2022 3943 et
2060 3892 2519 3944 exercitationibus

1458 3971 1571 4019 viro
1593 3970 1785 4034 dignis,
1806 3970 2117 4020 meretriciis
2142 3977 2326 4034 captus
2349 3970 2520 4018 illece-

1457 4049 1567 4098 bris
1590 4050 1721 4099 latet
1742 4048 1881 4113 apud
1921 4047 2149 4110 Lydiam,
2181 4038 2340 4113 atquc
2378 4048 2517 4097 iners

1459 4138 1521 4175 ac
1548 4126 1785 4189 perditus
1808 4123 2143 4188 elanguescit.

1521 4206 1556 4251 2
1589 4202 1822 4267 Sybarin]
1860 4203 1989 4265 Lydi
2029 4202 2152 4250 luxu
2182 4200 2407 4264 perditi:
2446 4199 2520 4247 sic
2563 4248 2568 4253 ,

1458 4283 1514 4328 et
1546 4278 1802 4342 Sybaritae
1840 4277 2037 4327 deliciis
2075 4274 2234 4326 fracti
2265 4276 2400 4325 male
2433 4290 2519 4323 au-
