3059 4909
955 392 1370 443 cARmNuM
1426 396 1575 443 ms.
1627 396 1741 444 ιιι.
1790 380 1896 444 12.

2411 381 2544 446 453

419 537 650 621 Eques
681 536 838 621 ipso
868 537 1107 603 melior
1138 538 1684 622 Bellerophonte,
1716 560 1935 623 neque
1962 561 2184 624 pugno

421 640 670 723 Neque
701 640 889 721 segni
919 638 1087 722 pede
1119 641 1375 706 victus:
1423 648 1624 706 catus
1655 642 1829 706 idem
1863 663 1985 725 per
2014 654 2317 728 apertum

420 740 784 824 Fugientes
809 742 1073 822 *agitato
1107 763 1299 827 grege
1332 765 1570 810 cervos
1590 745 1905 829 jaculari,
1937 754 2006 813 et

420 843 618 908 Celet
647 843 785 907 alto
816 843 1191 911 latitantem
1221 845 1536 914 fruticeto
1564 849 1879 933 excipere
1914 871 2171 935 aprum.

2454 856 2538 922 10

329 1063 428 1122 tus,
450 1061 613 1110 statim
633 1062 848 1137 'rumeros
867 1066 965 1140 oleo
995 1064 1211 1128 perfusos
1236 1065 1383 1113 abluit
1409 1066 1461 1114 in
1486 1065 1686 1128 numne
1713 1068 1907 1127 fiber-53
1934 1069 2123 1132 peritus
2142 1071 2287 1120 eiiam
2306 1072 2538 1137 configere

328 1139 489 1175 cervos
526 1131 773 1188 exaguato
810 1143 999 1189 agmine
1020 1130 1268 1208 sugieutes
1300 1130 1486 1194 patenti
1520 1147 1701 1196 cumpo,
1727 1138 1869 1197 utque
1902 1136 2038 1184 velox
2079 1138 2339 1200 opprimere
2371 1153 2538 1201 aprum

328 1191 467 1241 denso
487 1191 702 1254 virgulto
719 1192 952 1244 abditum.

1249 1306 1491 1327 “Nocet

1496 1307 1615 1327 ‘On

328 1437 591 1500 antiq.—'7
624 1438 1008 1504 Bellorophonte,
1042 1439 1430 1503 Bellerophonte,
1453 1442 1776 1502 Bellerofonte
1796 1442 2057 1492 variantes
2091 1458 2174 1505 ap.
2204 1443 2344 1495 Jani.
2379 1445 2538 1493 Belle·

327 1503 566 1566 rophenti,
601 1505 753 1553 metri
792 1506 978 1567 gratia,
1015 1506 1217 1556 entend.
1260 1507 1469 1560 Boofin.
1512 1522 1679 1571 pugna
1712 1507 1988 1558 Pulmauni
2027 1508 2344 1560 Μαίη-8.
2379 1514 2411 1558 9
2442 1511 2540 1559 Vir

330 1568 517 1618 doctus
541 1584 625 1631 ap.
651 1569 826 1619 Bentl.
850 1570 986 1634 conj.
1020 1572 1143 1620 celer
1162 1572 1307 1632 idem,
1331 1579 1385 1630 et
1419 1588 1538 1621 mox
1576 1574 1727 1621 Catus
1749 1574 1865 1635 alto,
1884 1574 1971 1637 qui
1996 1581 2225 1636 putaret,
2259 1575 2336 1623 sic
2371 1576 2537 1639 aptio·

327 1647 437 1683 rem
461 1648 574 1683 esse
599 1642 874 1699 utramque
909 1636 1217 1686 senteutiam
1238 1653 1251 1685 ι
1285 1642 1332 1687 et
1356 1636 1505 1687 abest
1529 1653 1559 1685 a
1584 1639 1722 1701 Lips.
1742 1641 1788 1686 1.
1810 1642 1858 1687 3.
1891 1638 2184 1688 Helius-tad.
2221 1647 2277 1688 et
2315 1640 2398 1688 ed.
2435 1641 2537 1690 Cu-

326 1697 602 1761 niug.—-10
638 1701 780 1750 Celer
799 1700 896 1749 alto
917 1707 1139 1765 quatuor
1158 1702 1310 1751 codd.
1335 1704 1581 1752 Torreut.
1605 1717 1784 1752 omnes
1803 1703 1958 1767 Cruq.
1983 1711 2179 1766 praeter
2200 1719 2378 1764 unum,
2409 1705 2535 1756 Pu}-

324 1764 497 1813 manni
522 1764 791 1815 Gemblae.
809 1769 857 1815 1.
882 1775 938 1816 et
956 1766 1149 1815 Beller.
1169 1781 1299 1816 uuus
1323 1768 1652 1829 Ber-manni,
1675 1768 1904 1816 Bentleii
1935 1769 2080 1817 Leid.
2105 1769 2290 1830 Regin.
2322 1770 2533 1832 aliique,

326 1830 501 1892 Lipss.
517 1830 654 1880 Altt.
678 1835 726 1880 1.
746 1835 795 1881 2.
820 1831 1044 1896 Franeq.
1065 1831 1290 1882 Helmst.
1316 1833 1507 1883 Venet.
1530 1838 1675 1883 1478.
1699 1833 1882 1882 Basili.
1903 1834 2148 1883 Torrent.
2169 1837 2330 1897 Cruq.
2350 1836 2534 1885 Heius.

325 1895 510 1959 Steplr.
528 1897 683 1958 Rutg.
706 1896 832 1946 Fab.
858 1897 1052 1946 Decet.
1072 1897 1231 1947 Baxt.
1255 1897 1376 1948 Jou.
1397 1898 1538 1958 Jani,
1562 1895 1772 1947 Mitsch.
1804 1899 2013 1960 Bipont.
2037 1899 2255 1948 Wetzel.
2276 1908 2328 1949 et
2351 1901 2534 1952 Comb.

321 1965 429 2011 arto
447 1959 517 2027 (s.
536 1960 895 2077 uretozjomnes
919 1962 1097 2014 Lamb.
1117 1962 1291 2012 Bentl.
1313 1963 1492 2014 Graev.
1519 1963 1641 2013 Gal.
1669 1963 1867 2013 Battel.
1894 1977 1987 2027 pro
2018 1978 2124 2014 var.
2149 1965 2268 2014 lect.
2293 1972 2347 2014 et
2370 1965 2532 2015 Bodl.

327 2030 376 2076 1.
397 2028 448 2077 2.
483 2028 653 2078 Pulm.

735 2042 858 2077 unu.
880 2036 935 2077 et
956 2027 1226 2078 Gemblac.
1256 2032 1306 2078 2.
1333 2028 1433 2078 duo
1462 2029 1706 2078 Torrent.
1739 2029 2006 2094 antiquiss.
2040 2028 2228 2080 Blsud.
2247 2029 2407 2093 Cruq.
2431 2030 2534 2081 duo

325 2090 529 2160 Bersm.
550 2093 771 2143 Mentel.
793 2093 953 2143 Brod.
978 2092 1102 2143 Zar.
1119 2091 1310 2143 Venet.
1335 2098 1481 2144 1492.
1509 2094 1733 2144 Locher.
1758 2092 1883 2144 Asc.
1913 2094 2096 2145 Lamb.
2133 2094 2336 2145 Fabric.
2360 2083 2536 2145 Benit.

328 2156 459 2222 Cun.
482 2157 685 2207 Wakef.
711 2165 767 2208 et
798 2158 963 2209 Kidd.
994 2160 1009 2187 ‘
1036 2159 1321 2223 Utriusque
1362 2159 1604 2209 lectionis
1643 2174 1827 2223 magna
1863 2159 2144 2210 auctoritas
2177 2166 2286 2220 est;
2321 2168 2536 2225 utraque

325 2236 424 2286 per
445 2238 499 2273 se
526 2224 658 2274 bene
681 2224 854 2288 habet,
881 2233 938 2275 ut
962 2238 1063 2274 nou
1083 2225 1304 2275 multum
1327 2224 1556 2288 intersit,
1580 2232 1750 2274 utram
1772 2223 1970 2289 eligas?
2002 2225 2139 2274 Janz‘.

2207 2224 2536 2276 Permutatio

326 2289 601 2339 verborum
637 2290 652 2318 ‘
671 2291 805 2340 altus
823 2289 837 2311 '
863 2297 916 2340 et
947 2291 964 2317 ⁴
984 2288 1159 2339 artus’
1196 2289 1443 2355 frequens
1467 2291 1523 2339 iu
1548 2289 1703 2339 codd.
1731 2292 1892 2353 antiq.
1931 2288 1998 2340 cf.
2035 2289 2429 2344 Drakenborch.
2464 2292 2531 2342 ad

322 2349 415 2404 Sil.
436 2353 560 2406 Ital.
583 2368 663 2406 v1.
691 2361 801 2407 194.
837 2355 1081 2422 Denique
1101 2356 1346 2420 scelerato,
1372 2370 1464 2421 pro
1492 2356 1628 2406 Celer
1647 2356 1766 2436 ulto,
1789 2355 2067 2406 Pulmanni
2087 2356 2289 2405 Diesth.

1317 2523 1365 2573 N
1373 2521 1534 2573 0¹1·AE

323 2641 455 2695 tum,
469 2634 790 2702 sequebatur
810 2636 1007 2687 natatio
1027 2637 1081 2685 in
1103 2635 1298 2698 Tiberi,
1315 2636 1386 2686 ad

324 2712 707 2777 detergendum
731 2713 973 2763 sudorem
997 2727 1059 2762 ac
1080 2713 1345 2777 pulverem
1371 2729 1387 2775 ς

326 2791 466 2857 quod
508 2792 759 2842 Horatius
799 2791 939 2841 belle
982 2792 1065 2841 hic
1110 2792 1387 2855 expressit.

323 2868 462 2917 Vide
484 2869 675 2933 Veget.
701 2868 767 2917 de
793 2870 869 2917 Re
894 2869 1054 2919 Mitit.
1076 2883 1116 2920 1.
1143 2873 1222 2918 10.

389 2949 423 2994 7
458 2946 616 3010 Eques
657 2945 759 3008 ipso
802 2947 968 2995 melior
1004 2946 1385 3011 Bellerophonte,

320 3019 429 3084 ξι]
459 3017 525 3069 In
542 3021 744 3083 Campo
765 3019 960 3071 Martio
990 3022 1176 3086 passim
1201 3022 1385 3074 victor.

389 3097 772 3163 Bellerophonte]
791 3098 958 3164 Hujus
969 3099 1239 3150 inventum
1254 3116 1387 3163 esse,

324 3187 459 3241 equo
480 3177 614 3239 vehi,
639 3174 860 3227 affirmat
886 3178 1024 3230 Plin.
1041 3192 1142 3229 vn.
1155 3183 1237 3229 56.
1250 3179 1386 3230 Vide

321 3265 363 3302 Ι.
384 3252 491 3303 od.
509 3256 591 3301 27.
613 3252 665 3300 in
690 3250 811 3311 fine,
829 3252 1004 3319 ibique
1033 3253 1079 3303 N
1086 3262 1158 3304 ot.

390 3331 559 3393 Neque
573 3344 731 3392 prag-no
753 3331 917 3394 Neque
933 3331 1068 3393 segni
1084 3331 1205 3393 pede
1217 3331 1388 3393 vietus,

320 3406 432 3470 ξω]
466 3405 761 3457 Exercebat
785 3421 842 3454 se
879 3407 1108 3455 Romana
1136 3407 1387 3471 juventus

324 3484 585 3548 pugilatu,
617 3497 769 3531 cursu
803 3482 1056 3545 pedestri,
1082 3484 1385 3548 equitando,

324 3560 574 3622 natando,
594 3562 695 3608 ἀπ.
719 3572 764 3607 ι.
783 3558 892 3608 od.
915 3562 966 3608 8.

390 3640 422 3685 8
458 3636 608 3684 Catus
662 3635 806 3697 idem,
855 3635 965 3699 ξω]
1017 3634 1230 3685 Hebrus
1283 3649 1388 3685 uon

327 3721 532 3766 tannim
578 3715 854 3775 campestri
877 3712 1117 3761 ·victoria
1153 3711 1392 3775 insignis,

1467 2636 1562 2687 sed
1582 2643 1640 2687 et
1662 2634 1888 2686 venandi
1911 2635 2139 2685 solertia.

1529 2716 1564 2762 9
1600 2711 1797 2775 Ags‘tsto
1837 2725 1987 2774 grege
2023 2709 2205 2773 cervos]
2244 2709 2532 2760 Turmatirn

1466 2790 1607 2839 cervi
1634 2803 1730 2852 per
1749 2789 1919 2852 sylvas
1943 2794 1998 2837 et
2021 2802 2234 2850 campos
2248 2787 2427 2851 vagari
2453 2801 2533 2835 so·

1464 2868 1595 2917 lent.
1628 2867 1817 2931 Virgil.
1848 2867 2045 2930 Georg.
2078 2880 2165 2915 ιιι.
2198 2868 2313 2915 369.
2357 2871 2373 2893 ‘
2400 2864 2536 2914 Con.

1469 2941 1713 3009 fertoque
1739 2943 1940 3007 agmine
1961 2941 2138 2992 cervi.'

1535 3024 1597 3069 1⁰
1630 3021 1746 3070 Alto
1785 3019 2058 3068 latitantem
2090 3016 2351 3080 fruticeto]
2405 3017 2533 3070 Qui-

1468 3096 1588 3147 dam
1604 3098 1792 3161 legunt
1813 3096 2043 3145 artosive
2058 3094 2272 3158 «retmid
2293 3093 2533 3155 est,den-

1468 3188 1542 3225 so.
1574 3174 1799 3224 Videtur
1836 3180 2011 3224 tamen
2051 3172 2303 3223 Horatius
2334 3172 2535 3223 Home-

1467 3266 1580 3301 rum
1615 3258 1847 3311 secutus,
1872 3250 2020 3300 iliad.
2053 3256 2108 3300 A.
2129 3251 2268 3300 circa
2288 3247 2534 3310 medium,

1464 3330 1523 3379 de
1542 3313 1672 3393 apro.
1736 3328 1794 3377 ‘0
1820 3327 1874 3376 δέ
1897 3327 1943 3376 τ’
1965 3325 2057 3376 εἶσι
2093 3326 2287 3385 βαθείης
2319 3325 2374 3373 ἐκ
2393 3321 2530 3386 §vmi-

1465 3421 1593 3469 χοιο,
1614 3406 1705 3455 rue
1724 3419 1835 3454 vero
1850 3405 2014 3467 prodit
2037 3420 2062 3453 e
2078 3403 2316 3467 profundo
2324 3403 2537 3463 frutice·

1467 3481 1535 3541 to,
1558 3497 1648 3532 seu
1670 3483 1768 3531 loeo
1787 3482 2034 3531 arboribus
2063 3483 2309 3530 condenso.

1533 3555 1794 3622 Excipere]
1829 3557 2108 3608 Incautum
2142 3564 2198 3606 et
2232 3569 2298 3605 ex
2335 3553 2534 3604 insidiis

1468 3649 1675 3699 capere.
1984 3647 1990 3653 ’
