3059 4909
968 395 1381 450 cananum
1432 400 1580 451 mn.
1628 401 1679 451 1.
1721 387 1830 456 35.

645 540 941 609 Fortuna
971 562 1123 609 cum
1161 544 1445 611 stridore
1475 552 1684 613 acuto

2373 392 2506 457 219

2416 550 2504 615 15

690 747 691 754 ἵ
727 646 1051 729 Sustulit3
1095 647 1204 712 hic
1236 648 1555 733 posuisse
1587 649 1861 733 gaudet.

300 809 396 845 sors
415 796 598 846 culmen
613 796 794 861 aufert,
814 812 918 847 cum
938 798 1140 862 strepitu
1161 804 1446 859 resonant&
1480 800 1564 851 hic
1579 816 1689 851 vero
1709 801 1976 866 deposuisse
1997 800 2274 851 delectatur.

1290 912 1339 963 N
1348 913 1514 964 01·AE

359 1010 420 1056 15
470 1006 593 1055 Cum
632 1007 837 1057 stridore
879 1009 1040 1074 acuto]
1094 1009 1356 1061 Volubilis

299 1083 542 1133 Fortunoe
565 1092 752 1145 rotam,
771 1085 991 1151 ejusque
1014 1088 1212 1149 rapidae
1234 1103 1356 1138 con·

294 1160 542 1209 versionis
563 1161 834 1211 stridorem
857 1170 1022 1213 notat.
1056 1164 1127 1214 Et
1142 1164 1357 1229 quidem

297 1250 396 1286 non
421 1236 534 1286 sine
568 1238 713 1302 gravi
749 1238 1041 1290 mortalium
1065 1242 1356 1292 concussio·

331 1410 680 1550 adcolae

1436 1027 1521 1070 ne,
1559 1011 1967 1077 perturbatione,
1999 1013 2340 1079 querimonia,
2368 1011 2502 1065 fiunt

1433 1088 1538 1139 inae
1582 1089 1913 1153 mutationes,
1945 1089 2132 1155 quibus
2166 1089 2399 1154 Imperia
2431 1091 2499 1142 ab

1435 1165 1514 1220 his
1537 1167 1604 1218 ad
1626 1166 1744 1218 illos
1770 1164 2170 1220 transferuntur.

1103 1410 1302 1476 ODE
1359 1412 1702 1481 XXXV.

1098 1568 1201 1614 AD
1250 1567 1699 1616 FORTUNAM.

298 1675 433 1732 Post
454 1682 739 1734 Varianam
767 1683 991 1748 cladem,
1013 1700 1116 1751 qua
1130 1685 1393 1736 exercitus
1415 1684 1481 1736 P.
1505 1686 1571 1735 R.
1595 1699 1711 1735 cum
1736 1685 1852 1748 ipso
1873 1684 2006 1734 duce
2029 1683 2284 1737 Quintilio
2304 1683 2445 1734 Varo
2466 1697 2500 1733 a

348 1759 637 1813 ‘Germanis
665 1764 871 1815 deletus
908 1771 1011 1829 est,
1045 1768 1433 1832 ingensRomae
1473 1767 1757 1830 trepidatio
1778 1765 1900 1829 fnit,
1915 1766 2153 1831 adeoque
2177 1779 2391 1830 magnus
2416 1772 2498 1814 tu·

351 1845 608 1895 multuum
633 1852 820 1907 metus,
853 1853 913 1897 ut
934 1847 1199 1912 Augustus
1220 1848 1332 1912 ipse
1366 1846 1555 1897 furiata
1578 1854 1754 1897 mente
1774 1846 2058 1896 identidem
2082 1846 2456 1897 exclamaverit
2477 1860 2492 1894 t

359 1926 585 1977 Quintili
608 1927 768 1991 Vare‚
792 1929 1020 1993 legiones
1061 1929 1240 1979 redde.
1307 1931 1439 1983 Quae
1463 1930 1598 1978 mala
1632 1928 1802 1979 Poeta
1825 1928 1875 1977 in
1898 1928 1995 1977 hac
2034 1926 2153 1977 Ode
2175 1926 2496 1990 impotentiae

306 2011 313 2020 ‘
356 2004 607 2057 Fortunae
633 2007 851 2071 tribuit3
881 2024 1035 2076 quam
1072 2010 1278 2059 tandem
1314 2017 1579 2073 precatur,
1613 2017 1673 2059 ut
1707 2008 1978 2073 praeterita
1998 2009 2135 2057 mala
2168 2006 2358 2058 futuris
2382 2019 2499 2055 suc·

354 2086 593 2137 cessibus
619 2092 888 2141 resarciat.
956 2091 1154 2156 (Etiam
1174 2091 1283 2141 baec
1307 2091 1615 2155 conjectura
1640 2090 1850 2140 videtur
1872 2105 1974 2140 non
1988 2089 2143 2140 valde
2166 2088 2331 2139 firma.
2400 2086 2498 2137 Ni·

302 2173 313 2182 '
353 2167 430 2216 bil
456 2168 618 2232 aliud,
638 2185 789 2236 quam
813 2172 979 2222 locum
996 2171 1060 2220 de
1084 2173 1312 2223 Fortuna
1333 2179 1529 2222 tractat
1553 2171 1742 2222 Po'eta.
1765 2172 1917 2222 Gesn.
1958 2171 2165 2237 Nempe
2181 2171 2246 2221 de
2268 2170 2500 2220 Fortuna

352 2248 594 2316 Antiate,
613 2252 779 2316 qualis
801 2254 1010 2318 quidem
1031 2252 1191 2305 fuerit
1212 2254 1264 2303 in
1290 2254 1485 2319 templo
1510 2253 1675 2304 Antii.
1709 2253 1887 2319 Zeten.)

557 2367 618 2432 Ο
650 2319 883 2449 ΒιρνΑ,
913 2332 1352 2468 gra‘tumiffiussn
1384 2371 1560 2454 regis
1586 2333 1890 2450 Antium,

360 2504 408 2553 0
427 2503 558 2568 Dea,
570 2518 676 2568 quoe
698 2519 807 2555 earo
822 2499 1087 2558 domium-is
1103 2463 1274 2570 Antio,
1291 2508 1463 2570 parata
1482 2504 1716 2556 hommem
1728 2504 1873 2555 mli
1893 2504 2143 2554 obnoxium
2158 2509 2242 2554 ant
2258 2518 2320 2553 ex
2336 2500 2497 2568 infimo

1215 2631 1581 2655 mm„

355 2714 478 2765 Ode
498 2722 646 2766 sexta
670 2717 811 2768 Libri
838 2717 980 2768 tertii
1015 2718 1069 2769 in
1103 2717 1202 2771 Ed.
1224 2716 1507 2768 Sanadoni.
1575 2712 1860 2778 Inscriptio
1881 2713 1933 2762 iu
1960 2719 2065 2762 vet.
2088 2710 2201 2762 cod.
2223 2710 2500 2774 Torrentii,

1290 2834 1507 2885 No'rAE

352 2929 587 2979 Metrum
613 2929 750 2979 idem
775 2930 914 2995 qnod
936 2930 1045 2981 od.
1066 2944 1148 2983 rx.

356 3010 383 3055 1
425 3006 472 3053 0
496 3006 657 3071 Diva]
688 3007 933 3070 Fortuna,
955 3023 1107 3073 quam
1133 3023 1226 3059 nos
1258 3008 1351 3059 im-

288 3083 575 3148 prudentes
627 3082 843 3133 facimus
898 3086 1085 3149 Deam,
1144 3087 1355 3137 tametsi

289 3161 522 3211 ‘nullum
547 3173 736 3210 numen
771 3161 965 3221 habet,’
1000 3168 1058 3213 ut
1096 3165 1169 3214 ait
1190 3165 1354 3217 Juve-

287 3239 420 3288 nalis
443 3238 496 3287 in
517 3236 622 3288 fine
656 3238 760 3288 Sat.
789 3251 844 3288 x.
878 3248 933 3289 et
965 3239 1075 3289 Sat.
1098 3254 1216 3291 xiv.
1239 3246 1354 3291 31⁵.

286 3315 410 3365 hnic
447 3322 622 3364 tamen
658 3314 830 3365 omnia
868 3315 1015 3366 stulti
1052 3317 1353 3382 assignant3

289 3399 466 3457 atque,
486 3397 546 3442 ut
567 3392 640 3441 ait
664 3392 800 3441 Plin.
824 3405 889 3443 ιι.
910 3396 961 3442 7.
1000 3398 1018 3421 ‘
1038 3393 1177 3444 Toto
1208 3407 1355 3444 mun-

290 3469 375 3534 do,
415 3469 543 3520 locis
586 3469 847 3531 omnibns,
884 3470 1223 3535 omnibusque
1261 3471 1354 3521 ho-

288 3547 385 3608 ris,
425 3546 651 3596 omnium
697 3547 931 3610 vocibus,
973 3547 1207 3598 Fortuna
1245 3548 1357 3599 sola

289 3624 592 3685 iuvocatur3
633 3637 736 3673 una
771 3623 1085 3687 nominatur,
1126 3639 1233 3675 una
1270 3638 1357 3675 ac·

289 3706 523 3763 cusatur,
564 3713 667 3750 una
705 3701 879 3763 agitur
917 3714 1029 3762 rea,
1069 3716 1171 3750 nna
1214 3701 1355 3765 cogi-

293 3781 454 3842 tatur,
498 3779 609 3828 sola
646 3778 911 3841 landatur,
955 3780 1065 3829 sola
1104 3777 1356 3842 arguitur,

293 3863 351 3906 et
395 3870 512 3907 cum
565 3855 816 3905 conviciis
870 3855 1095 3907 colitur:
1156 3853 1357 3904 volubi-

293 3935 375 3996 lis,
418 3942 475 3984 et
519 3947 663 3983 caeca
716 3934 873 3982 etiam
919 3934 1240 3997 existimata,
1279 3934 1358 3982 ln·

289 4015 553 4073 constans,
582 4011 744 4072 varia,
781 4010 1109 4074 indignorum
1135 4009 1352 4060 fautrix.

292 4088 431 4140 Huic
455 4088 627 4138 omnia
648 4102 911 4151 expensa;
944 4088 1062 4139 hnic
1086 4088 1258 4138 omnia
1277 4086 1354 4138 fe·

294 4173 479 4216 runtur
519 4172 768 4229 accepta:
815 4170 871 4214 et
914 4164 965 4214 iu
1005 4171 1118 4214 tota
1157 4165 1354 4216 ratione

292 4241 607 4302 mortalium,
651 4242 761 4292 sola
804 4249 1077 4307 utramque
1115 4242 1354 4305 paginam

296 4317 440 4372 facit.
508 4318 759 4384 Adeoque
780 4318 1018 4370 obnoxiat
1041 4331 1214 4369 sumus
1236 4321 1355 4370 Sor·

1434 2931 1519 2990 tis,
1566 2929 1628 2981 n't
1665 2931 1786 2979 Sors
1818 2928 1935 2992 ipsa
1967 2940 2064 2991 pro
2106 2926 2227 2976 Deo
2266 2926 2351 2987 sit,
2396 2940 2498 2991 qna

1433 3009 1578 3059 Deus
1602 3008 1853 3072 probatur
1876 3003 2144 3056 incertus?

1502 3086 1711 3135 Gratum
1742 3099 1848 3148 quae
1879 3083 2009 3145 regis
2030 3079 2259 3143 Antium]
2303 3079 2498 3142 Eques·

1435 3163 1501 3214 tri
1521 3163 1770 3213 Fortunae
1796 3161 2047 3223 templum
2072 3164 2188 3208 erat
2204 3157 2371 3217 Antii,
2395 3156 2502 3204 vai-

1433 3239 1501 3290 de
1535 3240 1744 3305 quidem
1778 3237 2051 3299 famosum,
2090 3243 2199 3285 tum
2238 3233 2304 3284 ob
2338 3233 2501 3282 multa

1436 3318 1728 3382 principum
1752 3316 1978 3365 virorum
2002 3313 2155 3376 dona,
2175 3310 2360 3378 quibus
2383 3318 2501 3359 erat

1435 3401 1766 3455 exornatum,
1798 3399 1906 3442 tum
1932 3390 2197 3454 praecipue
2221 3389 2287 3437 ob
2318 3386 2501 3437 Antia·

1434 3483 1526 3519 nas
1544 3472 1742 3526 Sortes,
1760 3467 1826 3518 de
1845 3466 2028 3533 quibus
2049 3464 2262 3515 Sueton.
2279 3462 2501 3526 Caligul.
2579 3491 2598 3504 .

1435 3564 1553 3612 cap.
1578 3552 1661 3598 5⁷.
1696 3546 1712 3574 ‘
1739 3545 2062 3595 Monuerunt
2094 3548 2150 3591 et
2180 3542 2360 3590 Sortes
2392 3540 2502 3589 An·

1436 3629 1617 3691 tianoe,
1635 3627 1699 3676 ut'
1716 3638 1748 3673 a
1770 3623 1952 3674 Cassio
1975 3616 2227 3670 caveret.'
2265 3615 2503 3667 Macrob.

1435 3719 1475 3755 1.
1499 3708 1584 3755 2³.
1626 3704 1643 3731 ‘
1668 3700 1905 3750 Vidimus
1941 3695 2082 3760 apud
2123 3693 2340 3743 Antium
2381 3707 2501 3757 pro-

1434 3779 1631 3830 moveri
1648 3775 1927 3825 simulacra
1940 3773 2275 3820 Fortunarum
2292 3768 2358 3818 ad
2377 3765 2501 3818 dan·

1437 3856 1503 3906 da
1547 3849 1832 3918 responsa,’
1870 3852 1971 3899 dcc.
2039 3845 2142 3896 Alii
2170 3852 2364 3909 gratum
2395 3845 2503 3896 dici

1438 3935 1638 3996 volunt,
1664 3931 1733 3982 ob
1764 3941 2017 3979 amoenum
2057 3924 2189 3974 adeo
2223 3937 2502 3987 secessuum,

1432 4016 1493 4060 nt
1512 4025 1575 4060 eo
1593 4006 1839 4072 cogitarit
1857 4004 2001 4054 Nero
2019 4000 2194 4051 sedem
2218 3999 2501 4051 transferre

1432 4085 1672 4152 Imperii.
1727 4081 1864 4133 Vide
1882 4079 2055 4131 Strab.
2072 4079 2170 4130 lib.
2193 4091 2244 4129 v,
2295 4078 2408 4128 Cic.
2432 4076 2499 4127 ad

1435 4164 1601 4215 Attio.
1620 4165 1759 4213 tv.8.
1778 4158 1979 4219 scribit,
1999 4162 2015 4187 ‘
2034 4155 2197 4207 Antio
2211 4153 2338 4205 nihil
2358 4155 2501 4219 qnie-

1435 4243 1560 4305 tlus,
1579 4238 1702 4290 nihil
1725 4236 1901 4298 altius,
1922 4234 2048 4284 nibil
2071 4219 2356 4281 armenius!

1500 4316 1728 4381 Antium]
1763 4314 1904 4365 Urbs
1930 4310 2032 4361 fult
2062 4308 2201 4360 Latii
2225 4304 2503 4367 maritima,
