3059 4909
444 453 459 468 .
552 393 681 462 186

1285 414 1351 472 Q.
1397 410 1715 460 HoRA‘rll
1768 410 2032 460 abaco!

903 551 1132 617 Frater
1165 551 1488 637 Megillae,
1519 575 1654 640 quo
1685 557 1929 620 beatus

980 643 1298 732 Vulnere,
1329 675 1467 739 qua
1496 663 1729 739 pereat
1760 657 2028 737 sagitta.

812 754 1057 821 Cessat
1085 756 1455 821 voluntas?
1503 777 1634 822 non
1668 759 1803 822 alia
1830 758 2057 822 bibam

812 855 1152 922 Mercede.
1240 855 1413 935 Quae
1450 863 1515 922 te
1543 877 1830 942 cumque
1865 859 2093 922 domat
2122 856 2381 936 VenuS,

902 957 1060 1023 Non
1094 959 1571 1030 erubescendis
1602 961 1821 1025 adurit

988 1059 1303 1142 Ignibus3
1349 1060 1761 1146 ingenuoque
1792 1083 2052 1146 semper

814 1160 1063 1226 Amore
1092 1182 1384 1246 peccas:
1435 1164 1752 1249 quicquid
1783 1166 2021 1243 habeS‚
2055 1184 2199 1247 age,

822 1264 1107 1348 Depone
1139 1265 1296 1329 tutis
1328 1266 1866 1333 auribuS.-—Ha!
1911 1268 2130 1344 miser,

2665 962 2750 1025 15

560 1458 758 1509 Falerni
774 1459 987 1512 auderi?
1051 1463 1279 1515 Declaret
1305 1465 1530 1529 opuntia.-
1553 1468 1769 1530 Megiiloe
1780 1468 1962 1539 frater,
1985 1484 2075 1531 quo
2085 1467 2215 1530 felix
2237 1468 2352 1526 ictu,
2372 1484 2461 1531 quo
2485 1469 2582 1516 telo
2604 1468 2751 1515 inter·

557 1530 654 1573 eat.
731 1525 926 1574 Scilicet
949 1528 1137 1576 vania?
1188 1528 1262 1578 At
1279 1545 1366 1592 ego
1388 1547 1481 1581 non
1501 1533 1601 1581 alia
1622 1536 1887 1584 conditione
1914 1534 2101 1596 potabo.
2160 1535 2302 1583 Certe
2323 1532 2534 1597 quisquis
2556 1538 2604 1582 te
2622 1545 2754 1588 unior

556 1593 707 1647 tenet,
730 1590 855 1639 haud
873 1592 1091 1654 pudenda
1112 1593 1321 1643 incendit
1331 1596 1534 1659 flamma
1550 1614 1566 1645 .·
1580 1602 1718 1660 atque
1739 1598 1925 1647 liberali
1944 1613 2122 1661 semper
2134 1613 2289 1646 amore
2309 1597 2555 1661 delinquis.
2595 1598 2750 1657 Euge,

556 1655 872 1718 quodcumque
895 1655 985 1704 tibi
1002 1656 1328 1722 eet‚fidelibus
1338 1662 1474 1711 erede
1488 1662 1732 1712 auriculis.
1764 1662 1876 1713 Ab!
1893 1662 2084 1725 infelix,
2099 1678 2235 1727 quam
2246 1678 2395 1726 prava
2409 1678 2512 1712 cum
2524 1661 2752 1722 voragine

1468 1821 1528 1839 &O
1533 1820 1838 1842 “O‘O‘OOO‘

561 1928 622 2041 ἓ
662 1929 826 1977 Cessat
840 1930 1093 2006 poluptae?
1117 1931 1342 2009 quinque
1380 1935 1535 2013 codd.
1563 1936 1819 2001 Lambini,
1854 1938 2039 2003 optimi
2078 1945 2134 1989 et
2172 1939 2432 2014 vetustiss.
2469 1936 2748 1994 Torrentii,

561 1995 909 2121 qfflfflss·
925 1997 2749 2130 531{222253535‘312'⁶32.ffl3?‡?2..¹22²¹ff;¹;1f¹3¹?2¹?2{{;¹?2·3¹2¹.;.‡¹25¹a‚³535

559 2117 710 2169 nibus
735 2124 1103 2175 volantum—17
1136 2127 1325 2177 Ardere
1347 2130 1486 2193 Lips.
1521 2135 1569 2179 3.
1607 2147 1637 2181 a
1670 2148 1739 2183 m.
1771 2138 1987 2195 ιιι-18
2023 2134 2108 2183 Ha
2130 2136 2275 2183 miser
2292 2140 2395 2182 tres
2414 2133 2602 2181 Biand.
2625 2132 2747 2181 Div.

559 2184 688 2234 Siiv.
712 2187 908 2236 Buslid.
934 2193 980 2236 1.
1002 2192 1052 2237 2.
1080 2190 1227 2240 Carr.
1253 2194 1634 2245 Martin.'l*on8.
1659 2204 1713 2246 et
1732 2197 1898 2246 Mald.
1918 2199 2132 2262 Cruqnii
2153 2214 2168 2258 ς
2202 2206 2257 2248 et
2289 2200 2365 2247 sic
2399 2198 2519 2246 edd.
2541 2198 2748 2246 Venett.

560 2262 646 2312 ap.
670 2250 830 2301 Gesn.
863 2252 1012 2303 Giar.
1036 2254 1214 2305 Lamb.
1239 2256 1396 2323 Cruq.
1421 2267 1476 2309 et
1509 2261 1666 2312 Baxt.
1690 2263 1815 2312 item
1851 2264 2142 2313 comment.
2166 2263 2402 2328 Cruqnii,
2425 2276 2543 2313 cum
2580 2262 2748 2312 Gloss.

1552 2379 1761 2459 NOTAE

556 2491 677 2553 gula
713 2492 871 2543 verba
907 2497 1127 2547 sonent.’
1192 2501 1494 2552 Quinetiam
1528 2511 1611 2554 tot

553 2573 765 2633 cyathos
788 2573 1109 2636 hauriebant,
1143 2587 1270 2643 quot
1294 2581 1466 2630 literas
1488 2583 1611 2631 ami-

553 2648 602 2694 ci
628 2649 707 2697 vel
733 2651 912 2701 amicae
929 2667 1111 2704 nomen
1130 2658 1447 2707 continebat.
1469 2660 1612 2708 Mar-

552 2722 671 2771 tial:
689 2738 727 2773 1.
750 2729 831 2775 72.
870 2729 885 2756 ‘
913 2728 1101 2779 Naevia
1130 2745 1221 2780 sex
1254 2733 1474 2797 cyathis,
1495 2748 1611 2799 sep-

552 2802 660 2848 tem
681 2800 892 2852 ,Iustina
913 2803 1158 2857 bibatur!

620 2877 843 2939 Opuntiae
858 2880 1036 2929 Frater·
1047 2882 1286 2946 Meg-ille]
1313 2884 1416 2933 Per
1435 2892 1610 2937 notam

551 2952 936 3013 pulchritudine
950 2957 1220 3021 Megillam
1237 2959 1349 3022 ejus
1359 2959 1609 3012 fraterin-

551 3026 774 3078 dicatur.
831 3031 1053 3095 Oriundi
1093 3041 1242 3084 erant
1285 3050 1351 3085 ex
1395 3039 1609 3102 Opunte

552 3103 787 3154 Locridis
812 3106 953 3158 urbe.

560 3225 567 3234 ,
617 3183 675 3228 ll
715 3181 822 3235 Quo
843 3182 1006 3233 beatus
1033 3185 1258 3250 Vulnere]
1295 3189 1454 3253 Cujus
1471 3206 1611 3243 amo-

549 3267 607 3302 re
655 3261 895 3308 teneatur
912 3274 943 3308 :-
963 3275 1067 3325 qua
1105 3262 1376 3327 Cupidinis
1420 3270 1616 3333 sagitta

549 3341 825 3392 percussus
864 3335 1125 3399 langueat,
1169 3354 1324 3403 quam
1358 3343 1611 3408 virginem

551 3414 642 3455 aut
674 3409 942 3461 mulierem
967 3413 1236 3478 depereat.
1291 3420 1502 3486 Beatus]
1536 3425 1613 3474 Si·

550 3484 757 3548 quidem
770 3509 773 3512 ·
784 3489 1164 3543 redamabatur.

615 3564 675 3609 13
710 3563 881 3614 Cessat
898 3565 1136 3631 voluntas]
1178 3570 1454 3623 Renuebat
1477 3576 1611 3626 indi-

547 3650 667 3686 care
706 3639 926 3691 Horatio
971 3643 1201 3707 Megillae
1239 3645 1421 3711 frater,
1454 3666 1608 3715 quam

547 3713 842 3767 adamaret:
881 3726 935 3767 at
955 3719 1042 3769 ilie
1062 3729 1236 3771 monet
1246 3724 1338 3786 ‚ius
1362 3738 1475 3775 esse
1492 3741 1611 3776 con·

545 3790 778 3841 vivarum
817 3794 869 3842 id
904 3793 969 3842 ab
1009 3809 1319 3862 unoquoque
1354 3800 1617 3853 sodalium,

545 3869 786 3931 exigere:
827 3884 982 3934 quare
1006 3872 1089 3919 hic
1108 3874 1283 3926 statim
1308 3883 1494 3939 postea
1514 3880 1607 3929 ob·

544 3951 826 4007 temperat,
849 3960 1070 4010 suosque
1112 3964 1331 4014 amores,
1368 3954 1500 4003 clam
1533 3964 1607 4005 ta·

544 4032 680 4085 men,
703 4027 758 4069 et
783 4020 833 4069 iu
859 4036 1036 4073 aurern
1058 4023 1314 4078 declarat.
1555 4019 1566 4026 ”

611 4095 724 4144 Non
759 4097 856 4152 alia
877 4098 1033 4148 bibam
1053 4101 1297 4165 Mercede]
1332 4104 1448 4155 Nisi
1472 4107 1604 4159 hanc

545 4170 767 4221 convivii
812 4175 980 4237 legem
1025 4177 1284 4234 observas,
1321 4195 1416 4230 nec
1453 4184 1603 4234 aliam

545 4261 660 4311 ego.
724 4249 778 4298 Si
817 4265 932 4315 qnae
972 4253 1041 4302 sit
1073 4253 1237 4303 amica
1267 4261 1355 4304 tua
1399 4272 1608 4309 recusas

1692 2506 1915 2570 aperire,
1945 2522 2044 2571 ego
2078 2522 2282 2573 quoque
2319 2520 2460 2556 more
2496 2506 2747 2569 majorum

1691 2582 1869 2633 bibere
1887 2584 2210 2633 detrectabo.
2243 2583 2400 2646 Apud
2423 2582 2477 2633 J.
2501 2582 2643 2645 Lips.
2658 2582 2749 2631 cit.

1691 2672 1747 2712 et
1791 2664 1901 2712 haec
1946 2663 2166 2712 convivii
2214 2663 2298 2710 lex
2342 2660 2593 2709 habetur:
2648 2660 2663 2687 ‘
2699 2659 2746 2708 A

1693 2752 1887 2787 summo
1926 2740 1990 2788 ad
2026 2739 2181 2787 imum
2217 2750 2357 2786 more
2390 2736 2641 2798 majorum
2676 2734 2752 2783 bi-

1693 2814 1888 2863 bunto.'
1942 2814 2079 2863 Item
2126 2814 2238 2868 haec
2278 2813 2472 2860 altera:
2513 2810 2528 2837 ‘
2555 2811 2748 2859 Decem

1692 2892 1867 2955 cyathi
1891 2905 2088 2940 summa
2110 2890 2254 2952 potio
2276 2887 2465 2938 sunto?

1719 2995 1736 3005 ·
1758 2972 1818 3016 14
1857 2968 1979 3023 Quat
1995 2971 2245 3030 tecumque
2261 2967 2421 3014 domat
2451 2959 2751 3025 Venua‚‹}·c.]

1690 3044 1864 3093 Instat
1887 3043 2154 3105 Horatius,
2174 3056 2241 3090 ne
2263 3040 2534 3090 erubescat
2567 3038 2654 3087 ille
2678 3035 2753 3085 in-

1692 3119 1869 3170 dicare
1895 3119 2186 3191 ⁸amasiam;
2222 3117 2366 3182 cujus
2411 3127 2536 3165 sane
2589 3128 2750 3173 amor,

1691 3200 1880 3259 utpote
1915 3195 2175 3259 ingenuae,
2214 3201 2271 3244 et
2307 3194 2556 3243 honestus
2594 3190 2665 3240 sit
2698 3196 2754 3239 ct

1691 3272 1971 3335 gloriosum
2005 3279 2253 3336 quantum
2293 3273 2409 3334 ipse
2431 3268 2639 3334 quidem
2662 3280 2752 3316 ex-

1691 3347 1976 3397 istimabat.

1757 3427 1819 3472 17
1856 3424 2093 3486 Quicquid
2123 3423 2280 3487 habes,
2307 3423 2495 3485 Depone
2525 3419 2647 3470 tutis
2667 3434 2752 3468 au·

1689 3500 1850 3563 ribus]
1893 3501 2142 3565 Quisquis
2172 3500 2241 3549 sit
2278 3512 2421 3547 amor
2463 3505 2602 3559 tuns,
2635 3493 2750 3545 tuto

1690 3577 1814 3626 mihi
1847 3577 2056 3625 declara
2098 3576 2243 3626 fideli
2286 3588 2591 3625 arcanorum
2637 3587 2753 3623 cus·

1693 3654 1834 3703 todi:
1870 3654 1999 3702 clam
2041 3654 2225 3702 saltem
2269 3652 2429 3715 aperi,
2464 3652 2509 3700 si
2537 3663 2642 3700 non
2675 3649 2751 3697 vis

1690 3730 1859 3793 palam
1879 3745 1894 3779 ε
1919 3744 1985 3778 ne
2009 3729 2190 3779 dubita
2203 3728 2323 3777 mihi
2338 3733 2595 3776 secretum
2612 3739 2750 3775 com·
2795 3747 2802 3752 ·

1689 3806 1919 3866 mittere,
1940 3805 2077 3868 quod
2116 3805 2277 3853 invito
2301 3810 2353 3853 te
2388 3817 2647 3867 nunquam
2672 3814 2751 3850 re·

1689 3881 1887 3931 velabo.

1754 3961 1817 4005 18
1851 3956 1975 4006 Ha!
2007 3955 2172 4017 mim]
2210 3955 2347 4018 Ergo
2381 3952 2617 4015 Megilloe
2647 3951 2750 4003 fra·

1611 4071 1618 4078 .
1691 4039 1774 4082 ter
1808 4032 1989 4081 annuit
2022 4033 2227 4080 tandem
2268 4038 2323 4079 et
2359 4030 2577 4079 amicam
2604 4045 2747 4079 suam

1688 4108 1882 4157 indicat
1910 4108 2161 4157 Horatio:
2188 4114 2242 4156 at
2265 4107 2368 4168 hic,
2390 4106 2605 4155 audiens
2630 4121 2745 4170 quae

1686 4184 1754 4234 sit
1784 4185 1889 4245 illa,
1929 4183 2156 4247 erumpit
2195 4183 2248 4232 in
2282 4182 2747 4232 commiserationis

1689 4273 1841 4311 voces
1864 4260 2006 4309 istas.
2743 4275 2763 4319 1.
