<?xml version="1.0" encoding="UTF-8"?>
<!DOCTYPE html PUBLIC "-//W3C//DTD XHTML 1.0 Transitional//EN"
    "http://www.w3.org/TR/xhtml1/DTD/xhtml1-transitional.dtd">
<html xmlns="http://www.w3.org/1999/xhtml" xml:lang="en" lang="en">
 <head>
  <title>
</title>
<meta http-equiv="Content-Type" content="text/html;charset=utf-8" />
  <meta name='ocr-system' content='tesseract 3.04.00' />
  <meta name='ocr-capabilities' content='ocr_page ocr_carea ocr_par ocr_line ocrx_word'/>
</head>
<body>
  <div class='ocr_page' id='page_1' title='image "./quintihoratiifl00unkngoog_0516.png"; bbox 0 0 3059 4909; ppageno 0'>
   <div class='ocr_carea' id='block_1_1' title="bbox 543 378 2090 452">
    <p class='ocr_par' dir='ltr' id='par_1_1' title="bbox 543 378 2090 452">
     <span class='ocr_line' id='line_1_1' title="bbox 543 378 2090 452; baseline -0.011 -6"><span class='ocrx_word' id='word_1_1' title='bbox 543 378 674 446; x_wconf 86' lang='grc'><strong>506</strong></span> <span class='ocrx_word' id='word_1_2' title='bbox 1262 388 1692 452; x_wconf 70' lang='lat' dir='ltr'>Q..HORA’1&#39;11</span> <span class='ocrx_word' id='word_1_3' title='bbox 1744 386 2008 436; x_wconf 57' lang='lat' dir='ltr'>nascor</span> <span class='ocrx_word' id='word_1_4' title='bbox 2085 424 2090 429; x_wconf 88' lang='lat'>.</span> 
     </span>
    </p>
   </div>
   <div class='ocr_carea' id='block_1_2' title="bbox 804 502 2029 720">
    <p class='ocr_par' dir='ltr' id='par_1_2' title="bbox 804 502 2029 720">
     <span class='ocr_line' id='line_1_2' title="bbox 804 502 2029 631; baseline -0.007 -28"><span class='ocrx_word' id='word_1_5' title='bbox 804 537 1032 603; x_wconf 80' lang='lat' dir='ltr'>Velox</span> <span class='ocrx_word' id='word_1_6' title='bbox 1064 502 1284 601; x_wconf 77' lang='lat' dir='ltr'>mente</span> <span class='ocrx_word' id='word_1_7' title='bbox 1315 534 1525 598; x_wconf 87' lang='lat' dir='ltr'>nova!</span> <span class='ocrx_word' id='word_1_8' title='bbox 1574 531 1818 631; x_wconf 80' lang='lat' dir='ltr'>quibus</span> <span class='ocrx_word' id='word_1_9' title='bbox 1870 547 1876 553; x_wconf 90' lang='grc'><em>·</em></span> <span class='ocrx_word' id='word_1_10' title='bbox 1973 550 1976 555; x_wconf 91' lang='grc'><strong><em>·</em></strong></span> <span class='ocrx_word' id='word_1_11' title='bbox 2019 593 2029 605; x_wconf 79' lang='grc'>,</span> 
     </span>
     <span class='ocr_line' id='line_1_3' title="bbox 884 631 1973 720; baseline -0.006 -17"><span class='ocrx_word' id='word_1_12' title='bbox 884 636 1114 703; x_wconf 85' lang='lat' dir='ltr'>Antris</span> <span class='ocrx_word' id='word_1_13' title='bbox 1140 637 1389 720; x_wconf 75' lang='lat' dir='ltr'>egregii</span> <span class='ocrx_word' id='word_1_14' title='bbox 1417 635 1711 702; x_wconf 81' lang='lat' dir='ltr'>Caesaris</span> <span class='ocrx_word' id='word_1_15' title='bbox 1742 631 1973 698; x_wconf 80' lang='lat' dir='ltr'>audiar</span> 
     </span>
    </p>
   </div>
   <div class='ocr_carea' id='block_1_3' title="bbox 801 733 2852 837">
    <p class='ocr_par' dir='ltr' id='par_1_3' title="bbox 801 733 2852 837">
     <span class='ocr_line' id='line_1_4' title="bbox 801 733 2852 837; baseline -0.006 -31"><span class='ocrx_word' id='word_1_16' title='bbox 801 741 1144 807; x_wconf 84' lang='lat' dir='ltr'>AEternum</span> <span class='ocrx_word' id='word_1_17' title='bbox 1177 739 1505 804; x_wconf 84' lang='lat' dir='ltr'>meditans</span> <span class='ocrx_word' id='word_1_18' title='bbox 1536 737 1762 801; x_wconf 87' lang='lat' dir='ltr'>decus.</span> <span class='ocrx_word' id='word_1_19' title='bbox 1825 756 1830 761; x_wconf 92' lang='lat'>·</span> <span class='ocrx_word' id='word_1_20' title='bbox 2692 733 2735 795; x_wconf 88' lang='grc'><strong><em>5</em></strong></span> <span class='ocrx_word' id='word_1_21' title='bbox 2843 828 2852 837; x_wconf 20' lang='lat'>⁸</span> 
     </span>
    </p>
   </div>
   <div class='ocr_carea' id='block_1_4' title="bbox 885 835 2114 910">
    <p class='ocr_par' dir='ltr' id='par_1_4' title="bbox 885 835 2114 910">
     <span class='ocr_line' id='line_1_5' title="bbox 885 835 2114 910; baseline -0.007 -1"><span class='ocrx_word' id='word_1_22' title='bbox 885 843 1114 910; x_wconf 81' lang='lat' dir='ltr'>Stellis</span> <span class='ocrx_word' id='word_1_23' title='bbox 1141 842 1428 907; x_wconf 83' lang='lat' dir='ltr'>inserere</span> <span class='ocrx_word' id='word_1_24' title='bbox 1459 848 1531 905; x_wconf 84' lang='lat' dir='ltr'>et</span> <span class='ocrx_word' id='word_1_25' title='bbox 1558 839 1850 904; x_wconf 86' lang='lat' dir='ltr'>concilio</span> <span class='ocrx_word' id='word_1_26' title='bbox 1877 835 1923 902; x_wconf 85' lang='lat' dir='ltr'>J</span> <span class='ocrx_word' id='word_1_27' title='bbox 1929 836 2114 901; x_wconf 81' lang='lat' dir='ltr'>ovis!</span> 
     </span>
    </p>
   </div>
   <div class='ocr_carea' id='block_1_5' title="bbox 535 990 2736 1150">
    <p class='ocr_par' dir='ltr' id='par_1_5' title="bbox 535 990 2736 1150">
     <span class='ocr_line' id='line_1_6' title="bbox 535 990 2736 1092; baseline -0.006 -14"><span class='ocrx_word' id='word_1_28' title='bbox 535 1028 645 1090; x_wconf 75' lang='lat' dir='ltr'>pior</span> <span class='ocrx_word' id='word_1_29' title='bbox 662 1028 836 1092; x_wconf 70' lang='lat' dir='ltr'>spiritu</span> <span class='ocrx_word' id='word_1_30' title='bbox 854 1025 1108 1076; x_wconf 72' lang='lat' dir='ltr'>insolenti?</span> <span class='ocrx_word' id='word_1_31' title='bbox 1174 1025 1355 1081; x_wconf 77' lang='lat' dir='ltr'>Quibus</span> <span class='ocrx_word' id='word_1_32' title='bbox 1369 1023 1603 1087; x_wconf 77' lang='lat' dir='ltr'>speluncis</span> <span class='ocrx_word' id='word_1_33' title='bbox 1623 1022 1880 1071; x_wconf 71' lang='lat' dir='ltr'>meditabor</span> <span class='ocrx_word' id='word_1_34' title='bbox 1900 1019 2188 1070; x_wconf 72' lang='lat' dir='ltr'>immortales</span> <span class='ocrx_word' id='word_1_35' title='bbox 2206 1019 2406 1068; x_wconf 70' lang='lat' dir='ltr'>honores</span> <span class='ocrx_word' id='word_1_36' title='bbox 2428 990 2659 1079; x_wconf 72' lang='lat' dir='ltr'>Augusti,</span> <span class='ocrx_word' id='word_1_37' title='bbox 2679 990 2736 1065; x_wconf 59' lang='lat' dir='ltr'>ut</span> 
     </span>
     <span class='ocr_line' id='line_1_7' title="bbox 540 1086 2733 1150; baseline -0.006 -7"><span class='ocrx_word' id='word_1_38' title='bbox 540 1092 935 1143; x_wconf 59' lang='lat' dir='ltr'>minoen-s</span> <span class='ocrx_word' id='word_1_39' title='bbox 955 1091 1090 1141; x_wconf 70' lang='lat' dir='ltr'>illum</span> <span class='ocrx_word' id='word_1_40' title='bbox 1109 1089 1342 1141; x_wconf 69' lang='lat' dir='ltr'>sideribus</span> <span class='ocrx_word' id='word_1_41' title='bbox 1373 1105 1430 1139; x_wconf 79' lang='lat' dir='ltr'>ac</span> <span class='ocrx_word' id='word_1_42' title='bbox 1459 1089 1600 1138; x_wconf 69' lang='lat' dir='ltr'>Jovis</span> <span class='ocrx_word' id='word_1_43' title='bbox 1620 1088 1851 1149; x_wconf 68' lang='lat' dir='ltr'>concilio?</span> <span class='ocrx_word' id='word_1_44' title='bbox 1919 1086 2100 1135; x_wconf 71' lang='lat' dir='ltr'>Cottam</span> <span class='ocrx_word' id='word_1_45' title='bbox 2132 1086 2403 1150; x_wconf 70' lang='lat' dir='ltr'>splendores</span> <span class='ocrx_word' id='word_1_46' title='bbox 2434 1099 2598 1147; x_wconf 72' lang='lat' dir='ltr'>novos,</span> <span class='ocrx_word' id='word_1_47' title='bbox 2629 1097 2733 1132; x_wconf 67' lang='lat' dir='ltr'>nec-</span> 
     </span>
    </p>
   </div>
   <div class='ocr_carea' id='block_1_6' title="bbox 1454 1199 1814 1221">
    <p class='ocr_par' dir='ltr' id='par_1_6' title="bbox 1454 1199 1814 1221">
     <span class='ocr_line' id='line_1_8' title="bbox 1454 1199 1814 1221; baseline -0.003 -1"><span class='ocrx_word' id='word_1_48' title='bbox 1454 1200 1604 1221; x_wconf 58' lang='lat' dir='ltr'>‘om</span> <span class='ocrx_word' id='word_1_49' title='bbox 1606 1199 1814 1220; x_wconf 52' lang='lat' dir='ltr'>OOOOOO</span> 
     </span>
    </p>
   </div>
   <div class='ocr_carea' id='block_1_7' title="bbox 536 1260 2748 3598">
    <p class='ocr_par' dir='ltr' id='par_1_7' title="bbox 536 1260 2748 3598">
     <span class='ocr_line' id='line_1_9' title="bbox 545 1260 2737 1333; baseline -0.001 -15"><span class='ocrx_word' id='word_1_50' title='bbox 545 1279 604 1318; x_wconf 85' lang='lat' dir='ltr'>ut</span> <span class='ocrx_word' id='word_1_51' title='bbox 627 1268 721 1333; x_wconf 88' lang='lat' dir='ltr'>ibi,</span> <span class='ocrx_word' id='word_1_52' title='bbox 754 1262 833 1318; x_wconf 69' lang='lat' dir='ltr'>i&#39;ta&#39;</span> <span class='ocrx_word' id='word_1_53' title='bbox 861 1274 1035 1318; x_wconf 85' lang='lat' dir='ltr'>nostro</span> <span class='ocrx_word' id='word_1_54' title='bbox 1059 1268 1094 1318; x_wconf 88' lang='grc' dir='ltr'>Ι.</span> <span class='ocrx_word' id='word_1_55' title='bbox 1122 1267 1283 1329; x_wconf 84' lang='lat' dir='ltr'>priori</span> <span class='ocrx_word' id='word_1_56' title='bbox 1313 1267 1466 1317; x_wconf 89' lang='lat' dir='ltr'>etiam</span> <span class='ocrx_word' id='word_1_57' title='bbox 1493 1264 1913 1331; x_wconf 77' lang='lat' dir='ltr'>proepositiouem</span> <span class='ocrx_word' id='word_1_58' title='bbox 1936 1263 2161 1314; x_wconf 82' lang='lat' dir='ltr'>allevere</span> <span class='ocrx_word' id='word_1_59' title='bbox 2184 1260 2540 1315; x_wconf 84' lang='lat' dir='ltr'>Grammatici.</span> <span class='ocrx_word' id='word_1_60' title='bbox 2608 1265 2737 1316; x_wconf 88' lang='lat' dir='ltr'>Mox</span> 
     </span>
     <span class='ocr_line' id='line_1_10' title="bbox 543 1328 2744 1397; baseline -0.001 -14"><span class='ocrx_word' id='word_1_61' title='bbox 543 1339 592 1383; x_wconf 75' lang='lat' dir='ltr'>et</span> <span class='ocrx_word' id='word_1_62' title='bbox 613 1348 727 1397; x_wconf 66' lang='lat' dir='ltr'>qm</span> <span class='ocrx_word' id='word_1_63' title='bbox 752 1335 924 1397; x_wconf 86' lang='lat' dir='ltr'>plures</span> <span class='ocrx_word' id='word_1_64' title='bbox 947 1332 1125 1382; x_wconf 85' lang='lat' dir='ltr'>Lamb.</span> <span class='ocrx_word' id='word_1_65' title='bbox 1151 1346 1211 1382; x_wconf 90' lang='lat' dir='ltr'>ac</span> <span class='ocrx_word' id='word_1_66' title='bbox 1233 1333 1385 1382; x_wconf 88' lang='lat' dir='ltr'>Torr.</span> <span class='ocrx_word' id='word_1_67' title='bbox 1417 1332 1615 1397; x_wconf 77' lang='lat' dir='ltr'><strong>aliquot</strong></span> <span class='ocrx_word' id='word_1_68' title='bbox 1653 1330 1831 1380; x_wconf 82' lang='lat' dir='ltr'>Bentl.</span> <span class='ocrx_word' id='word_1_69' title='bbox 1864 1329 2135 1379; x_wconf 84' lang='lat' dir='ltr'>Pulmauni</span> <span class='ocrx_word' id='word_1_70' title='bbox 2165 1328 2369 1379; x_wconf 81' lang='lat' dir='ltr'>Diesth.</span> <span class='ocrx_word' id='word_1_71' title='bbox 2390 1329 2571 1379; x_wconf 78' lang='lat' dir='ltr'>Basili.</span> <span class='ocrx_word' id='word_1_72' title='bbox 2592 1332 2744 1380; x_wconf 71' lang='lat'><strong>152⁷.</strong></span> 
     </span>
     <span class='ocr_line' id='line_1_11' title="bbox 542 1393 2739 1459; baseline -0.001 -12"><span class='ocrx_word' id='word_1_73' title='bbox 542 1402 627 1448; x_wconf 97' lang='grc'>31.</span> <span class='ocrx_word' id='word_1_74' title='bbox 650 1403 732 1448; x_wconf 87' lang='grc'>66.</span> <span class='ocrx_word' id='word_1_75' title='bbox 766 1397 960 1447; x_wconf 69' lang='lat' dir='ltr'>Mutet.</span> <span class='ocrx_word' id='word_1_76' title='bbox 984 1396 1141 1447; x_wconf 83' lang='lat' dir='ltr'>Fabr.</span> <span class='ocrx_word' id='word_1_77' title='bbox 1161 1398 1308 1448; x_wconf 83' lang='lat' dir='ltr'>Torr.</span> <span class='ocrx_word' id='word_1_78' title='bbox 1334 1396 1488 1459; x_wconf 71' lang='lat' dir='ltr'>Rutg.</span> <span class='ocrx_word' id='word_1_79' title='bbox 1523 1401 1608 1446; x_wconf 72' lang='lat' dir='ltr'>out</span> <span class='ocrx_word' id='word_1_80' title='bbox 1627 1411 1676 1459; x_wconf 77' lang='lat' dir='ltr'>q.</span> <span class='ocrx_word' id='word_1_81' title='bbox 1698 1394 1825 1444; x_wconf 82' lang='lat' dir='ltr'>Acr.</span> <span class='ocrx_word' id='word_1_82' title='bbox 1848 1401 1958 1444; x_wconf 82' lang='lat' dir='ltr'>tres</span> <span class='ocrx_word' id='word_1_83' title='bbox 1982 1393 2159 1444; x_wconf 67' lang='lat' dir='ltr'>bamb.</span> <span class='ocrx_word' id='word_1_84' title='bbox 2184 1394 2287 1443; x_wconf 89' lang='lat' dir='ltr'>duo</span> <span class='ocrx_word' id='word_1_85' title='bbox 2315 1395 2467 1443; x_wconf 87' lang='lat' dir='ltr'>Torr.</span> <span class='ocrx_word' id='word_1_86' title='bbox 2490 1394 2739 1444; x_wconf 89' lang='lat' dir='ltr'>Pulmau·</span> 
     </span>
     <span class='ocr_line' id='line_1_12' title="bbox 544 1459 2738 1524; baseline -0.001 -12"><span class='ocrx_word' id='word_1_87' title='bbox 544 1463 599 1512; x_wconf 82' lang='lat' dir='ltr'>ui</span> <span class='ocrx_word' id='word_1_88' title='bbox 622 1461 892 1523; x_wconf 69' lang='lat' dir='ltr'>Geutblac.</span> <span class='ocrx_word' id='word_1_89' title='bbox 916 1466 964 1513; x_wconf 93' lang='grc'>1.</span> <span class='ocrx_word' id='word_1_90' title='bbox 982 1466 1032 1512; x_wconf 90' lang='grc'>2.</span> <span class='ocrx_word' id='word_1_91' title='bbox 1065 1467 1121 1511; x_wconf 88' lang='lat' dir='ltr'>et</span> <span class='ocrx_word' id='word_1_92' title='bbox 1141 1461 1337 1512; x_wconf 81' lang='lat' dir='ltr'>Beller.</span> <span class='ocrx_word' id='word_1_93' title='bbox 1360 1472 1491 1513; x_wconf 75' lang='lat' dir='ltr'>uuus</span> <span class='ocrx_word' id='word_1_94' title='bbox 1507 1461 1711 1513; x_wconf 83' lang='lat' dir='ltr'>Bersm.</span> <span class='ocrx_word' id='word_1_95' title='bbox 1747 1473 1923 1509; x_wconf 86' lang='lat' dir='ltr'>omues</span> <span class='ocrx_word' id='word_1_96' title='bbox 1955 1459 2116 1524; x_wconf 84' lang='lat' dir='ltr'>Cruq.</span> <span class='ocrx_word' id='word_1_97' title='bbox 2135 1468 2191 1508; x_wconf 86' lang='lat' dir='ltr'>et</span> <span class='ocrx_word' id='word_1_98' title='bbox 2212 1465 2404 1523; x_wconf 77' lang='lat' dir='ltr'>praeter</span> <span class='ocrx_word' id='word_1_99' title='bbox 2423 1467 2532 1509; x_wconf 86' lang='lat' dir='ltr'>tres</span> <span class='ocrx_word' id='word_1_100' title='bbox 2553 1461 2738 1523; x_wconf 81' lang='lat' dir='ltr'>nostri,</span> 
     </span>
     <span class='ocr_line' id='line_1_13' title="bbox 544 1523 2741 1590; baseline -0 -14"><span class='ocrx_word' id='word_1_101' title='bbox 544 1527 774 1577; x_wconf 79' lang='lat' dir='ltr'>Bentleii</span> <span class='ocrx_word' id='word_1_102' title='bbox 809 1527 986 1577; x_wconf 74' lang='lat' dir='ltr'><strong>Graev.</strong></span> <span class='ocrx_word' id='word_1_103' title='bbox 1026 1526 1173 1577; x_wconf 79' lang='lat' dir='ltr'>Leid.</span> <span class='ocrx_word' id='word_1_104' title='bbox 1211 1526 1396 1590; x_wconf 81' lang='lat' dir='ltr'>Regin.</span> <span class='ocrx_word' id='word_1_105' title='bbox 1432 1526 1643 1590; x_wconf 84' lang='lat' dir='ltr'>aliique,</span> <span class='ocrx_word' id='word_1_106' title='bbox 1682 1525 1894 1574; x_wconf 81' lang='lat' dir='ltr'>Venett.</span> <span class='ocrx_word' id='word_1_107' title='bbox 1938 1524 2159 1574; x_wconf 81' lang='lat' dir='ltr'>Locher.</span> <span class='ocrx_word' id='word_1_108' title='bbox 2197 1524 2322 1573; x_wconf 71' lang='lat' dir='ltr'>Aac.</span> <span class='ocrx_word' id='word_1_109' title='bbox 2359 1523 2543 1574; x_wconf 87' lang='lat' dir='ltr'>Lamb.</span> <span class='ocrx_word' id='word_1_110' title='bbox 2582 1524 2741 1590; x_wconf 84' lang='lat' dir='ltr'>Cruq.</span> 
     </span>
     <span class='ocr_line' id='line_1_14' title="bbox 544 1588 2741 1657; baseline 0 -18"><span class='ocrx_word' id='word_1_111' title='bbox 544 1592 727 1655; x_wconf 81' lang='lat' dir='ltr'>steph.</span> <span class='ocrx_word' id='word_1_112' title='bbox 750 1590 933 1641; x_wconf 85' lang='lat' dir='ltr'>Heius.</span> <span class='ocrx_word' id='word_1_113' title='bbox 960 1590 1087 1641; x_wconf 84' lang='lat' dir='ltr'>Fab.</span> <span class='ocrx_word' id='word_1_114' title='bbox 1112 1592 1301 1643; x_wconf 69' lang='lat' dir='ltr'>Decor.</span> <span class='ocrx_word' id='word_1_115' title='bbox 1324 1592 1476 1641; x_wconf 79' lang='lat' dir='ltr'>Baxt·</span> <span class='ocrx_word' id='word_1_116' title='bbox 1497 1588 1620 1644; x_wconf 85' lang='lat' dir='ltr'>Jon.</span> <span class='ocrx_word' id='word_1_117' title='bbox 1641 1591 1817 1640; x_wconf 85' lang='lat' dir='ltr'>Bentl.</span> <span class='ocrx_word' id='word_1_118' title='bbox 1841 1590 1960 1638; x_wconf 88' lang='lat' dir='ltr'>San.</span> <span class='ocrx_word' id='word_1_119' title='bbox 2023 1588 2255 1639; x_wconf 82' lang='lat' dir='ltr'>Praestat</span> <span class='ocrx_word' id='word_1_120' title='bbox 2281 1588 2440 1653; x_wconf 82' lang='lat' dir='ltr'>igitur</span> <span class='ocrx_word' id='word_1_121' title='bbox 2460 1594 2545 1638; x_wconf 71' lang='lat' dir='ltr'>aut</span> <span class='ocrx_word' id='word_1_122' title='bbox 2561 1598 2741 1657; x_wconf 77' lang='lat' dir='ltr'>aucto·</span> 
     </span>
     <span class='ocr_line' id='line_1_15' title="bbox 547 1652 2737 1724; baseline 0 -20"><span class='ocrx_word' id='word_1_123' title='bbox 547 1656 725 1706; x_wconf 79' lang='lat' dir='ltr'><strong>ritate.</strong></span> <span class='ocrx_word' id='word_1_124' title='bbox 781 1657 974 1706; x_wconf 81' lang='lat' dir='ltr'>Similis</span> <span class='ocrx_word' id='word_1_125' title='bbox 998 1657 1141 1705; x_wconf 87' lang='lat' dir='ltr'>locus</span> <span class='ocrx_word' id='word_1_126' title='bbox 1159 1654 1309 1721; x_wconf 73' lang='lat' dir='ltr'>Vin-g.</span> <span class='ocrx_word' id='word_1_127' title='bbox 1331 1656 1447 1707; x_wconf 88' lang='lat' dir='ltr'>Ecl.</span> <span class='ocrx_word' id='word_1_128' title='bbox 1475 1669 1530 1706; x_wconf 83' lang='lat' dir='ltr'>x.</span> <span class='ocrx_word' id='word_1_129' title='bbox 1552 1658 1601 1706; x_wconf 84' lang='lat'>9.</span> <span class='ocrx_word' id='word_1_130' title='bbox 1664 1654 1770 1705; x_wconf 75' lang='lat' dir='ltr'>Sed</span> <span class='ocrx_word' id='word_1_131' title='bbox 1790 1653 1982 1714; x_wconf 79' lang='lat' dir='ltr'>fateor,</span> <span class='ocrx_word' id='word_1_132' title='bbox 1998 1652 2120 1702; x_wconf 84' lang='lat' dir='ltr'>mihi</span> <span class='ocrx_word' id='word_1_133' title='bbox 2146 1653 2271 1703; x_wconf 88' lang='lat' dir='ltr'>illud</span> <span class='ocrx_word' id='word_1_134' title='bbox 2295 1658 2400 1712; x_wconf 73' lang='lat' dir='ltr'>aut,</span> <span class='ocrx_word' id='word_1_135' title='bbox 2422 1655 2548 1703; x_wconf 82' lang='lat' dir='ltr'>licet</span> <span class='ocrx_word' id='word_1_136' title='bbox 2565 1655 2737 1724; x_wconf 43' lang='lat' dir='ltr'>‚mium</span> 
     </span>
     <span class='ocr_line' id='line_1_16' title="bbox 542 1718 2737 1785; baseline 0 -16"><span class='ocrx_word' id='word_1_137' title='bbox 542 1720 863 1784; x_wconf 79' lang='lat' dir='ltr'>languidum,</span> <span class='ocrx_word' id='word_1_138' title='bbox 884 1736 1035 1784; x_wconf 83' lang='lat' dir='ltr'>quam</span> <span class='ocrx_word' id='word_1_139' title='bbox 1070 1726 1137 1785; x_wconf 66' lang='lat' dir='ltr'>er,</span> <span class='ocrx_word' id='word_1_140' title='bbox 1162 1728 1335 1770; x_wconf 82' lang='lat' dir='ltr'>tamen</span> <span class='ocrx_word' id='word_1_141' title='bbox 1359 1722 1522 1785; x_wconf 84' lang='lat' dir='ltr'>ipsum</span> <span class='ocrx_word' id='word_1_142' title='bbox 1546 1719 1703 1768; x_wconf 81' lang='lat' dir='ltr'>etiam</span> <span class='ocrx_word' id='word_1_143' title='bbox 1726 1718 1794 1769; x_wconf 86' lang='lat' dir='ltr'>ab</span> <span class='ocrx_word' id='word_1_144' title='bbox 1816 1719 1910 1768; x_wconf 82' lang='lat' dir='ltr'>hoc</span> <span class='ocrx_word' id='word_1_145' title='bbox 1931 1718 2266 1768; x_wconf 83' lang='lat' dir='ltr'>enthusiasmi</span> <span class='ocrx_word' id='word_1_146' title='bbox 2300 1719 2627 1782; x_wconf 80' lang='lat' dir='ltr'>rapidissimo</span> <span class='ocrx_word' id='word_1_147' title='bbox 2647 1720 2737 1769; x_wconf 89' lang='lat' dir='ltr'>im-</span> 
     </span>
     <span class='ocr_line' id='line_1_17' title="bbox 543 1783 2738 1849; baseline 0.001 -16"><span class='ocrx_word' id='word_1_148' title='bbox 543 1794 670 1849; x_wconf 78' lang='lat' dir='ltr'>petu</span> <span class='ocrx_word' id='word_1_149' title='bbox 695 1787 848 1849; x_wconf 80' lang='lat' dir='ltr'>plane</span> <span class='ocrx_word' id='word_1_150' title='bbox 872 1787 1116 1848; x_wconf 85' lang='lat' dir='ltr'>alienum,</span> <span class='ocrx_word' id='word_1_151' title='bbox 1133 1801 1196 1835; x_wconf 91' lang='lat' dir='ltr'>ac</span> <span class='ocrx_word' id='word_1_152' title='bbox 1219 1786 1368 1835; x_wconf 85' lang='lat' dir='ltr'>nimis</span> <span class='ocrx_word' id='word_1_153' title='bbox 1388 1786 1612 1835; x_wconf 86' lang='lat' dir='ltr'>otiosum</span> <span class='ocrx_word' id='word_1_154' title='bbox 1636 1784 1941 1847; x_wconf 79' lang='lat' dir='ltr'>tardumque</span> <span class='ocrx_word' id='word_1_155' title='bbox 1962 1798 2168 1846; x_wconf 77' lang='lat' dir='ltr'>semper</span> <span class='ocrx_word' id='word_1_156' title='bbox 2191 1785 2351 1833; x_wconf 78' lang='lat' dir='ltr'>visum</span> <span class='ocrx_word' id='word_1_157' title='bbox 2369 1783 2558 1833; x_wconf 76' lang='lat' dir='ltr'>fuisse.</span> <span class='ocrx_word' id='word_1_158' title='bbox 2609 1786 2738 1835; x_wconf 84' lang='lat' dir='ltr'>Tum</span> 
     </span>
     <span class='ocr_line' id='line_1_18' title="bbox 544 1848 2744 1914; baseline -0 -14"><span class='ocrx_word' id='word_1_159' title='bbox 544 1864 714 1914; x_wconf 86' lang='lat' dir='ltr'>neque</span> <span class='ocrx_word' id='word_1_160' title='bbox 731 1852 795 1900; x_wconf 88' lang='lat' dir='ltr'>ad</span> <span class='ocrx_word' id='word_1_161' title='bbox 811 1851 1122 1902; x_wconf 84' lang='lat' dir='ltr'>seutentiam</span> <span class='ocrx_word' id='word_1_162' title='bbox 1140 1851 1262 1900; x_wconf 83' lang='lat' dir='ltr'>satis</span> <span class='ocrx_word' id='word_1_163' title='bbox 1276 1851 1421 1914; x_wconf 84' lang='lat' dir='ltr'>justa</span> <span class='ocrx_word' id='word_1_164' title='bbox 1438 1850 1780 1913; x_wconf 82' lang='lat' dir='ltr'>interrogatio</span> <span class='ocrx_word' id='word_1_165' title='bbox 1803 1863 1898 1914; x_wconf 80' lang='lat' dir='ltr'>per</span> <span class='ocrx_word' id='word_1_166' title='bbox 1920 1848 2370 1898; x_wconf 65' lang='lat' dir='ltr'>distributionem:</span> <span class='ocrx_word' id='word_1_167' title='bbox 2407 1850 2424 1876; x_wconf 88' lang='lat'>‘</span> <span class='ocrx_word' id='word_1_168' title='bbox 2440 1864 2562 1914; x_wconf 62' lang='lat' dir='ltr'>qun</span> <span class='ocrx_word' id='word_1_169' title='bbox 2584 1850 2636 1898; x_wconf 88' lang='lat' dir='ltr'>iu</span> <span class='ocrx_word' id='word_1_170' title='bbox 2657 1864 2744 1899; x_wconf 47' lang='lat' dir='ltr'>uei</span> 
     </span>
     <span class='ocr_line' id='line_1_19' title="bbox 539 1914 2740 1981; baseline 0 -17"><span class='ocrx_word' id='word_1_171' title='bbox 539 1929 684 1965; x_wconf 88' lang='lat' dir='ltr'>mora</span> <span class='ocrx_word' id='word_1_172' title='bbox 706 1916 858 1966; x_wconf 78' lang='lat' dir='ltr'>autin</span> <span class='ocrx_word' id='word_1_173' title='bbox 881 1930 1008 1980; x_wconf 86' lang='lat' dir='ltr'>quos</span> <span class='ocrx_word' id='word_1_174' title='bbox 1032 1916 1250 1980; x_wconf 81' lang='lat' dir='ltr'>specus?</span> <span class='ocrx_word' id='word_1_175' title='bbox 1267 1915 1282 1938; x_wconf 88' lang='grc'><strong><em>’</em></strong></span> <span class='ocrx_word' id='word_1_176' title='bbox 1348 1916 1536 1981; x_wconf 88' lang='lat' dir='ltr'>Itaque</span> <span class='ocrx_word' id='word_1_177' title='bbox 1564 1928 1594 1964; x_wconf 85' lang='lat' dir='ltr'>e</span> <span class='ocrx_word' id='word_1_178' title='bbox 1616 1928 1770 1963; x_wconf 86' lang='lat' dir='ltr'>seusu</span> <span class='ocrx_word' id='word_1_179' title='bbox 1786 1914 1947 1977; x_wconf 82' lang='lat' dir='ltr'>lyrico</span> <span class='ocrx_word' id='word_1_180' title='bbox 1971 1927 2092 1962; x_wconf 88' lang='lat' dir='ltr'>vera</span> <span class='ocrx_word' id='word_1_181' title='bbox 2116 1914 2292 1977; x_wconf 76' lang='lat' dir='ltr'>lectio,</span> <span class='ocrx_word' id='word_1_182' title='bbox 2313 1921 2365 1962; x_wconf 85' lang='lat' dir='ltr'>et</span> <span class='ocrx_word' id='word_1_183' title='bbox 2386 1915 2661 1964; x_wconf 81' lang='lat' dir='ltr'>sententiae</span> <span class='ocrx_word' id='word_1_184' title='bbox 2685 1923 2740 1965; x_wconf 86' lang='lat' dir='ltr'>et</span> 
     </span>
     <span class='ocr_line' id='line_1_20' title="bbox 543 1977 2739 2046; baseline 0 -17"><span class='ocrx_word' id='word_1_185' title='bbox 543 1978 738 2030; x_wconf 80' lang='lat' dir='ltr'>fervori</span> <span class='ocrx_word' id='word_1_186' title='bbox 763 1980 968 2045; x_wconf 66' lang='lat' dir='ltr'>poetico</span> <span class='ocrx_word' id='word_1_187' title='bbox 991 1980 1277 2045; x_wconf 78' lang='lat' dir='ltr'>aptissima,</span> <span class='ocrx_word' id='word_1_188' title='bbox 1299 1995 1453 2046; x_wconf 88' lang='lat' dir='ltr'>quam</span> <span class='ocrx_word' id='word_1_189' title='bbox 1492 1979 1641 2029; x_wconf 81' lang='lat' dir='ltr'>dedit</span> <span class='ocrx_word' id='word_1_190' title='bbox 1681 1979 1905 2040; x_wconf 78' lang='lat' dir='ltr'>Cuniug,</span> <span class='ocrx_word' id='word_1_191' title='bbox 1938 1978 2017 2043; x_wconf 89' lang='lat' dir='ltr'>(et</span> <span class='ocrx_word' id='word_1_192' title='bbox 2044 1984 2164 2041; x_wconf 84' lang='lat' dir='ltr'>post</span> <span class='ocrx_word' id='word_1_193' title='bbox 2183 1993 2300 2028; x_wconf 89' lang='lat' dir='ltr'>eum</span> <span class='ocrx_word' id='word_1_194' title='bbox 2336 1977 2484 2042; x_wconf 86' lang='lat' dir='ltr'>Jou.)</span> <span class='ocrx_word' id='word_1_195' title='bbox 2521 1994 2739 2045; x_wconf 77' lang='lat' dir='ltr'>quaeque</span> 
     </span>
     <span class='ocr_line' id='line_1_21' title="bbox 536 2043 2742 2112; baseline 0.001 -19"><span class='ocrx_word' id='word_1_196' title='bbox 536 2044 649 2107; x_wconf 87' lang='lat' dir='ltr'>jam</span> <span class='ocrx_word' id='word_1_197' title='bbox 672 2053 750 2095; x_wconf 81' lang='lat' dir='ltr'>est</span> <span class='ocrx_word' id='word_1_198' title='bbox 770 2046 823 2095; x_wconf 85' lang='lat' dir='ltr'>iu</span> <span class='ocrx_word' id='word_1_199' title='bbox 845 2060 949 2095; x_wconf 90' lang='lat' dir='ltr'>uno</span> <span class='ocrx_word' id='word_1_200' title='bbox 973 2047 1175 2097; x_wconf 84' lang='lat' dir='ltr'>Bersm.</span> <span class='ocrx_word' id='word_1_201' title='bbox 1197 2046 1487 2112; x_wconf 83' lang='lat' dir='ltr'>nostrisque</span> <span class='ocrx_word' id='word_1_202' title='bbox 1510 2044 1730 2095; x_wconf 82' lang='lat' dir='ltr'>Mentel.</span> <span class='ocrx_word' id='word_1_203' title='bbox 1757 2043 1980 2093; x_wconf 87' lang='lat' dir='ltr'>Helmst.</span> <span class='ocrx_word' id='word_1_204' title='bbox 2005 2044 2157 2094; x_wconf 87' lang='lat' dir='ltr'>Dess.</span> <span class='ocrx_word' id='word_1_205' title='bbox 2177 2047 2227 2093; x_wconf 94' lang='grc'>2.</span> <span class='ocrx_word' id='word_1_206' title='bbox 2259 2058 2364 2107; x_wconf 80' lang='lat' dir='ltr'>quoe</span> <span class='ocrx_word' id='word_1_207' title='bbox 2384 2058 2594 2106; x_wconf 75' lang='lat' dir='ltr'>nemora,</span> <span class='ocrx_word' id='word_1_208' title='bbox 2630 2061 2742 2109; x_wconf 74' lang='lat' dir='ltr'>quos</span> 
     </span>
     <span class='ocr_line' id='line_1_22' title="bbox 545 2107 2741 2173; baseline 0.001 -15"><span class='ocrx_word' id='word_1_209' title='bbox 545 2126 590 2158; x_wconf 85' lang='grc' dir='ltr'>α.</span> <span class='ocrx_word' id='word_1_210' title='bbox 611 2113 664 2159; x_wconf 78' lang='lat' dir='ltr'>in</span> <span class='ocrx_word' id='word_1_211' title='bbox 681 2125 752 2173; x_wconf 79' lang='lat' dir='ltr'>sp.</span> <span class='ocrx_word' id='word_1_212' title='bbox 822 2108 976 2160; x_wconf 80' lang='lat' dir='ltr'>Haud</span> <span class='ocrx_word' id='word_1_213' title='bbox 1001 2109 1158 2161; x_wconf 86' lang='lat' dir='ltr'>dubie</span> <span class='ocrx_word' id='word_1_214' title='bbox 1195 2110 1263 2161; x_wconf 85' lang='lat' dir='ltr'>de</span> <span class='ocrx_word' id='word_1_215' title='bbox 1297 2120 1465 2161; x_wconf 86' lang='lat' dir='ltr'>metro</span> <span class='ocrx_word' id='word_1_216' title='bbox 1498 2109 1690 2160; x_wconf 77' lang='lat' dir='ltr'><strong>soliciti</strong></span> <span class='ocrx_word' id='word_1_217' title='bbox 1709 2107 2049 2158; x_wconf 84' lang='lat' dir='ltr'>Grammatici</span> <span class='ocrx_word' id='word_1_218' title='bbox 2072 2108 2198 2157; x_wconf 88' lang='lat' dir='ltr'>illud</span> <span class='ocrx_word' id='word_1_219' title='bbox 2222 2115 2271 2158; x_wconf 84' lang='lat' dir='ltr'>et</span> <span class='ocrx_word' id='word_1_220' title='bbox 2291 2123 2333 2158; x_wconf 86' lang='lat' dir='ltr'>s.</span> <span class='ocrx_word' id='word_1_221' title='bbox 2355 2112 2441 2157; x_wconf 73' lang='lat' dir='ltr'>mat</span> <span class='ocrx_word' id='word_1_222' title='bbox 2464 2109 2741 2160; x_wconf 80' lang='lat' dir='ltr'><strong>intrusere.</strong></span> 
     </span>
     <span class='ocr_line' id='line_1_23' title="bbox 541 2173 2741 2239; baseline 0.001 -17"><span class='ocrx_word' id='word_1_223' title='bbox 541 2175 643 2223; x_wconf 86' lang='lat' dir='ltr'>Sed</span> <span class='ocrx_word' id='word_1_224' title='bbox 666 2175 769 2224; x_wconf 84' lang='lat' dir='ltr'>vid.</span> <span class='ocrx_word' id='word_1_225' title='bbox 791 2175 858 2224; x_wconf 86' lang='lat' dir='ltr'>V.</span> <span class='ocrx_word' id='word_1_226' title='bbox 881 2177 938 2225; x_wconf 82' lang='lat'>1..</span> <span class='ocrx_word' id='word_1_227' title='bbox 962 2191 1075 2239; x_wconf 81' lang='lat' dir='ltr'>sup.</span> <span class='ocrx_word' id='word_1_228' title='bbox 1095 2173 1160 2224; x_wconf 85' lang='lat' dir='ltr'>ad</span> <span class='ocrx_word' id='word_1_229' title='bbox 1187 2189 1302 2225; x_wconf 76' lang='lat' dir='ltr'>xvr.</span> <span class='ocrx_word' id='word_1_230' title='bbox 1322 2179 1402 2225; x_wconf 89' lang='grc'><strong>26.</strong></span> <span class='ocrx_word' id='word_1_231' title='bbox 1467 2174 1604 2223; x_wconf 84' lang='lat' dir='ltr'>Item</span> <span class='ocrx_word' id='word_1_232' title='bbox 1627 2173 1880 2237; x_wconf 81' lang='lat' dir='ltr'>suspicor,</span> <span class='ocrx_word' id='word_1_233' title='bbox 1902 2174 1957 2225; x_wconf 85' lang='lat' dir='ltr'>in</span> <span class='ocrx_word' id='word_1_234' title='bbox 1979 2173 2200 2236; x_wconf 82' lang='lat' dir='ltr'>plurium</span> <span class='ocrx_word' id='word_1_235' title='bbox 2225 2173 2367 2222; x_wconf 85' lang='lat' dir='ltr'>libris</span> <span class='ocrx_word' id='word_1_236' title='bbox 2393 2188 2567 2224; x_wconf 85' lang='lat' dir='ltr'>veram</span> <span class='ocrx_word' id='word_1_237' title='bbox 2592 2176 2741 2224; x_wconf 85' lang='lat' dir='ltr'>istam</span> 
     </span>
     <span class='ocr_line' id='line_1_24' title="bbox 545 2237 2741 2304; baseline 0 -16"><span class='ocrx_word' id='word_1_238' title='bbox 545 2240 821 2289; x_wconf 85' lang='lat' dir='ltr'>lectionem</span> <span class='ocrx_word' id='word_1_239' title='bbox 844 2240 1102 2303; x_wconf 82' lang='lat' dir='ltr'>extitisse,</span> <span class='ocrx_word' id='word_1_240' title='bbox 1135 2240 1225 2289; x_wconf 89' lang='lat' dir='ltr'>sed</span> <span class='ocrx_word' id='word_1_241' title='bbox 1264 2255 1364 2289; x_wconf 88' lang='lat' dir='ltr'>non</span> <span class='ocrx_word' id='word_1_242' title='bbox 1391 2240 1454 2288; x_wconf 81' lang='lat' dir='ltr'>ab</span> <span class='ocrx_word' id='word_1_243' title='bbox 1478 2239 1578 2287; x_wconf 86' lang='lat' dir='ltr'>illis</span> <span class='ocrx_word' id='word_1_244' title='bbox 1601 2247 1851 2299; x_wconf 85' lang='lat' dir='ltr'>notatam,</span> <span class='ocrx_word' id='word_1_245' title='bbox 1872 2239 1994 2304; x_wconf 83' lang='lat' dir='ltr'>quia</span> <span class='ocrx_word' id='word_1_246' title='bbox 2018 2251 2112 2300; x_wconf 85' lang='lat' dir='ltr'>pro</span> <span class='ocrx_word' id='word_1_247' title='bbox 2136 2252 2312 2287; x_wconf 86' lang='lat' dir='ltr'>errore</span> <span class='ocrx_word' id='word_1_248' title='bbox 2351 2237 2549 2289; x_wconf 84' lang='lat' dir='ltr'>librarii</span> <span class='ocrx_word' id='word_1_249' title='bbox 2588 2240 2741 2289; x_wconf 83' lang='lat' dir='ltr'>habe-</span> 
     </span>
     <span class='ocr_line' id='line_1_25' title="bbox 546 2301 2739 2366; baseline 0.002 -15"><span class='ocrx_word' id='word_1_250' title='bbox 546 2313 664 2353; x_wconf 85' lang='lat' dir='ltr'>reut</span> <span class='ocrx_word' id='word_1_251' title='bbox 700 2304 1017 2354; x_wconf 83' lang='lat' dir='ltr'>omissionem</span> <span class='ocrx_word' id='word_1_252' title='bbox 1065 2303 1364 2366; x_wconf 60' lang='lat' dir='ltr'>particulare</span> <span class='ocrx_word' id='word_1_253' title='bbox 1397 2305 1536 2354; x_wconf 74' lang='lat' dir='ltr'>Jani.</span> <span class='ocrx_word' id='word_1_254' title='bbox 1606 2305 1728 2360; x_wconf 75' lang='lat' dir='ltr'>Quoe</span> <span class='ocrx_word' id='word_1_255' title='bbox 1761 2317 1950 2352; x_wconf 76' lang='lat' dir='ltr'>nemora</span> <span class='ocrx_word' id='word_1_256' title='bbox 1998 2301 2144 2351; x_wconf 87' lang='lat' dir='ltr'>Harl.</span> <span class='ocrx_word' id='word_1_257' title='bbox 2164 2306 2214 2351; x_wconf 87' lang='grc'>3.</span> <span class='ocrx_word' id='word_1_258' title='bbox 2266 2303 2479 2365; x_wconf 85' lang='lat' dir='ltr'>Bipout.</span> <span class='ocrx_word' id='word_1_259' title='bbox 2525 2305 2739 2355; x_wconf 83' lang='lat' dir='ltr'>Mitsch.</span> 
     </span>
     <span class='ocr_line' id='line_1_26' title="bbox 545 2367 2739 2431; baseline 0.001 -15"><span class='ocrx_word' id='word_1_260' title='bbox 545 2368 782 2431; x_wconf 86' lang='lat' dir='ltr'>Francis,</span> <span class='ocrx_word' id='word_1_261' title='bbox 803 2369 1015 2419; x_wconf 78' lang='lat' dir='ltr'>Wetzel.</span> <span class='ocrx_word' id='word_1_262' title='bbox 1051 2368 1260 2419; x_wconf 85' lang='lat' dir='ltr'>Wakef.</span> <span class='ocrx_word' id='word_1_263' title='bbox 1286 2368 1446 2419; x_wconf 87' lang='lat' dir='ltr'>Kidd.</span> <span class='ocrx_word' id='word_1_264' title='bbox 1469 2375 1524 2418; x_wconf 82' lang='lat' dir='ltr'>et</span> <span class='ocrx_word' id='word_1_265' title='bbox 1548 2368 1729 2418; x_wconf 77' lang='lat' dir='ltr'>Comb-</span> <span class='ocrx_word' id='word_1_266' title='bbox 1801 2369 1920 2424; x_wconf 80' lang='lat' dir='ltr'>Quoe</span> <span class='ocrx_word' id='word_1_267' title='bbox 1940 2369 1991 2416; x_wconf 73' lang='lat' dir='ltr'>in</span> <span class='ocrx_word' id='word_1_268' title='bbox 2013 2381 2206 2417; x_wconf 81' lang='lat' dir='ltr'>nemora</span> <span class='ocrx_word' id='word_1_269' title='bbox 2228 2367 2378 2417; x_wconf 86' lang='lat' dir='ltr'>Harl.</span> <span class='ocrx_word' id='word_1_270' title='bbox 2404 2371 2451 2418; x_wconf 87' lang='lat'>1.</span> <span class='ocrx_word' id='word_1_271' title='bbox 2476 2373 2525 2418; x_wconf 85' lang='grc'>2.</span> <span class='ocrx_word' id='word_1_272' title='bbox 2545 2372 2597 2419; x_wconf 78' lang='grc'>4.</span> <span class='ocrx_word' id='word_1_273' title='bbox 2618 2376 2667 2419; x_wconf 87' lang='grc'><strong>6.</strong></span> <span class='ocrx_word' id='word_1_274' title='bbox 2690 2374 2739 2420; x_wconf 94' lang='grc'><strong>6.</strong></span> 
     </span>
     <span class='ocr_line' id='line_1_27' title="bbox 551 2432 2739 2497; baseline 0 -15"><span class='ocrx_word' id='word_1_275' title='bbox 551 2434 742 2497; x_wconf 81' lang='lat' dir='ltr'>Delph.</span> <span class='ocrx_word' id='word_1_276' title='bbox 776 2433 946 2483; x_wconf 87' lang='lat' dir='ltr'>Boud.</span> <span class='ocrx_word' id='word_1_277' title='bbox 996 2441 1050 2483; x_wconf 88' lang='lat' dir='ltr'>et</span> <span class='ocrx_word' id='word_1_278' title='bbox 1089 2435 1351 2484; x_wconf 75' lang='lat' dir='ltr'>Scurevel.</span> <span class='ocrx_word' id='word_1_279' title='bbox 1389 2442 1437 2486; x_wconf 79' lang='lat' dir='ltr'>et</span> <span class='ocrx_word' id='word_1_280' title='bbox 1477 2448 1593 2497; x_wconf 73' lang='lat' dir='ltr'>quos</span> <span class='ocrx_word' id='word_1_281' title='bbox 1625 2434 1839 2482; x_wconf 81' lang='lat' dir='ltr'>Venett.</span> <span class='ocrx_word' id='word_1_282' title='bbox 1885 2447 1971 2495; x_wconf 85' lang='lat' dir='ltr'>ap.</span> <span class='ocrx_word' id='word_1_283' title='bbox 2010 2432 2175 2481; x_wconf 87' lang='lat' dir='ltr'>Zeuu.</span> <span class='ocrx_word' id='word_1_284' title='bbox 2219 2432 2486 2483; x_wconf 83' lang='lat' dir='ltr'>Schrevel.</span> <span class='ocrx_word' id='word_1_285' title='bbox 2518 2442 2577 2482; x_wconf 88' lang='lat' dir='ltr'>et</span> <span class='ocrx_word' id='word_1_286' title='bbox 2616 2434 2739 2484; x_wconf 84' lang='lat' dir='ltr'>Gla-</span> 
     </span>
     <span class='ocr_line' id='line_1_28' title="bbox 547 2497 2740 2560; baseline 0.001 -15"><span class='ocrx_word' id='word_1_287' title='bbox 547 2512 690 2546; x_wconf 76' lang='lat' dir='ltr'>rean.</span> <span class='ocrx_word' id='word_1_288' title='bbox 736 2503 821 2546; x_wconf 72' lang='lat' dir='ltr'>aut</span> <span class='ocrx_word' id='word_1_289' title='bbox 870 2514 981 2560; x_wconf 78' lang='lat' dir='ltr'>quos</span> <span class='ocrx_word' id='word_1_290' title='bbox 1031 2499 1181 2549; x_wconf 84' lang='lat' dir='ltr'>Harl.</span> <span class='ocrx_word' id='word_1_291' title='bbox 1216 2503 1264 2548; x_wconf 87' lang='lat'>1.</span> <span class='ocrx_word' id='word_1_292' title='bbox 1298 2502 1347 2548; x_wconf 88' lang='grc'>2.</span> <span class='ocrx_word' id='word_1_293' title='bbox 1387 2501 1438 2548; x_wconf 94' lang='grc'>3.</span> <span class='ocrx_word' id='word_1_294' title='bbox 1481 2503 1531 2548; x_wconf 80' lang='grc'>4.</span> <span class='ocrx_word' id='word_1_295' title='bbox 1563 2503 1612 2547; x_wconf 91' lang='grc'><strong>6.</strong></span> <span class='ocrx_word' id='word_1_296' title='bbox 1653 2503 1703 2548; x_wconf 88' lang='grc'><strong>6.</strong></span> <span class='ocrx_word' id='word_1_297' title='bbox 1754 2497 1948 2557; x_wconf 74' lang='lat' dir='ltr'>Delph.</span> <span class='ocrx_word' id='word_1_298' title='bbox 2001 2497 2217 2547; x_wconf 83' lang='lat' dir='ltr'>Mitsch.</span> <span class='ocrx_word' id='word_1_299' title='bbox 2268 2497 2485 2552; x_wconf 77' lang='lat' dir='ltr'>Wetzel.</span> <span class='ocrx_word' id='word_1_300' title='bbox 2534 2497 2740 2548; x_wconf 85' lang='lat' dir='ltr'>Wakef.</span> 
     </span>
     <span class='ocr_line' id='line_1_29' title="bbox 547 2560 2739 2627; baseline 0.001 -17"><span class='ocrx_word' id='word_1_301' title='bbox 547 2561 708 2611; x_wconf 86' lang='lat' dir='ltr'>Kidd.</span> <span class='ocrx_word' id='word_1_302' title='bbox 758 2568 815 2610; x_wconf 88' lang='lat' dir='ltr'>et</span> <span class='ocrx_word' id='word_1_303' title='bbox 867 2563 1044 2614; x_wconf 87' lang='lat' dir='ltr'>Comb.</span> <span class='ocrx_word' id='word_1_304' title='bbox 1130 2563 1563 2627; x_wconf 76' lang='lat' dir='ltr'>conjunctionem</span> <span class='ocrx_word' id='word_1_305' title='bbox 1618 2560 1799 2612; x_wconf 84' lang='lat' dir='ltr'>delent</span> <span class='ocrx_word' id='word_1_306' title='bbox 1841 2561 2064 2610; x_wconf 82' lang='lat' dir='ltr'>-Fraucis</span> <span class='ocrx_word' id='word_1_307' title='bbox 2108 2571 2170 2610; x_wconf 85' lang='lat' dir='ltr'>et</span> <span class='ocrx_word' id='word_1_308' title='bbox 2220 2561 2438 2625; x_wconf 86' lang='lat' dir='ltr'>Bipont.</span> <span class='ocrx_word' id='word_1_309' title='bbox 2493 2563 2640 2627; x_wconf 82' lang='lat' dir='ltr'>Lips.</span> <span class='ocrx_word' id='word_1_310' title='bbox 2693 2568 2739 2614; x_wconf 82' lang='grc'>2.</span> 
     </span>
     <span class='ocr_line' id='line_1_30' title="bbox 546 2626 2742 2692; baseline -0.001 -15"><span class='ocrx_word' id='word_1_311' title='bbox 546 2641 666 2688; x_wconf 79' lang='lat' dir='ltr'>agor</span> <span class='ocrx_word' id='word_1_312' title='bbox 710 2641 826 2679; x_wconf 86' lang='lat' dir='ltr'>cum</span> <span class='ocrx_word' id='word_1_313' title='bbox 877 2629 1273 2692; x_wconf 82' lang='lat' dir='ltr'>superapposito</span> <span class='ocrx_word' id='word_1_314' title='bbox 1315 2632 1456 2678; x_wconf 84' lang='lat' dir='ltr'>o.-5</span> <span class='ocrx_word' id='word_1_315' title='bbox 1503 2628 1588 2676; x_wconf 89' lang='lat' dir='ltr'>Du</span> <span class='ocrx_word' id='word_1_316' title='bbox 1632 2626 1821 2677; x_wconf 84' lang='lat' dir='ltr'>Hamel</span> <span class='ocrx_word' id='word_1_317' title='bbox 1864 2626 2068 2676; x_wconf 87' lang='lat' dir='ltr'>emend.</span> <span class='ocrx_word' id='word_1_318' title='bbox 2123 2627 2377 2677; x_wconf 80' lang='lat' dir='ltr'>AEternum</span> <span class='ocrx_word' id='word_1_319' title='bbox 2418 2629 2742 2678; x_wconf 74' lang='lat' dir='ltr'>modulans.—</span> 
     </span>
     <span class='ocr_line' id='line_1_31' title="bbox 546 2689 2741 2758; baseline 0.002 -20"><span class='ocrx_word' id='word_1_320' title='bbox 546 2696 579 2738; x_wconf 83' lang='lat'>6</span> <span class='ocrx_word' id='word_1_321' title='bbox 613 2699 626 2720; x_wconf 81' lang='lat'>⁸</span> <span class='ocrx_word' id='word_1_322' title='bbox 651 2691 757 2741; x_wconf 85' lang='lat' dir='ltr'>Alii</span> <span class='ocrx_word' id='word_1_323' title='bbox 811 2693 1022 2755; x_wconf 75' lang='lat' dir='ltr'>consilio,</span> <span class='ocrx_word' id='word_1_324' title='bbox 1076 2692 1213 2758; x_wconf 85' lang='lat' dir='ltr'>quod</span> <span class='ocrx_word' id='word_1_325' title='bbox 1254 2689 1689 2742; x_wconf 79' lang='lat' dir='ltr'>accommodatius</span> <span class='ocrx_word' id='word_1_326' title='bbox 1727 2704 1841 2740; x_wconf 86' lang='lat' dir='ltr'>esse</span> <span class='ocrx_word' id='word_1_327' title='bbox 1885 2689 2108 2756; x_wconf 65' lang='lat' dir='ltr'>videtur3</span> <span class='ocrx_word' id='word_1_328' title='bbox 2142 2705 2242 2740; x_wconf 86' lang='lat' dir='ltr'>nou</span> <span class='ocrx_word' id='word_1_329' title='bbox 2292 2699 2511 2756; x_wconf 81' lang='lat' dir='ltr'>propter</span> <span class='ocrx_word' id='word_1_330' title='bbox 2548 2692 2741 2757; x_wconf 83' lang='lat' dir='ltr'>AEgyp-</span> 
     </span>
     <span class='ocr_line' id='line_1_32' title="bbox 547 2754 2745 2820; baseline 0.001 -16"><span class='ocrx_word' id='word_1_331' title='bbox 547 2758 671 2805; x_wconf 86' lang='lat' dir='ltr'>tiam</span> <span class='ocrx_word' id='word_1_332' title='bbox 710 2755 936 2806; x_wconf 83' lang='lat' dir='ltr'>fabulam</span> <span class='ocrx_word' id='word_1_333' title='bbox 978 2772 1008 2804; x_wconf 87' lang='lat' dir='ltr'>a</span> <span class='ocrx_word' id='word_1_334' title='bbox 1046 2758 1276 2806; x_wconf 84' lang='lat' dir='ltr'>Baxtero</span> <span class='ocrx_word' id='word_1_335' title='bbox 1312 2764 1668 2817; x_wconf 85' lang='lat' dir='ltr'>memoratam,</span> <span class='ocrx_word' id='word_1_336' title='bbox 1691 2755 1793 2813; x_wconf 66' lang='lat' dir='ltr'>,sed</span> <span class='ocrx_word' id='word_1_337' title='bbox 1834 2754 1955 2820; x_wconf 86' lang='lat' dir='ltr'>quia</span> <span class='ocrx_word' id='word_1_338' title='bbox 1995 2755 2144 2807; x_wconf 84' lang='lat' dir='ltr'>Jovis</span> <span class='ocrx_word' id='word_1_339' title='bbox 2180 2756 2449 2805; x_wconf 86' lang='lat' dir='ltr'>consilium</span> <span class='ocrx_word' id='word_1_340' title='bbox 2486 2755 2561 2806; x_wconf 88' lang='lat' dir='ltr'>ibi</span> <span class='ocrx_word' id='word_1_341' title='bbox 2597 2757 2745 2806; x_wconf 83' lang='lat' dir='ltr'>habe-</span> 
     </span>
     <span class='ocr_line' id='line_1_33' title="bbox 547 2820 2740 2888; baseline 0.001 -19"><span class='ocrx_word' id='word_1_342' title='bbox 547 2821 668 2870; x_wconf 87' lang='lat' dir='ltr'>tur.&#39;</span> <span class='ocrx_word' id='word_1_343' title='bbox 701 2821 957 2885; x_wconf 72' lang='lat' dir='ltr'>Heynead</span> <span class='ocrx_word' id='word_1_344' title='bbox 988 2821 1128 2882; x_wconf 73' lang='lat' dir='ltr'>virg.</span> <span class='ocrx_word' id='word_1_345' title='bbox 1156 2823 1332 2884; x_wconf 80' lang='lat' dir='ltr'>Georg.</span> <span class='ocrx_word' id='word_1_346' title='bbox 1358 2834 1398 2871; x_wconf 84' lang='lat'>1.</span> <span class='ocrx_word' id='word_1_347' title='bbox 1419 2825 1502 2870; x_wconf 87' lang='grc'><strong>26.</strong></span> <span class='ocrx_word' id='word_1_348' title='bbox 1537 2821 1729 2870; x_wconf 74' lang='lat' dir='ltr'>consilio</span> <span class='ocrx_word' id='word_1_349' title='bbox 1765 2820 2053 2870; x_wconf 81' lang='lat' dir='ltr'>comment.</span> <span class='ocrx_word' id='word_1_350' title='bbox 2095 2827 2149 2869; x_wconf 85' lang='lat' dir='ltr'>et</span> <span class='ocrx_word' id='word_1_351' title='bbox 2187 2820 2336 2870; x_wconf 82' lang='lat' dir='ltr'>codd.</span> <span class='ocrx_word' id='word_1_352' title='bbox 2373 2835 2551 2870; x_wconf 87' lang='lat' dir='ltr'>omnes</span> <span class='ocrx_word' id='word_1_353' title='bbox 2590 2824 2740 2888; x_wconf 85' lang='lat' dir='ltr'>Cruq.</span> 
     </span>
     <span class='ocr_line' id='line_1_34' title="bbox 549 2885 2741 2950; baseline 0.002 -17"><span class='ocrx_word' id='word_1_354' title='bbox 549 2886 724 2947; x_wconf 78' lang='lat' dir='ltr'>plures</span> <span class='ocrx_word' id='word_1_355' title='bbox 768 2887 1008 2936; x_wconf 88' lang='lat' dir='ltr'>Torrent.</span> <span class='ocrx_word' id='word_1_356' title='bbox 1045 2888 1267 2937; x_wconf 85' lang='lat' dir='ltr'>Mentel.</span> <span class='ocrx_word' id='word_1_357' title='bbox 1307 2887 1458 2935; x_wconf 85' lang='lat' dir='ltr'>Fran.</span> <span class='ocrx_word' id='word_1_358' title='bbox 1488 2886 1713 2937; x_wconf 73' lang='lat' dir='ltr'>Heium.</span> <span class='ocrx_word' id='word_1_359' title='bbox 1753 2886 1895 2949; x_wconf 73' lang='lat' dir='ltr'>Lips-</span> <span class='ocrx_word' id='word_1_360' title='bbox 1936 2890 1983 2935; x_wconf 87' lang='lat'>1.</span> <span class='ocrx_word' id='word_1_361' title='bbox 2018 2888 2071 2934; x_wconf 88' lang='grc'>2.</span> <span class='ocrx_word' id='word_1_362' title='bbox 2106 2888 2156 2933; x_wconf 92' lang='grc'>3.</span> <span class='ocrx_word' id='word_1_363' title='bbox 2205 2885 2376 2949; x_wconf 82' lang='lat' dir='ltr'>(Lips.</span> <span class='ocrx_word' id='word_1_364' title='bbox 2410 2890 2461 2935; x_wconf 75' lang='lat'>4.</span> <span class='ocrx_word' id='word_1_365' title='bbox 2496 2888 2741 2950; x_wconf 76' lang='lat' dir='ltr'>conscilio)</span> 
     </span>
     <span class='ocr_line' id='line_1_35' title="bbox 547 2948 2742 3014; baseline 0 -15"><span class='ocrx_word' id='word_1_366' title='bbox 547 2951 767 3001; x_wconf 85' lang='lat' dir='ltr'>Venett.</span> <span class='ocrx_word' id='word_1_367' title='bbox 791 2954 936 3001; x_wconf 86' lang='grc'><strong>1478.</strong></span> <span class='ocrx_word' id='word_1_368' title='bbox 960 2955 1101 3001; x_wconf 78' lang='lat'><strong>1492.</strong></span> <span class='ocrx_word' id='word_1_369' title='bbox 1116 2953 1342 3002; x_wconf 82' lang='lat' dir='ltr'>Locher.</span> <span class='ocrx_word' id='word_1_370' title='bbox 1364 2951 1520 3000; x_wconf 86' lang='lat' dir='ltr'>Basil.</span> <span class='ocrx_word' id='word_1_371' title='bbox 1544 2955 1689 2999; x_wconf 85' lang='grc'><strong>1666.</strong></span> <span class='ocrx_word' id='word_1_372' title='bbox 1713 2954 1827 3000; x_wconf 84' lang='grc'><strong>680.</strong></span> <span class='ocrx_word' id='word_1_373' title='bbox 1848 2948 2011 3001; x_wconf 79' lang='lat' dir='ltr'>Laud.</span> <span class='ocrx_word' id='word_1_374' title='bbox 2030 2951 2181 3000; x_wconf 84' lang='lat' dir='ltr'>Torr.</span> <span class='ocrx_word' id='word_1_375' title='bbox 2207 2951 2365 3014; x_wconf 85' lang='lat' dir='ltr'>Cruq.</span> <span class='ocrx_word' id='word_1_376' title='bbox 2385 2949 2541 2999; x_wconf 76' lang='lat' dir='ltr'>Baxt.</span> <span class='ocrx_word' id='word_1_377' title='bbox 2560 2953 2647 3003; x_wconf 89' lang='lat' dir='ltr'>ed.</span> <span class='ocrx_word' id='word_1_378' title='bbox 2667 2966 2742 3014; x_wconf 76' lang='lat' dir='ltr'>pr.</span> 
     </span>
     <span class='ocr_line' id='line_1_36' title="bbox 547 3013 2743 3081; baseline 0.001 -18"><span class='ocrx_word' id='word_1_379' title='bbox 547 3016 748 3064; x_wconf 75' lang='lat' dir='ltr'>concilio</span> <span class='ocrx_word' id='word_1_380' title='bbox 766 3014 913 3066; x_wconf 82' lang='lat' dir='ltr'><strong>Harl.</strong></span> <span class='ocrx_word' id='word_1_381' title='bbox 933 3019 980 3064; x_wconf 88' lang='lat' dir='ltr'>l.</span> <span class='ocrx_word' id='word_1_382' title='bbox 1003 3020 1052 3065; x_wconf 87' lang='grc'>2.</span> <span class='ocrx_word' id='word_1_383' title='bbox 1073 3020 1123 3065; x_wconf 83' lang='grc'>3.</span> <span class='ocrx_word' id='word_1_384' title='bbox 1148 3023 1195 3068; x_wconf 77' lang='grc'>4.</span> <span class='ocrx_word' id='word_1_385' title='bbox 1216 3023 1263 3066; x_wconf 86' lang='grc'>5.</span> <span class='ocrx_word' id='word_1_386' title='bbox 1285 3021 1336 3065; x_wconf 87' lang='grc'><strong>6.</strong></span> <span class='ocrx_word' id='word_1_387' title='bbox 1370 3016 1476 3076; x_wconf 79' lang='lat' dir='ltr'>alii,</span> <span class='ocrx_word' id='word_1_388' title='bbox 1493 3029 1612 3063; x_wconf 86' lang='lat' dir='ltr'>cum</span> <span class='ocrx_word' id='word_1_389' title='bbox 1637 3013 1754 3064; x_wconf 88' lang='lat' dir='ltr'>edd.</span> <span class='ocrx_word' id='word_1_390' title='bbox 1779 3013 1946 3063; x_wconf 87' lang='lat' dir='ltr'>Boud.</span> <span class='ocrx_word' id='word_1_391' title='bbox 1973 3013 2162 3077; x_wconf 81' lang='lat' dir='ltr'>Delph.</span> <span class='ocrx_word' id='word_1_392' title='bbox 2186 3013 2447 3065; x_wconf 85' lang='lat' dir='ltr'>Schrevel.</span> <span class='ocrx_word' id='word_1_393' title='bbox 2480 3015 2621 3081; x_wconf 85' lang='lat' dir='ltr'>Jaui,</span> <span class='ocrx_word' id='word_1_394' title='bbox 2655 3017 2743 3065; x_wconf 90' lang='lat' dir='ltr'>Bi-</span> 
     </span>
     <span class='ocr_line' id='line_1_37' title="bbox 550 3077 2744 3142; baseline 0 -14"><span class='ocrx_word' id='word_1_395' title='bbox 550 3088 695 3142; x_wconf 84' lang='lat' dir='ltr'>pout.</span> <span class='ocrx_word' id='word_1_396' title='bbox 717 3079 929 3128; x_wconf 85' lang='lat' dir='ltr'>Mitsch.</span> <span class='ocrx_word' id='word_1_397' title='bbox 948 3078 1169 3132; x_wconf 85' lang='lat' dir='ltr'>Wetzel.</span> <span class='ocrx_word' id='word_1_398' title='bbox 1186 3079 1390 3130; x_wconf 81' lang='lat' dir='ltr'>Wakcf.</span> <span class='ocrx_word' id='word_1_399' title='bbox 1407 3080 1637 3141; x_wconf 82' lang='lat' dir='ltr'>Francis,</span> <span class='ocrx_word' id='word_1_400' title='bbox 1654 3079 1834 3129; x_wconf 87' lang='lat' dir='ltr'>Comb.</span> <span class='ocrx_word' id='word_1_401' title='bbox 1858 3088 1914 3129; x_wconf 89' lang='lat' dir='ltr'>et</span> <span class='ocrx_word' id='word_1_402' title='bbox 1938 3077 2098 3130; x_wconf 86' lang='lat' dir='ltr'>Kidd.</span> <span class='ocrx_word' id='word_1_403' title='bbox 2127 3080 2142 3106; x_wconf 91' lang='lat'>‘</span> <span class='ocrx_word' id='word_1_404' title='bbox 2166 3079 2475 3128; x_wconf 77' lang='lat' dir='ltr'>Habuerunt</span> <span class='ocrx_word' id='word_1_405' title='bbox 2497 3080 2634 3130; x_wconf 85' lang='lat' dir='ltr'>haud</span> <span class='ocrx_word' id='word_1_406' title='bbox 2652 3081 2744 3129; x_wconf 88' lang='lat' dir='ltr'>du·</span> 
     </span>
     <span class='ocr_line' id='line_1_38' title="bbox 546 3143 2743 3210; baseline 0.001 -18"><span class='ocrx_word' id='word_1_407' title='bbox 546 3143 634 3192; x_wconf 87' lang='lat' dir='ltr'>bie</span> <span class='ocrx_word' id='word_1_408' title='bbox 654 3150 712 3193; x_wconf 86' lang='lat' dir='ltr'>et</span> <span class='ocrx_word' id='word_1_409' title='bbox 734 3145 882 3192; x_wconf 84' lang='lat' dir='ltr'>multi</span> <span class='ocrx_word' id='word_1_410' title='bbox 904 3143 1021 3193; x_wconf 82' lang='lat' dir='ltr'>libri</span> <span class='ocrx_word' id='word_1_411' title='bbox 1051 3145 1225 3197; x_wconf 74' lang='lat' dir='ltr'>bamb.</span> <span class='ocrx_word' id='word_1_412' title='bbox 1248 3155 1303 3196; x_wconf 90' lang='lat' dir='ltr'>et</span> <span class='ocrx_word' id='word_1_413' title='bbox 1321 3144 1493 3194; x_wconf 86' lang='lat' dir='ltr'>Bentl.</span> <span class='ocrx_word' id='word_1_414' title='bbox 1525 3144 1737 3206; x_wconf 76' lang='lat' dir='ltr'>consilio,</span> <span class='ocrx_word' id='word_1_415' title='bbox 1760 3143 1853 3192; x_wconf 87' lang='lat' dir='ltr'>sed</span> <span class='ocrx_word' id='word_1_416' title='bbox 1874 3143 2218 3206; x_wconf 83' lang='lat' dir='ltr'>neglexerunt</span> <span class='ocrx_word' id='word_1_417' title='bbox 2242 3144 2336 3193; x_wconf 87' lang='lat' dir='ltr'>viri</span> <span class='ocrx_word' id='word_1_418' title='bbox 2355 3145 2518 3194; x_wconf 85' lang='lat' dir='ltr'>docti.</span> <span class='ocrx_word' id='word_1_419' title='bbox 2589 3145 2743 3210; x_wconf 86' lang='lat' dir='ltr'>Equi-</span> 
     </span>
     <span class='ocr_line' id='line_1_39' title="bbox 550 3207 2745 3276; baseline 0.001 -20"><span class='ocrx_word' id='word_1_420' title='bbox 550 3207 667 3258; x_wconf 88' lang='lat' dir='ltr'>dem</span> <span class='ocrx_word' id='word_1_421' title='bbox 691 3208 966 3259; x_wconf 82' lang='lat' dir='ltr'>lectionem</span> <span class='ocrx_word' id='word_1_422' title='bbox 991 3209 1122 3259; x_wconf 81' lang='lat' dir='ltr'>hanc</span> <span class='ocrx_word' id='word_1_423' title='bbox 1156 3211 1376 3276; x_wconf 86' lang='lat' dir='ltr'>priscam</span> <span class='ocrx_word' id='word_1_424' title='bbox 1416 3209 1759 3258; x_wconf 82' lang='lat' dir='ltr'>revocandam</span> <span class='ocrx_word' id='word_1_425' title='bbox 1793 3209 1970 3257; x_wconf 87' lang='lat' dir='ltr'>censui</span> <span class='ocrx_word' id='word_1_426' title='bbox 2011 3223 2106 3271; x_wconf 84' lang='lat' dir='ltr'>pro</span> <span class='ocrx_word' id='word_1_427' title='bbox 2145 3209 2356 3272; x_wconf 80' lang='lat' dir='ltr'>vulgata</span> <span class='ocrx_word' id='word_1_428' title='bbox 2391 3210 2605 3274; x_wconf 72' lang='lat' dir='ltr'>concilio,</span> <span class='ocrx_word' id='word_1_429' title='bbox 2627 3211 2745 3275; x_wconf 85' lang='lat' dir='ltr'>quia</span> 
     </span>
     <span class='ocr_line' id='line_1_40' title="bbox 546 3272 2748 3337; baseline 0.002 -16"><span class='ocrx_word' id='word_1_430' title='bbox 546 3272 654 3334; x_wconf 78' lang='lat' dir='ltr'>illa,</span> <span class='ocrx_word' id='word_1_431' title='bbox 677 3280 872 3337; x_wconf 82' lang='lat' dir='ltr'>praeter</span> <span class='ocrx_word' id='word_1_432' title='bbox 892 3280 1086 3324; x_wconf 84' lang='lat' dir='ltr'>tantam</span> <span class='ocrx_word' id='word_1_433' title='bbox 1106 3290 1136 3325; x_wconf 89' lang='lat' dir='ltr'>e</span> <span class='ocrx_word' id='word_1_434' title='bbox 1159 3275 1311 3325; x_wconf 83' lang='lat' dir='ltr'>codd.</span> <span class='ocrx_word' id='word_1_435' title='bbox 1335 3274 1718 3335; x_wconf 86' lang='lat' dir='ltr'>auctoritatem,</span> <span class='ocrx_word' id='word_1_436' title='bbox 1739 3280 1810 3323; x_wconf 76' lang='lat' dir='ltr'>et</span> <span class='ocrx_word' id='word_1_437' title='bbox 1844 3272 2048 3331; x_wconf 76' lang='lat' dir='ltr'>doctior</span> <span class='ocrx_word' id='word_1_438' title='bbox 2083 3280 2184 3333; x_wconf 79' lang='lat' dir='ltr'>est,</span> <span class='ocrx_word' id='word_1_439' title='bbox 2218 3283 2275 3323; x_wconf 87' lang='lat' dir='ltr'>et</span> <span class='ocrx_word' id='word_1_440' title='bbox 2305 3273 2676 3336; x_wconf 75' lang='lat' dir='ltr'>sublimiorem,</span> <span class='ocrx_word' id='word_1_441' title='bbox 2703 3276 2748 3325; x_wconf 79' lang='lat' dir='ltr'>si·</span> 
     </span>
     <span class='ocr_line' id='line_1_41' title="bbox 547 3335 2742 3404; baseline 0.002 -19"><span class='ocrx_word' id='word_1_442' title='bbox 547 3337 671 3400; x_wconf 86' lang='lat' dir='ltr'>quid</span> <span class='ocrx_word' id='word_1_443' title='bbox 695 3337 862 3398; x_wconf 81' lang='lat' dir='ltr'>video,</span> <span class='ocrx_word' id='word_1_444' title='bbox 883 3339 1049 3389; x_wconf 84' lang='lat' dir='ltr'>ideam</span> <span class='ocrx_word' id='word_1_445' title='bbox 1076 3339 1296 3404; x_wconf 81' lang='lat' dir='ltr'>praebet.</span> <span class='ocrx_word' id='word_1_446' title='bbox 1365 3341 1498 3389; x_wconf 82' lang='lat' dir='ltr'>Nam</span> <span class='ocrx_word' id='word_1_447' title='bbox 1534 3338 1775 3391; x_wconf 67' lang='lat' dir='ltr'>consilinm</span> <span class='ocrx_word' id='word_1_448' title='bbox 1816 3336 1875 3403; x_wconf 81' lang='grc' dir='ltr'>(ἦ</span> <span class='ocrx_word' id='word_1_449' title='bbox 1905 3335 2110 3402; x_wconf 54' lang='lat' dir='ltr'>Bonam)</span> <span class='ocrx_word' id='word_1_450' title='bbox 2141 3337 2309 3399; x_wconf 84' lang='lat' dir='ltr'>Jovis,</span> <span class='ocrx_word' id='word_1_451' title='bbox 2327 3352 2596 3403; x_wconf 81' lang='lat' dir='ltr'>supremos</span> <span class='ocrx_word' id='word_1_452' title='bbox 2628 3341 2742 3389; x_wconf 86' lang='lat' dir='ltr'>illos</span> 
     </span>
     <span class='ocr_line' id='line_1_42' title="bbox 547 3403 2742 3468; baseline 0 -16"><span class='ocrx_word' id='word_1_453' title='bbox 547 3403 800 3468; x_wconf 67' lang='lat' dir='ltr'>coelestes,</span> <span class='ocrx_word' id='word_1_454' title='bbox 821 3403 910 3467; x_wconf 82' lang='lat' dir='ltr'>qui</span> <span class='ocrx_word' id='word_1_455' title='bbox 932 3403 979 3452; x_wconf 87' lang='lat' dir='ltr'>ei</span> <span class='ocrx_word' id='word_1_456' title='bbox 1003 3403 1057 3452; x_wconf 88' lang='lat' dir='ltr'>iu</span> <span class='ocrx_word' id='word_1_457' title='bbox 1079 3419 1248 3454; x_wconf 89' lang='lat' dir='ltr'>rerum</span> <span class='ocrx_word' id='word_1_458' title='bbox 1273 3403 1722 3454; x_wconf 78' lang='lat' dir='ltr'>administratione</span> <span class='ocrx_word' id='word_1_459' title='bbox 1746 3416 2027 3451; x_wconf 78' lang='lat' dir='ltr'>assessores</span> <span class='ocrx_word' id='word_1_460' title='bbox 2046 3412 2167 3453; x_wconf 86' lang='lat' dir='ltr'>sunt</span> <span class='ocrx_word' id='word_1_461' title='bbox 2183 3411 2242 3453; x_wconf 85' lang='lat' dir='ltr'>et</span> <span class='ocrx_word' id='word_1_462' title='bbox 2261 3404 2562 3467; x_wconf 85' lang='lat' dir='ltr'>consiliarii,</span> <span class='ocrx_word' id='word_1_463' title='bbox 2581 3405 2742 3468; x_wconf 79' lang='lat' dir='ltr'>desig·</span> 
     </span>
     <span class='ocr_line' id='line_1_43' title="bbox 547 3466 2741 3532; baseline 0.002 -18"><span class='ocrx_word' id='word_1_464' title='bbox 547 3474 672 3528; x_wconf 80' lang='lat' dir='ltr'>nat3</span> <span class='ocrx_word' id='word_1_465' title='bbox 707 3483 824 3532; x_wconf 82' lang='lat' dir='ltr'>quae</span> <span class='ocrx_word' id='word_1_466' title='bbox 848 3470 992 3518; x_wconf 86' lang='lat' dir='ltr'>notio</span> <span class='ocrx_word' id='word_1_467' title='bbox 1015 3469 1066 3517; x_wconf 87' lang='lat' dir='ltr'>iu</span> <span class='ocrx_word' id='word_1_468' title='bbox 1087 3470 1284 3520; x_wconf 74' lang='lat' dir='ltr'>concilio</span> <span class='ocrx_word' id='word_1_469' title='bbox 1307 3483 1410 3518; x_wconf 89' lang='lat' dir='ltr'>uon</span> <span class='ocrx_word' id='word_1_470' title='bbox 1434 3471 1588 3518; x_wconf 86' lang='lat' dir='ltr'>inest.</span> <span class='ocrx_word' id='word_1_471' title='bbox 1615 3468 1720 3517; x_wconf 81' lang='lat' dir='ltr'>vid.</span> <span class='ocrx_word' id='word_1_472' title='bbox 1739 3467 1900 3517; x_wconf 82' lang='lat' dir='ltr'>Gesn.</span> <span class='ocrx_word' id='word_1_473' title='bbox 1923 3466 2078 3517; x_wconf 86' lang='lat' dir='ltr'>Thes.</span> <span class='ocrx_word' id='word_1_474' title='bbox 2110 3474 2166 3517; x_wconf 85' lang='lat' dir='ltr'>et</span> <span class='ocrx_word' id='word_1_475' title='bbox 2200 3469 2406 3518; x_wconf 88' lang='lat' dir='ltr'>Ernest.</span> <span class='ocrx_word' id='word_1_476' title='bbox 2441 3469 2521 3518; x_wconf 88' lang='lat' dir='ltr'>Cl.</span> <span class='ocrx_word' id='word_1_477' title='bbox 2556 3469 2669 3520; x_wconf 88' lang='lat' dir='ltr'>Cic.</span> <span class='ocrx_word' id='word_1_478' title='bbox 2691 3483 2741 3519; x_wconf 74' lang='lat' dir='ltr'>V.</span> 
     </span>
     <span class='ocr_line' id='line_1_44' title="bbox 547 3531 2745 3598; baseline 0.001 -17"><span class='ocrx_word' id='word_1_479' title='bbox 547 3533 810 3583; x_wconf 77' lang='lat' dir='ltr'>consilium.</span> <span class='ocrx_word' id='word_1_480' title='bbox 875 3533 1167 3598; x_wconf 76' lang='lat' dir='ltr'>Saepissime</span> <span class='ocrx_word' id='word_1_481' title='bbox 1191 3550 1224 3584; x_wconf 87' lang='lat' dir='ltr'>a</span> <span class='ocrx_word' id='word_1_482' title='bbox 1244 3532 1468 3584; x_wconf 86' lang='lat' dir='ltr'>librariis</span> <span class='ocrx_word' id='word_1_483' title='bbox 1492 3531 1788 3598; x_wconf 81' lang='lat' dir='ltr'>permutata</span> <span class='ocrx_word' id='word_1_484' title='bbox 1809 3531 2054 3581; x_wconf 68' lang='lat' dir='ltr'>consilium</span> <span class='ocrx_word' id='word_1_485' title='bbox 2076 3539 2132 3582; x_wconf 87' lang='lat' dir='ltr'>et</span> <span class='ocrx_word' id='word_1_486' title='bbox 2162 3532 2427 3596; x_wconf 78' lang='lat' dir='ltr'>concilium,</span> <span class='ocrx_word' id='word_1_487' title='bbox 2451 3540 2512 3582; x_wconf 89' lang='lat' dir='ltr'>ut</span> <span class='ocrx_word' id='word_1_488' title='bbox 2531 3532 2745 3594; x_wconf 59' lang='lat' dir='ltr'>notin?</span> 
     </span>
    </p>
   </div>
   <div class='ocr_carea' id='block_1_8' title="bbox 549 3726 2752 4322">
    <p class='ocr_par' dir='ltr' id='par_1_8' title="bbox 549 3726 2752 4322">
     <span class='ocr_line' id='line_1_45' title="bbox 613 3726 2744 3794; baseline 0.001 -20"><span class='ocrx_word' id='word_1_489' title='bbox 613 3729 644 3774; x_wconf 87' lang='grc'><strong>3</strong></span> <span class='ocrx_word' id='word_1_490' title='bbox 666 3726 1606 3790; x_wconf 64' lang='lat' dir='ltr'>Mentem11-Diviuo·iustiuctu,di=-</span> <span class='ocrx_word' id='word_1_491' title='bbox 1686 3743 1795 3791; x_wconf 76' lang='lat' dir='ltr'>sus,</span> <span class='ocrx_word' id='word_1_492' title='bbox 1823 3726 2024 3794; x_wconf 61' lang='lat' dir='ltr'>gquibus</span> <span class='ocrx_word' id='word_1_493' title='bbox 2066 3727 2211 3778; x_wconf 87' lang='lat' dir='ltr'>illum</span> <span class='ocrx_word' id='word_1_494' title='bbox 2249 3727 2383 3777; x_wconf 83' lang='lat' dir='ltr'>coelo</span> <span class='ocrx_word' id='word_1_495' title='bbox 2426 3728 2744 3778; x_wconf 73' lang='lat' dir='ltr'>consecrem.</span> 
     </span>
     <span class='ocr_line' id='line_1_46' title="bbox 549 3799 2746 3868; baseline 0 -17"><span class='ocrx_word' id='word_1_496' title='bbox 549 3801 703 3851; x_wconf 86' lang='lat' dir='ltr'>cendi</span> <span class='ocrx_word' id='word_1_497' title='bbox 742 3799 994 3852; x_wconf 79' lang='lat' dir='ltr'>facultate</span> <span class='ocrx_word' id='word_1_498' title='bbox 1044 3803 1314 3868; x_wconf 83' lang='lat' dir='ltr'>plusquam</span> <span class='ocrx_word' id='word_1_499' title='bbox 1340 3803 1605 3853; x_wconf 85' lang='lat' dir='ltr'>.humaua.</span> <span class='ocrx_word' id='word_1_500' title='bbox 1685 3802 1822 3852; x_wconf 79' lang='lat' dir='ltr'>Vide</span> <span class='ocrx_word' id='word_1_501' title='bbox 1844 3816 2001 3867; x_wconf 82' lang='lat' dir='ltr'>supra</span> <span class='ocrx_word' id='word_1_502' title='bbox 2023 3801 2128 3852; x_wconf 81' lang='lat' dir='ltr'>od.</span> <span class='ocrx_word' id='word_1_503' title='bbox 2151 3815 2204 3851; x_wconf 79' lang='lat' dir='ltr'>v.</span> <span class='ocrx_word' id='word_1_504' title='bbox 2239 3802 2452 3866; x_wconf 72' lang='lat' dir='ltr'>Sti-oph.</span> <span class='ocrx_word' id='word_1_505' title='bbox 2484 3807 2538 3853; x_wconf 88' lang='lat'>1.</span> <span class='ocrx_word' id='word_1_506' title='bbox 2568 3801 2746 3867; x_wconf 84' lang='lat' dir='ltr'>ibique</span> 
     </span>
     <span class='ocr_line' id='line_1_47' title="bbox 549 3875 2314 3948; baseline 0.002 -24"><span class='ocrx_word' id='word_1_507' title='bbox 549 3875 808 3939; x_wconf 77' lang='lat' dir='ltr'>Advorte,</span> <span class='ocrx_word' id='word_1_508' title='bbox 829 3878 1083 3927; x_wconf 81' lang='lat' dir='ltr'>.studiose</span> <span class='ocrx_word' id='word_1_509' title='bbox 1130 3878 1338 3933; x_wconf 84' lang='lat' dir='ltr'>Lector.</span> <span class='ocrx_word' id='word_1_510' title='bbox 1391 3878 1606 3935; x_wconf 80' lang='lat' dir='ltr'>incisam</span> <span class='ocrx_word' id='word_1_511' title='bbox 1685 3878 1817 3929; x_wconf 80' lang='lat' dir='ltr'>Not.</span> <span class='ocrx_word' id='word_1_512' title='bbox 2307 3940 2314 3948; x_wconf 29' lang='grc' dir='ltr'><strong><em>Ι</em></strong></span> 
     </span>
     <span class='ocr_line' id='line_1_48' title="bbox 550 3952 2750 4021; baseline 0.002 -20"><span class='ocrx_word' id='word_1_513' title='bbox 550 3952 743 4015; x_wconf 79' lang='lat' dir='ltr'>passim</span> <span class='ocrx_word' id='word_1_514' title='bbox 785 3952 1090 4003; x_wconf 87' lang='lat' dir='ltr'>orationem.</span> <span class='ocrx_word' id='word_1_515' title='bbox 1157 3954 1295 4004; x_wconf 80' lang='lat' dir='ltr'>Talia</span> <span class='ocrx_word' id='word_1_516' title='bbox 1337 3953 1476 4004; x_wconf 86' lang='lat' dir='ltr'>euim</span> <span class='ocrx_word' id='word_1_517' title='bbox 1514 3967 1616 4021; x_wconf 81' lang='lat' dir='ltr'>eu··</span> <span class='ocrx_word' id='word_1_518' title='bbox 1701 3990 1708 3994; x_wconf 85' lang='lat'><em>-</em></span> <span class='ocrx_word' id='word_1_519' title='bbox 1751 3958 1785 4004; x_wconf 84' lang='grc'><strong>6</strong></span> <span class='ocrx_word' id='word_1_520' title='bbox 1821 3954 2034 4003; x_wconf 70' lang='lat' dir='ltr'>Concilio</span> <span class='ocrx_word' id='word_1_521' title='bbox 2075 3954 2236 4017; x_wconf 72' lang='lat' dir='ltr'>Joois]</span> <span class='ocrx_word' id='word_1_522' title='bbox 2298 3953 2539 4003; x_wconf 81' lang='lat' dir='ltr'>Deorum·</span> <span class='ocrx_word' id='word_1_523' title='bbox 2572 3953 2750 4006; x_wconf 78' lang='lat' dir='ltr'>coetui.</span> 
     </span>
     <span class='ocr_line' id='line_1_49' title="bbox 553 4027 2752 4092; baseline 0.002 -17"><span class='ocrx_word' id='word_1_524' title='bbox 553 4027 729 4076; x_wconf 80' lang='lat' dir='ltr'>theam</span> <span class='ocrx_word' id='word_1_525' title='bbox 745 4027 926 4078; x_wconf 83' lang='lat' dir='ltr'>decet.</span> <span class='ocrx_word' id='word_1_526' title='bbox 1688 4028 1917 4092; x_wconf 80' lang='lat' dir='ltr'>Fiuguut</span> <span class='ocrx_word' id='word_1_527' title='bbox 1954 4028 2088 4078; x_wconf 86' lang='lat' dir='ltr'>enim</span> <span class='ocrx_word' id='word_1_528' title='bbox 2120 4027 2305 4080; x_wconf 74' lang='lat' dir='ltr'>Jovem</span> <span class='ocrx_word' id='word_1_529' title='bbox 2338 4028 2391 4077; x_wconf 87' lang='lat' dir='ltr'>iu</span> <span class='ocrx_word' id='word_1_530' title='bbox 2419 4029 2752 4090; x_wconf 74' lang='lat' dir='ltr'>gravioribus</span> 
     </span>
     <span class='ocr_line' id='line_1_50' title="bbox 560 4101 2748 4169; baseline 0.005 -21"><span class='ocrx_word' id='word_1_531' title='bbox 560 4132 593 4147; x_wconf 87' lang='grc'>-.</span> <span class='ocrx_word' id='word_1_532' title='bbox 619 4101 804 4158; x_wconf 71' lang='lat' dir='ltr'>Quibus</span> <span class='ocrx_word' id='word_1_533' title='bbox 825 4102 1014 4166; x_wconf 67' lang='lat' dir='ltr'>Amris,</span> <span class='ocrx_word' id='word_1_534' title='bbox 1034 4103 1141 4169; x_wconf 57' lang='grc' dir='ltr'>ξε.)</span> <span class='ocrx_word' id='word_1_535' title='bbox 1178 4104 1380 4157; x_wconf 84' lang='lat' dir='ltr'>Quibus</span> <span class='ocrx_word' id='word_1_536' title='bbox 1401 4104 1455 4155; x_wconf 85' lang='lat' dir='ltr'>in</span> <span class='ocrx_word' id='word_1_537' title='bbox 1478 4103 1609 4155; x_wconf 83' lang='lat' dir='ltr'>locis</span> <span class='ocrx_word' id='word_1_538' title='bbox 1690 4108 1834 4156; x_wconf 82' lang='lat' dir='ltr'>Deos</span> <span class='ocrx_word' id='word_1_539' title='bbox 1851 4118 2150 4155; x_wconf 25' lang='lat' dir='ltr'>‘convocare</span> <span class='ocrx_word' id='word_1_540' title='bbox 2183 4113 2240 4155; x_wconf 85' lang='lat' dir='ltr'>et</span> <span class='ocrx_word' id='word_1_541' title='bbox 2269 4106 2561 4158; x_wconf 83' lang='lat' dir='ltr'>consulere.</span> <span class='ocrx_word' id='word_1_542' title='bbox 2612 4106 2748 4161; x_wconf 67' lang='lat' dir='ltr'>Vide</span> 
     </span>
     <span class='ocr_line' id='line_1_51' title="bbox 553 4176 2163 4246; baseline 0.002 -19"><span class='ocrx_word' id='word_1_543' title='bbox 553 4193 584 4227; x_wconf 97' lang='lat' dir='ltr'>a</span> <span class='ocrx_word' id='word_1_544' title='bbox 608 4176 762 4226; x_wconf 87' lang='lat' dir='ltr'>turba</span> <span class='ocrx_word' id='word_1_545' title='bbox 782 4179 1010 4242; x_wconf 83' lang='lat' dir='ltr'>semotis,</span> <span class='ocrx_word' id='word_1_546' title='bbox 1028 4180 1311 4246; x_wconf 72' lang='lat' dir='ltr'>sacrisque,</span> <span class='ocrx_word' id='word_1_547' title='bbox 1335 4181 1505 4233; x_wconf 84' lang='lat' dir='ltr'>animo</span> <span class='ocrx_word' id='word_1_548' title='bbox 1524 4196 1614 4232; x_wconf 61' lang='lat' dir='ltr'>so·</span> <span class='ocrx_word' id='word_1_549' title='bbox 1694 4181 1908 4234; x_wconf 83' lang='lat' dir='ltr'>Homer.</span> <span class='ocrx_word' id='word_1_550' title='bbox 1927 4179 2086 4239; x_wconf 76' lang='lat' dir='ltr'>lliad.</span> <span class='ocrx_word' id='word_1_551' title='bbox 2106 4185 2163 4230; x_wconf 70' lang='grc' dir='ltr'>Τ.</span> 
     </span>
     <span class='ocr_line' id='line_1_52' title="bbox 550 4252 1712 4322; baseline 0.002 -18"><span class='ocrx_word' id='word_1_552' title='bbox 550 4254 659 4304; x_wconf 90' lang='lat' dir='ltr'>luto</span> <span class='ocrx_word' id='word_1_553' title='bbox 692 4252 978 4305; x_wconf 81' lang='lat' dir='ltr'>meditabor</span> <span class='ocrx_word' id='word_1_554' title='bbox 1010 4255 1468 4322; x_wconf 74' lang='lat' dir='ltr'>dignosAugusto</span> <span class='ocrx_word' id='word_1_555' title='bbox 1500 4273 1612 4309; x_wconf 82' lang='lat' dir='ltr'>ver·</span> <span class='ocrx_word' id='word_1_556' title='bbox 1707 4300 1712 4306; x_wconf 78' lang='lat'>.</span> 
     </span>
    </p>
   </div>
   <div class='ocr_carea' id='block_1_9' title="bbox 3015 4192 3020 4736">
    <p class='ocr_par' dir='ltr' id='par_1_9' title="bbox 3015 4192 3020 4736">
     <span class='ocr_line' id='line_1_53' title="bbox 3015 4192 3020 4736; baseline 0 0"><span class='ocrx_word' id='word_1_557' title='bbox 3015 4192 3020 4736; x_wconf 95' lang='lat' dir='ltr'> </span> 
     </span>
    </p>
   </div>
  </div>
 </body>
</html>
