3059 4909
1218 367 1288 425 Q.
1330 361 1655 412 uonsru
1709 359 1974 410 nacci

835 509 946 574 Ab
974 470 1286 573 insolenti
1306 477 1742 592 teinpera'tam

927 590 1223 689 mutiat,
1254 589 1568 675 moritifro
1597 577 1807 688 De'lli,

754 713 890 781 Seu
918 719 1199 779 moestus
1226 712 1734 798 omnitempore
1766 714 2050 792 vixeriS‚·
2651 713 2695 776 5

756 819 895 883 Seu
924 823 989 882 te
1017 817 1083 880 in
1110 823 1365 880 remoto
1393 816 1688 897 gramine
1717 835 1834 899 per
1861 815 2008 879 dies

736 943 745 950 ·
847 921 1091 985 Festos
1115 918 1503 984 reclinatum
1536 919 1762 984 bearis

933 1019 1262 1086 Interiore
1292 1025 1448 1085 nota
1475 1019 1744 1086 Falerni
1768 1041 1788 1101 ;

500 1217 679 1280 gaudio
708 1220 1013 1281 moderatam,
1030 1232 1060 1265 o
1082 1217 1198 1267 Deli
1215 1215 1464 1277 moriture,
1484 1216 1585 1265 aive
1613 1215 1800 1265 tristem
1833 1228 2016 1281 semper
2042 1210 2399 1279 egeris'viloem,
2432 1213 2533 1264 sive
2563 1210 2704 1276 genio

504 1283 757 1335 indulseris
777 1282 1003 1348 inferiis,
1033 1281 1194 1332 bibens
1216 1282 1474 1332 Falernum
1506 1280 1841 1331 reconditioris
1868 1283 2022 1345 tituli,
2055 1281 2327 1333 recumbens
2361 1282 2416 1331 in
2452 1280 2600 1331 herba
2633 1292 2703 1328 se·

1430 1426 1669 1447 “OHOOO
1673 1427 1791 1449 0000

511 1525 725 1577 Mitscb.
748 1526 969 1576 wetzel.
994 1526 1203 1590 Bipont.
1224 1527 1290 1576 al.
1321 1542 1415 1577 non
1433 1531 1568 1578 secus
1585 1487 1652 1578 in·
1671 1527 1921 1578 bootia—3
1955 1526 2034 1577 Ab
2064 1527 2287 1577 insolenti
2317 1532 2367 1576 et
2398 1529 2706 1590 temperotm

512 1589 654 1653 Lips-
673 1594 824 1641 4.-4
857 1592 973 1642 Deli
995 1591 1230 1655 plnrimae
1253 1591 1375 1642 edd.
1398 1593 1634 1657 inprimis
1660 1600 1786 1643 vett·
1809 1601 1931 1643 ante
1957 1592 2189 1644 Lambin.
2207 1594 2297 1658 qui
2320 1598 2388 1642 ei
2410 1589 2553 1642 libris
2572 1600 2703 1641 autt-

514 1651 650 1703 Delli·
694 1657 963 1717 restituit;
1009 1665 1066 1706 et
1096 1671 1181 1720 ap.
1211 1657 1357 1707 Plut.
1393 1665 1448 1706 et
1483 1659 1637 1707 Dion.
1668 1672 1873 1722 semper
1905 1666 2006 1720 est,
2047 1656 2247 1708 Κόϊντος
2283 1656 2509 1708 Δέλλιος.
2574 1655 2707 1707 Dei&

514 1719 740 1770 Mentel.
783 1721 951 1770 ‘Post
985 1720 1118 1771 Delli
1157 1728 1406 1786 punctum
1451 1730 1544 1772 aut
1583 1723 1830 1786 majorem
1873 1721 2263 1773 distinctionem
2307 1728 2509 1786 ponunt
2545 1722 2710 1782 multi,

512 1783 672 1834 etiam
693 1784 919 1851 Cuning.
984 1787 1086 1837 Sed
1126 1792 1252 1837 tune
1286 1787 1561 1853 sequentia
1599 1795 1784 1838 carent
1818 1787 2071 1852 apodosi.’
2100 1788 2338 1839 Jani.-o
2374 1787 2591 1837 Ascens.
2614 1785 2710 1836 Seu

1513 1900 1728 1953 No‘rAE

582 1998 614 2044 8
646 1994 723 2046 Ab
755 1996 975 2046 insolenti
1010 2000 1319 2061 temperatam
1353 1997 1576 2062 Latitia]
1655 1999 1884 2049 liaritate
1902 2000 2189 2066 opibusque
2201 1998 2395 2050 floruit.
2409 1999 2548 2068 Vide
2562 1999 2711 2049 Dion.

522 2074 618 2123 Est
669 2075 806 2124 enim
852 2076 1196 2140 temperantia
1238 2080 1256 2106 ‘
1274 2077 1577 2127 commotio·
1656 2076 1927 2126 Plutarch.
1961 2077 2052 2126 cit.
2091 2078 2366 2138 Senecam,
2386 2079 2485 2128 διο.
2510 2077 2583 2126 ita
2602 2090 2714 2126 seu-

520 2167 643 2203 num
658 2153 883 2204 omnium
904 2154 1251 2204 moderatrix=
1289 2170 1404 2220 qnae
1423 2161 1529 2205 tum
1549 2170 1580 2204 a
1657 2151 1726 2201 tit
1744 2151 1993 2203 Torrent.
2011 2167 2072 2203 ac
2092 2151 2296 2205 Theod.
2315 2154 2521 2205 Marcil.
2536 2161 2716 2205 eontra

522 2228 738 2280 libidine
763 2237 966 2288 avocet,
988 2237 1098 2282 tum
1129 2231 1581 2302 insolenti-alaeri-

527 2312 638 2355 tate
661 2306 855 2369 gestire
878 2321 981 2357 non
998 2307 1171 2359 sinat!
1236 2308 1347 2360 Cic.
1374 2309 1584 2361 Tnscnl.

526 2396 579 2432 v.
600 2398 651 2432 n.
673 2388 756 2435 42.
789 2384 805 2412 ‘
821 2383 882 2434 In
899 2382 1026 2434 alios
1041 2398 1142 2435 non
1167 2383 1341 2436 reclus
1357 2385 1581 2450 impetus

528 2457 684 2508 animi
712 2457 862 2510 firma
891 2466 948 2509 et
979 2459 1244 2512 moderata
1265 2460 1584 2514 dominatio.’

530 2536 618 2585 De
641 2535 850 2586 Invent.
870 2548 936 2587 11.
958 2540 1072 2589 164.

594 2616 628 2663 4
660 2612 901 2662 Momm
919 2613 1077 2678 Delli]
1110 2611 1368 2667 Quoniam
1391 2615 1587 2667 inelue-

533 2688 706 2738 tabilis
728 2695 809 2741 est
826 2687 928 2739 fati
960 2690 1037 2739 vis
1067 2691 1350 2758 mortisque
1371 2692 1590 2743 necessi·

536 2772 635 2828 tas,
671 2772 821 2816 certe
850 2779 953 2815 non
986 2764 1143 2817 decet
1178 2781 1295 2817 enm
1318 2768 1592 2833 superbire

534 2841 622 2906 qui
644 2855 701 2891 se
718 2840 866 2892 novit
875 2842 1030 2891 morti
1043 2842 1322 2894 obnoxium
1343 2859 1360 2907 ς
1382 2844 1474 2895 sed
1493 2859 1594 2895 nee

533 2917 695 2968 debet
717 2918 890 2968 animo
912 2917 1123 2977 eadere,
1153 2934 1269 2969 cum
1305 2920 1356 2970 ei
1389 2920 1595 2987 quidpi-

538 3009 621 3045 am
654 2995 946 3045 humanitus
978 2995 1201 3058 accidit3
1238 2996 1465 3062 nihilque
1503 2997 1597 3047 bn·

506 3071 676 3128 ,mani
721 3087 753 3122 a
788 3085 845 3121 se
879 3070 1098 3121 alienum
1136 3072 1284 3122 bomo
1318 3073 1599 3132 existimet,

538 3161 744 3212 aeqnum
770 3144 1010 3209 profecto
1030 3152 1130 3197 est.

605 3219 766 3285 Delli]
797 3221 1014 3273 Frustra
1035 3220 1243 3287 qnidam
1272 3222 1401 3275 an.
1434 3222 1601 3274 Gelli-

539 3311 624 3347 um
644 3296 730 3346 hie
750 3297 1226 3350 comminiscuntur.
1291 3299 1603 3365 Intelligen-

541 3372 640 3423 dns
671 3378 818 3423 certe
851 3379 935 3424 est
966 3375 1032 3427 Q.
1063 3373 1270 3425 Dellius
1292 3376 1375 3426 vel
1397 3376 1602 3440 Delius,

543 3449 634 3515 qui
655 3451 876 3514 primum
896 3449 994 3501 snb
1015 3450 1181 3501 Cassii
1218 3451 1466 3503 militavit
1496 3451 1603 3516 sig-

542 3525 656 3589 nis;
682 3525 751 3577 ab
771 3526 870 3578 boe
892 3526 1083 3577 deinde
1105 3526 1386 3591 transfugit
1408 3526 1472 3576 ad
1494 3525 1603 3577 An·

545 3603 764 3668 toninm,
803 3610 1049 3671 tantaque
1091 3604 1232 3668 apud
1274 3618 1392 3654 eum
1410 3619 1417 3626 ·
1435 3602 1608 3667 gratia

550 3672 737 3745 v'aluit,
755 3687 817 3732 ut
836 3683 1184 3749 Cleopatram,
1208 3681 1346 3748 qnod
1371 3682 1607 3733 Cassium

547 3755 601 3806 in
618 3758 756 3808 bello
766 3759 969 3823 juvisse
985 3766 1339 3817 accusaretur,
1353 3749 1626 3823 judicium'

547 3833 833 3884 subituram
874 3848 972 3899 per
1011 3838 1181 3899 ipsum
1225 3835 1609 3888 accersiret-itt

550 3911 838 3962 Plutarcho
869 3917 1006 3962 teste
1026 3912 1080 3962 in
1101 3911 1227 3963 Vita
1249 3911 1485 3964 Antonii.
1551 3913 1610 3963 Is

549 3987 756 4038 demum
790 3987 946 4041 rebus
982 3988 1088 4039 suis
1117 3989 1344 4041 maxime
1375 3990 1613 4054 studens,

553 4065 710 4129 paulo
740 4071 865 4116 ante
897 4063 1086 4116 bellum
1120 4065 1392 4118 Actiacum
1427 4068 1612 4120 relicto

553 4138 805 4203 Antonio,
830 4152 886 4192 se
906 4142 1129 4196 contulit
1158 4142 1224 4193 ad
1243 4142 1557 4210 Angustum,
1582 4161 1614 4196 a

554 4233 657 4288 qno
680 4218 903 4287 benigne
921 4230 1194 4290 exceptus,
1216 4223 1439 4275 Caesaris
1461 4223 1611 4278 fami·

1660 2229 1820 2294 Cruq.
1843 2231 1944 2279 &m

1725 2310 1755 2354 5
1792 2305 1893 2356 Seu
1921 2310 2114 2357 ’κατείπω
2147 2306 2294 2369 omni,
2326 2304 2436 2370 ξω]
2474 2304 2718 2358 Quando-

1663 2381 1871 2447 quidem
1909 2383 2040 2433 mori
2077 2397 2288 2433 necesse
2312 2391 2411 2447 est,
2438 2383 2549 2432 sive
2574 2397 2720 2432 moes·

1664 2465 1750 2511 tus
1792 2460 1982 2511 vixeris
2016 2461 2125 2510 sive
2158 2460 2356 2511 laetitiae
2392 2467 2446 2510 te
2482 2458 2720 2526 dederis3

1659 2535 1835 2601 juvat,
1876 2534 1998 2585 dum
2043 2536 2186 2599 licet,
2225 2535 2496 2599 indulgere
2534 2536 2723 2601 genio;

1667 2626 1838 2678 neque
1860 2610 2314 2678 proetermittenda
2342 2620 2471 2662 oetas
2500 2617 2559 2662 et
2584 2625 2725 2662 ocea-

1671 2688 1750 2739 sio
1797 2688 2153 2752 voluptatibus
2199 2696 2510 2753 opportuna.
2586 2689 2725 2753 Ergo

1669 2765 1687 2795 ‘
1701 2766 1821 2815 vina
1839 2771 1896 2815 et
1914 2771 2181 2830 unguenta
2202 2761 2377 2815 afferri
2390 2763 2562 2829 jube,'
2583 2766 2682 2814 διο.
2707 2809 2714 2812 .

1733 2846 1767 2893 6
1801 2844 1864 2893 In
1898 2848 2073 2893 remoto
2101 2844 2342 2910 grannius]
2373 2842 2438 2894 In
2471 2843 2587 2894 loco
2615 2844 2730 2894 lier-

1670 2917 1798 2970 boso
1830 2918 1896 2968 ab
1928 2917 2188 2968 hominum
2225 2917 2523 2985 frequentia
2555 2933 2619 2970 ae
2650 2926 2730 2969 tn-

1673 2995 1843 3046 multu
1864 3001 2127 3059 separato.

1742 3071 1847 3121 Per
1865 3071 1967 3121 dies
1989 3070 2183 3137 Festos]
2221 3068 2417 3122 Quibus
2435 3068 2619 3121 feriari
2641 3070 2732 3121 im-

1674 3148 1992 3214 pensiusque
2012 3146 2178 3196 laetari
2201 3144 2340 3211 apud
2361 3152 2568 3198 veteres
2589 3146 2735 3198 insti·

1678 3232 1848 3276 tntum
1871 3231 2003 3273 erat.

1742 3306 1774 3351 8
1812 3301 2047 3352 interiore
2065 3303 2179 3349 nota
2203 3294 2419 3360 Falerni]
2461 3295 2737 3360 Epulaudo

1679 3391 1797 3428 cum
1822 3377 2020 3436 amicis,
2053 3382 2109 3425 et
2147 3376 2370 3425 animuin
2400 3372 2736 3423 exhilarando

1680 3452 2064 3517 exquisitissimi
2082 3451 2186 3501 vini
2203 3457 2347 3515 potu,
2372 3447 2508 3515 qnod
2528 3448 2739 3513 quidem

1681 3531 1734 3580 in
1756 3531 1890 3582 cella
1906 3529 2153 3580 interiore
2171 3527 2323 3578 condi
2343 3526 2541 3577 solebat
2561 3542 2578 3588 3
2603 3524 2738 3592 quod

1683 3611 1855 3656 autem
1878 3613 1992 3657 erat
2013 3603 2224 3654 minoris
2247 3603 2400 3669 pretii
2431 3607 2486 3652 et
2515 3599 2740 3666 qnotidi-

1686 3697 1787 3733 ano
1817 3681 1935 3733 usui
1968 3680 2301 3744 destinatum,
2338 3678 2502 3742 magis
2535 3677 2602 3728 ad
2637 3692 2742 3730 ma·

1685 3775 1806 3810 num
1826 3758 2130 3824 ponebatur·
2194 3757 2359 3807 Porro
2382 3755 2487 3805 vini
2504 3754 2649 3806 cadis
2667 3755 2742 3805 in-

1689 3836 1846 3887 scribi
1866 3834 2067 3885 solitam
2089 3832 2408 3899 epigraphen
2430 3845 2492 3881 ac
2515 3830 2742 3887 titulum,

1688 3911 1875 3978 quibus
1899 3925 2001 3976 qno
2024 3909 2138 3959 loeo
2166 3915 2365 3973 natum,
2388 3920 2594 3972 qnoque
2616 3912 2742 3956 tem-

1690 4001 1819 4052 pore
1840 3983 2105 4037 conditnm
2127 3991 2281 4045 esset,
2300 3980 2523 4031 maxime
2543 3994 2640 4047 per
2656 3994 2745 4030 no·

1690 4078 1809 4114 men
1841 4059 2077 4113 Consulis
2109 4057 2411 4119 notabatur,
2440 4070 2541 4106 nee
2574 4054 2744 4110 sciolis

1691 4143 1844 4193 latet.
1908 4137 2118 4188 Iudicat
2150 4135 2286 4186 Tull.
2330 4135 2385 4185 in
2419 4133 2590 4183 Bruto
2631 4136 2743 4186 286.

1690 4221 1707 4249 ⁸
1731 4218 1789 4272 si
1810 4216 1921 4284 quis
1943 4214 2166 4267 Falerno
2190 4211 2308 4264 vino
2324 4208 2644 4277 delectetur,
2656 4207 2746 4263 sed
