3059 4909
558 397 686 462 252

1271 413 1339 473 Q.
1386 412 1709 462 HORA'rn
1759 411 2026 461 rhaocl

813 556 1081 639 Insigne
1111 559 1371 622 moestis
1402 557 1796 644 praesidium
1825 558 1980 634 reis»,

813 657 903 725 Et
931 659 1326 737 consulenti,
1358 659 1610 738 Pollio,
1641 660 1885 741 ouriae3

897 759 1024 825 Cui
1053 761 1286 826 laurus
1315 768 1600 835 aeternos
1625 763 1913 827 honores

2664 767 2746 830 15

985 861 1369 927 Dalmatico
1398 863 1661 947 peperit
1688 863 2043 947 triumpho.

812 964 859 1029 J
863 983 973 1029 am
1001 983 1170 1030 nuno
1197 964 1443 1030 minaci
1460 983 1786 1030 murmure
1818 983 2141 1031 cornuum

555 1172 758 1208 rames
776 1162 899 1223 stylo
925 1160 1146 1223 Rogico,
1181 1178 1210 1210 o
1226 1166 1506 1226 preclarum
1525 1164 1745 1214 solatium
1764 1164 1985 1215 tristibus
2004 1165 2099 1215 reis
2119 1170 2165 1215 et
2187 1164 2385 1215 &nolui
2405 1165 2653 1216 consilium
2672 1179 2751 1214 ex·

551 1225 781 1288 poscenti,
805 1225 984 1289 Pollio,
1006 1226 1082 1276 cui
1099 1229 1259 1278 laurea
1279 1230 1543 1278 immortale
1554 1230 1750 1292 paravit
1768 1231 1906 1279 decus
1922 1232 1973 1279 in
1994 1230 2228 1296 triumpho
2253 1231 2544 1283 Dalmatico.
2612 1233 2749 1280 Jam-

1473 1356 1842 1377 “Qum“

556 1447 653 1482 nus
695 1435 914 1486 noeniae.’
982 1439 1228 1501 Cecropios

1267 1445 1447 1503 repetet
1489 1442 1744 1490 cothurnos
1786 1441 1924 1505 conj.
1983 1440 2104 1491 Nic.
2146 1440 2330 1491 Heius.
2376 1457 2461 1506 ap.
2505 1442 2751 1492 Beati.—

563 1501 626 1549 14
660 1500 804 1565 Lips.
827 1505 876 1552 1.
897 1517 925 1551 o
946 1502 1249 1554 Pollia—15
1283 1505 1580 1555 Helmstad.
1604 1523 1635 1555 a
1657 1521 1724 1556 m.
1760 1521 1837 1571 pr.
1872 1511 2094 1556 externos
2126 1507 2469 1557 honorem—16
2502 1508 2752 1558 Dalmatio

1535 1635 1749 1686 NOTAE

553 1739 614 1791 tii
638 1740 812 1799 Oden,
825 1748 884 1793 ut
902 1744 1287 1809 Tragoediarum
1301 1748 1611 1813 scriptorem

553 1817 744 1880 probet
764 1817 924 1869 fuisse
948 1821 1256 1874 Pollionem.

622 1896 684 1942 12
738 1893 959 1959 Cecropio
1014 1897 1263 1962 cothurno]
1312 1899 1609 1956 Cothurnus

552 1968 922 2030 Tragoedornm
960 1973 1094 2024 altus
1132 1982 1186 2023 et
1228 1975 1461 2026 sublimis
1502 1978 1610 2028 cal-

552 2058 675 2094 ceus
698 2047 818 2108 poni
837 2050 974 2098 solet
994 2064 1090 2113 pro
1111 2040 1316 2102 excelsa
1337 2060 1393 2103 et
1414 2054 1609 2118 magni·

551 2118 652 2169 fica
694 2123 943 2187 oratione,
996 2127 1158 2191 qualis
1200 2127 1355 2180 decet
1393 2130 1608 2196 Tragoe-

474 2217 481 2222 ,
551 2195 708 2259 diam,
753 2200 900 2262 cujus
940 2202 1087 2265 origo
1125 2218 1192 2253 ex
1231 2203 1471 2268 Athenis,
1517 2206 1608 2256 ubi

553 2274 791 2334 regnavit
817 2276 1082 2340 Cecrops:
1109 2280 1408 2330 claruerunt
1435 2292 1607 2333 antem

551 2348 701 2407 primi
722 2349 1107 2415 Tragoediarum
1142 2358 1422 2421 scriptores
1443 2359 1608 2410 Thes·

552 2422 650 2484 pis,
680 2425 966 2491 AEschylns,
989 2430 1293 2497 Sophocles,
1320 2435 1608 2499 Euripides.

618 2502 678 2547 13
705 2501 895 2552 Moestis
909 2507 1184 2567 praesidium
1204 2510 1325 2575 reis]
1348 2510 1450 2561 Seu
1469 2512 1606 2577 quod

554 2572 759 2626 dicendi
790 2577 1045 2632 facultate
1076 2585 1388 2637 clarissimus
1419 2590 1608 2640 multos

549 2650 602 2699 in
627 2649 741 2703 foro
763 2653 1108 2710 defenderat:
1142 2675 1234 2711 seu
1273 2663 1409 2728 quod
1443 2665 1605 2716 Sena·

550 2736 691 2777 tores
725 2731 958 2797 aliosque
996 2750 1261 2801 proceres,
1299 2741 1387 2803 qui
1421 2749 1607 2793 contra

549 2802 836 2866 Augustum
854 2815 1127 2873 steterant,
1139 2813 1207 2863 ad
1223 2814 1470 2866 Pollionis
1487 2832 1609 2868 con·

550 2876 814 2942 fugientes
857 2886 1222 2952 patrocinium,
1268 2890 1320 2939 in
1385 2893 1604 2944 Caesaris

547 2955 765 3016 gratiam
799 2958 972 3012 redire
995 2965 1300 3031 veniamque
1324 2968 1606 3032 impetrare

550 3031 892 3096 satagebant3
927 3037 1112 3100 quibus
1140 3039 1229 3089 ille
1260 3043 1523 3108 opitulari,
1546 3055 1607 3098 ut

549 3116 606 3156 et
624 3107 1187 3180 HoratioVirgilioque,
1202 3120 1606 3187 praesidiumque

547 3185 728 3237 salutis
748 3203 863 3238 esse
887 3205 988 3242 non
1012 3192 1362 3263 detrectabat,
1384 3202 1604 3266 perinde

547 3276 609 3312 ac
633 3264 912 3317 Maecenas.
935 3283 975 3320 1.
999 3270 1105 3321 Od.
1133 3277 1177 3323 1.

612 3343 674 3391 14
728 3342 1008 3395 Consulem·
1069 3349 1242 3414 carice]
1297 3349 1427 3403 Tum
1487 3354 1607 3419 quia

545 3414 672 3464 dare
705 3419 922 3469 consilia
957 3421 1214 3475 laboranti
1238 3426 1408 3478 Curiae
1432 3430 1606 3480 Pollio

546 3490 737 3542 Consul
776 3493 1041 3561 debebat;
1077 3504 1347 3554 tum‘vero
1382 3508 1604 3572 maxime

541 3569 680 3631 quod
704 3570 771 3620 ob
794 3586 1041 3625 summam
1062 3579 1356 3641 prudentiae
1377 3581 1604 3646 laudem,

542 3657 641 3694 nec
679 3646 926 3698 minorem
970 3652 1107 3715 apud
1154 3655 1289 3706 viros
1329 3656 1603 3724 Principes

543 3720 777 3785 gratiam,
796 3723 861 3773 de
877 3729 1255 3780 constituendae
1277 3732 1600 3797 Reipublicae

541 3796 845 3863 rationibus,
869 3801 1125 3867 rebusque
1159 3811 1546 3871 componendis,
1570 3827 1601 3863 a

541 3871 794 3924 Patribus
820 3876 973 3927 enixe
997 3873 1374 3934 consulebatur.

605 3948 787 4014 Pollio]
826 3950 882 4000 Is
905 3963 1097 4018 orator,
1122 3957 1295 4020 poeta,
1319 3967 1376 4012 et
1395 3962 1600 4014 histori-

538 4035 632 4070 cus
670 4038 773 4073 non
813 4027 1053 4092 vulgaris,
1088 4035 1408 4087 exercituum
1441 4041 1599 4091 etiam

540 4094 729 4146 ductor
747 4113 848 4149 non
869 4101 1127 4170 inglorius,
1147 4113 1467 4163 consulatum
1490 4116 1601 4168 lau-

541 4170 784 4224 dabiliter
801 4178 962 4239 gessit
980 4194 1096 4231 cum
1114 4184 1210 4234 Cn.
1229 4186 1465 4242 Domitio
1481 4192 1600 4242 Cal-

543 4246 681 4312 vino,
704 4263 787 4302 an.
812 4252 880 4305 U.
899 4253 958 4309 C.
980 4259 1094 4310 ⁷13.
1160 4260 1286 4328 Ejus
1320 4265 1600 4321 meminere

1689 1749 1910 1802 Quintil.
1935 1749 2169 1815 pluribus
2205 1751 2365 1812 locis3
2400 1753 2615 1803 Sueton.
2642 1759 2747 1804 tum

1686 1827 1740 1876 in
1763 1829 1971 1878 Caesare
1990 1843 2107 1895 cap.
2130 1835 2210 1881 80.
2245 1838 2300 1881 et
2333 1836 2416 1882 55.
2453 1838 2562 1882 tum
2587 1832 2653 1882 de
2677 1833 2749 1883 Il·

1686 1904 1832 1959 lnstr.
1857 1906 2089 1956 Gramm.
2113 1923 2161 1959 c.
2186 1911 2266 1957 10.
2335 1907 2433 1958 Dio
2464 1910 2502 1959 l.
2522 1923 2750 1961 xxxvii.

1684 1994 1844 2031 xux.
1866 1995 1951 2034 nv.
2015 1984 2187 2034 Tacit.
2208 1984 2299 2034 lib.
2325 1999 2402 2035 vr.
2434 1985 2638 2035 Seneca
2659 1986 2752 2036 lib.

1689 2056 1755 2105 de
1774 2057 2063 2122 Tranquill.
2103 2058 2295 2117 Animi,
2327 2059 2423 2110 sub
2462 2060 2652 2123 finem;
2695 2069 2751 2112 et

1689 2132 1857 2196 Epist.
1904 2137 2017 2185 100.
2072 2137 2209 2186 Vell.
2251 2137 2516 2188 Patercui.
2562 2138 2654 2190 lib.
2687 2152 2752 2189 11.

1687 2208 1825 2257 Plin.
1866 2223 1970 2262 vn.
2006 2214 2089 2261 30.
2120 2221 2176 2261 et
2213 2213 2366 2263 alibi-z
2403 2213 2675 2264 Plutarch.
2698 2215 2753 2268 in

1687 2284 1812 2334 Vita
1835 2287 2077 2348 Caesaris,
2111 2290 2212 2338 διο.
2271 2290 2545 2353 Virgilium
2577 2298 2753 2341 autem

1689 2359 1939 2410 Bucolica
1955 2362 2178 2414 Pollioni
2196 2364 2519 2430 inscripsisse
2536 2381 2638 2419 non
2661 2366 2756 2418 du-

1687 2436 1860 2489 bitant
1880 2439 2110 2505 Eruditi,
2131 2448 2189 2490 ut
2212 2443 2504 2494 Maecenati·
2531 2443 2757 2510 Georgi·

1686 2527 1769 2577 ca,
1792 2514 2010 2566 AEneida
2040 2516 2297 2581 Angusto.
2835 2569 2844 2574 ,

1756 2595 1816 2640 15
1854 2592 1947 2642 Cui
1979 2595 2142 2643 laurus
2166 2601 2368 2654 oecemos
2404 2597 2600 2647 honores
2630 2598 2757 2649 Dal·

1685 2669 1857 2720 nautico
1887 2672 2371 2738 peperittriumpho]
2404 2675 2510 2727 Qui
2542 2676 2755 2726 laudem

1686 2751 1743 2794 et
1764 2747 1977 2809 gloriam
2000 2756 2183 2798 nactus
2215 2763 2269 2799 es
2297 2765 2557 2815 nunquam
2590 2751 2755 2803 inter-

1686 2822 1986 2874 morituram
2011 2832 2119 2875 tum
2143 2841 2261 2876 cnm
2284 2828 2450 2889 lauro,
2484 2843 2552 2878 ex
2588 2844 2753 2895 more,

1686 2907 1961 2950 coronatus
1984 2901 2316 2967 triumphasti
2337 2903 2402 2954 de
2420 2906 2612 2956 Salona
2629 2908 2756 2958 Dale

1684 2966 1857 3028 matiae
1901 2979 2029 3030 urbe
2075 2996 2105 3030 a
2144 2989 2198 3032 te
2237 2994 2552 3048 expugnata.
2618 2986 2753 3037 Inde

1686 3052 1985 3105 Saloninum
2007 3057 2213 3107 vocavit
2228 3059 2315 3108 ille
2338 3066 2513 3110 natum
2538 3075 2602 3112 eo
2621 3070 2751 3112 tem·

1688 3142 1813 3192 pore
1835 3128 2016 3189 filium,
2033 3132 2183 3197 cujus
2205 3134 2587 3188 Genethliacon
2612 3139 2753 3189 canit

1685 3205 1874 3269 Virgil.
1920 3208 2099 3271 Eclog.
2128 3223 2211 3260 iv.
2294 3212 2539 3265 Fueritne
2583 3216 2754 3267 Pollio

1687 3279 1878 3332 Consul
1921 3290 2044 3335 ante
2085 3301 2239 3349 quam
2280 3287 2648 3361 triumpharet,
2687 3306 2750 3342 an

1688 3354 1999 3421 triumphum
2027 3361 2236 3412 duxerit
2257 3369 2381 3414 ante
2404 3368 2750 3427 consulatum,

1686 3432 1957 3498 disputant
2001 3437 2180 3503 aliqui,
2224 3439 2318 3489 sed
2363 3441 2484 3505 quid
2525 3443 2641 3494 haec
2682 3444 2747 3494 ad

1684 3523 1798 3572 nos,
1822 3519 1878 3560 et
1902 3513 1966 3562 ad
1990 3513 2128 3564 hunc
2154 3515 2361 3565 Horatii
2381 3518 2588 3569 locum?

1753 3590 1815 3636 17
1849 3588 1968 3637 Jam
2002 3605 2128 3640 nuno
2163 3591 2338 3641 minaci
2373 3608 2611 3645 murmure
2645 3609 2748 3645 cor-

1682 3676 1847 3719 nuum,
1890 3664 1997 3729 Bm]
2053 3666 2188 3716 Belli
2230 3670 2525 3731 tumultum,
2583 3672 2746 3734 proelii

1680 3740 1977 3804 strepitum,
2000 3742 2350 3807 clangentium
2384 3753 2439 3795 et
2471 3747 2745 3813 increpan-

1681 3815 1806 3865 tium
1846 3817 2087 3867 tubarum
2122 3820 2265 3883 quasi
2293 3820 2453 3870 minas
2487 3837 2549 3872 ac
2578 3829 2745 3874 terro·

1682 3905 1791 3940 rem
1817 3891 1892 3941 sic
1917 3891 2173 3957 depingis,
2206 3908 2237 3943 o
2259 3894 2451 3961 Pollio,
2476 3905 2532 3946 ut
2556 3898 2636 3949 his
2658 3901 2744 3949 ad-

1682 3982 1798 4018 esse
1824 3968 2065 4021 videatur
2080 3971 2178 4021 sibi
2197 3972 2426 4037 quisquis
2442 3980 2537 4025 tua
2547 3978 2743 4041 scripta

1680 4046 1919 4110 perlegit.
1975 4047 2128 4099 Quod
2156 4048 2217 4097 fit
2242 4064 2336 4113 per
2358 4049 2744 4118 hypotyposim,

1680 4136 1835 4186 quam
1870 4129 1927 4172 et
1962 4123 2049 4176 hic
2081 4123 2331 4178 Horatius
2368 4127 2573 4189 praebet
2601 4144 2743 4193 egre-

1677 4197 1836 4260 giam,
1885 4204 1991 4247 tam
2039 4200 2284 4263 graphice
2343 4203 2638 4266 exprimens
2680 4220 2745 4255 ea

1684 4273 1799 4336 ipsa
1837 4287 1953 4338 quae
1993 4274 2171 4326 laudat
2201 4276 2255 4328 in
2289 4269 2545 4343 Pollione,
2585 4285 2644 4330 ut
2680 4294 2741 4330 ea
