3059 4909
1280 399 1352 460 Q.
1395 398 1716 449 noRATu
1771 400 2041 451 FLAoot

908 540 1102 608 Uxor
1128 544 1359 610 invicti
1386 543 1433 610 J
1437 545 1589 611 ovis
1615 565 1773 613 esse
1800 549 2066 615 nescis:

906 641 1103 709 Mitte
1134 644 1503 728 singultus3
1547 647 1715 715 bene
1741 646 1909 716 ferre
1936 671 2246 734 magnam

908 744 1113 811 Disce
1139 746 1507 814 fortunam:
1551 754 1667 815 tua
1692 758 1925 817 sectus
1956 753 2139 821 orbis

2676 761 2758 826 75

1415 849 1719 918 Nomina
1745 852 1966 920 ducet.

561 1050 703 1085 noras
722 1041 772 1088 te
791 1053 890 1088 esse
908 1041 1151 1103 conjugem
1172 1045 1377 1105 suprem‘
1395 1044 1569 1097 aovin?
1636 1047 1821 1098 Omitte
1841 1049 2173 1112 querimonias·
2239 1050 2389 1102 Disce
2411 1052 2565 1101 altam
2583 1057 2756 1102 sortem

568 1101 818 1166 suumne,
835 1109 889 1154 at
909 1106 1062 1156 decet.-
1094 1107 1275 1157 divisus
1296 1108 1496 1161 mundus
1514 1115 1646 1161 tuum
1664 1109 1800 1173 seret
1818 1115 2193 1178 appellationem.

1464 1254 1830 1279 ‘mum‘

560 1344 1041 1424 tidiumprgntatur
1073 1350 1126 1403 in
1160 1353 1386 1418 vulgata.
1449 1354 1555 1407 Sed
1592 1356 1818 1420 omnino,
1852 1358 1940 1422 qni
1976 1357 2129 1423 hanc,
2162 1358 2378 1423 ejusque
2412 1365 2754 1422 venustatem,

562 1416 711 1467 tecte
751 1413 1088 1474 intellexerit,
1122 1419 1311 1468 nullam
1349 1421 1764 1472 emendationem
1804 1423 2096 1488 exoptabit.
2149 1423 2357 1485 injussus
2397 1423 2536 1488 conj.
2579 1424 2750 1474 Bentl.

563 1484 749 1538 sponte
782 1491 839 1526 se
865 1478 958 1528 tibi
977 1480 1153 1531 tradet
1174 1497 1191 1542 ς
1222 1484 1314 1534 sed
1334 1493 1529 1549 quanto
1552 1487 1813 1549 pnlebrius
1835 1487 2048 1538 verbum
2068 1488 2251 1538 invisus
2266 1489 2293 1539 Ι
2356 1487 2419 1537 Iu
2442 1489 2560 1538 cod.
2582 1498 2754 1538 nostro

563 1539 701 1615 Ljps,
720 1544 768 1591 4.
801 1550 882 1600 est
903 1543 1110 1608 quidem
1137 1546 1366 1608 isam,
1387 1549 1525 1614 qnod
1545 1550 1648 1615 legi
1672 1560 1848 1615 posset
1869 1552 2098 1639 inpransus,
2126 1554 2216 1602 sed
2240 1559 2320 1603 est
2344 1552 2478 1603 haud
2502 1552 2663 1603 dubie
2686 1556 2756 1625 inq

559 1618 734 1662 emas,
757 1612 814 1655 ut
837 1608 971 1673 solet
995 1609 1228 1674 inprimis
1247 1613 1291 1662 is
1313 1613 1496 1663 codex.
1538 1617 1667 1675 visus
1687 1617 1908 1673 Mentel.
1956 1618 2227 1668 danie—78
2266 1618 2413 1682 Lips.
2431 1622 2483 1669 Δ.
2522 1619 2659 1668 Uxor
2678 1618 2753 1667 in-

558 1666 671 1718 viti.
704 1669 832 1720 Post
857 1673 1011 1725 neseis
1033 1676 1385 1738 interrogandi
1409 1679 1606 1742 signum
1632 1683 1715 1731 vul
1753 1697 1785 1732 o
1807 1683 1859 1732 in
1882 1681 2005 1733 edd.
2033 1682 2164 1734 ‘Sed
2187 1686 2385 1733 rectius
2409 1697 2438 1733 e
2461 1697 2578 1734 meo
2602 1697 2754 1733 sensu

560 1733 672 1783 sine
707 1735 1116 1801 interrogatione
1154 1743 1381 1807 legitur.'
1411 1745 1549 1795 Jant.
1611 1746 1699 1797 Sic

559 1796 777 1851 Mitacb.
794 1808 851 1852 et
864 1803 1048 1854 Comb-

1783 1755 1892 1799 axt.
1919 1747 2111 1798 Sanad.
2142 1748 2306 1799 Gesn.
2343 1748 2506 1799 Zeun.
2543 1749 2755 1814 Bipont.

1552 1906 1771 1960 No'rAE

624 1998 688 2045 ⁷3
740 1997 878 2047 Uxor
907 2001 1079 2051 invicti
1117 2002 1257 2053 Jovis
1297 2018 1397 2054 esse
1436 2005 1615 2071 nescis]

556 2068 717 2133 Apud
735 2072 1006 2125 Moschum
1027 2086 1148 2128 ante
1166 2079 1258 2129 cit.
1272 2080 1485 2143 Jupiter
1498 2082 1615 2146 ipse

557 2159 613 2194 se
638 2147 861 2214 Enropae
884 2150 1050 2217 qualis
1084 2155 1152 2204 sit
1185 2156 1374 2220 aperit,
1402 2165 1458 2208 et
1490 2173 1608 2209 con·

552 2222 855 2345 :olationem
881 2226 1110 2293 adhibet,
1130 2233 1361 2296 quamvis
1381 2233 1435 2283 in
1459 2241 1612 2286 tauro

575 2300 743 2349 atens.
1000 2316 1005 2323 ·

619 2379 686 2428 74
709 2377 842 2428 Bene
861 2380 999 2439 serre
1026 2397 1246 2446 magnam
1275 2385 1424 2438 Disce
1443 2388 1611 2449 fortn-

553 2454 688 2518 ιω]
724 2455 844 2518 Vel,
863 2458 1087 2510 tolerare
1108 2476 1318 2526 gravem
1341 2465 1496 2515 animi
1519 2465 1611 2517 do-

555 2529 751 2592 lorem;
786 2533 887 2591 vel,
921 2537 1120 2598 regiam
1163 2532 1422 2590 fortunam
1457 2544 1611 2593 susti·

553 2617 679 2655 nere
695 2616 758 2657 ac
780 2611 936 2662 tueri.
989 2613 1124 2663 Nam
1148 2616 1381 2669 scribunt
1404 2619 1612 2683 quidam

551 2680 737 2732 Jovem
769 2683 885 2750 (alii
908 2686 1110 2752 dicunt,
1122 2690 1412 2759 Xanthum)
1436 2696 1612 2749 Cretae

553 2757 749 2823 Regem
782 2776 916 2812 nave
947 2764 1031 2814 cni
1056 2773 1229 2818 taurus
1251 2772 1536 2835 appellatio
1556 2781 1615 2826 et

552 2835 751 2900 insigne
772 2837 891 2901 fuit,
903 2834 1161 2907 Europam
1184 2846 1436 2910 rapuisse,
1452 2857 1611 2916 atque

549 2926 616 2965 ex
662 2913 929 2971 Phoenicia
966 2918 1019 2969 in
1064 2920 1272 2973 Cretam
1328 2924 1609 2978 abductam

548 2992 724 3041 uxoris
754 2992 872 3043 loeo
892 2993 1142 3047 habuisse.
1208 2998 1313 3049 Alii
1338 3003 1492 3069 paulo
1512 3004 1609 3054 ali-

551 3073 654 3132 ter,
672 3084 702 3119 a
725 3071 965 3127 Cretensi
1004 3074 1147 3140 Rege
1179 3079 1386 3127 nomine
1407 3080 1606 3146 Tauro,

548 3144 708 3195 illatis
741 3147 791 3199 in
825 3148 1144 3201 Phceniciam
1179 3155 1350 3219 armis,
1383 3156 1606 3223 victore,

550 3223 809 3289 Europam
859 3228 1041 3303 Regis!
1071 3231 1244 3284 Cretae
1281 3235 1445 3289 filiam
1488 3255 1609 3297 cum

549 3299 665 3351 aliis
689 3303 872 3364 puellis
896 3307 1155 3370 captivam
1190 3326 1308 3364 esse
1342 3320 1609 3381 transpor-

549 3383 729 3429 tatam.
792 3381 929 3432 Vide
965 3384 1157 3436 Euseb.
1187 3390 1286 3439 &c.
1320 3390 1449 3442 cml.
1472 3394 1609 3444 Rbo-

548 3453 655 3520 dig.
677 3469 795 3507 xvi.
814 3461 895 3508 17.
930 3460 1071 3524 apud
1097 3463 1510 3534 Lycophronem,
1529 3472 1606 3522 in·

546 3530 679 3595 quit,
704 3539 882 3584 taurus
905 3536 991 3600 qui
1011 3540 1181 3602 rapuit
1202 3541 1481 3607 Europam,
1503 3561 1608 3599 non

546 3606 688 3656 aliud
703 3623 855 3673 quam
869 3610 1195 3679 τάυρόμορφον
1208 3613 1422 3681 rhum,
1439 3623 1494 3673 id
1507 3631 1607 3685 est,

547 3685 678 3734 tauri
685 3684 850 3745 forma
863 3691 1107 3753 proesigue
1125 3695 1388 3757 navigium.

609 3765 672 3811 ⁷6
706 3763 812 3813 Tua
845 3772 998 3816 sectus
1028 3768 1156 3819 orbis
1190 3771 1399 3824 Nomina
1436 3778 1600 3844 ducet]

545 3835 703 3889 Orbis
716 3840 770 3889 in
786 3841 912 3892 duas
934 3844 1015 3895 vel
1035 3851 1141 3897 tres
1156 3845 1305 3901 divisi
1319 3853 1601 3919 portiones,

543 3913 687 3976 (nam
720 3914 840 3966 oiim
877 3919 964 3969 alii
996 3921 1150 3972 aliter
1177 3926 1468 3993 senserunt)
1497 3944 1602 3980 nna

544 4001 668 4051 pars
692 3990 757 4041 de
781 3999 872 4041 tuo
894 3996 1099 4046 nomine
1125 4000 1475 4064 appellabitur
1493 4005 1598 4056 Eu·

542 4079 687 4128 ropa.
754 4068 837 4118 Ex
872 4071 1080 4132 vulgata
1121 4076 1383 4139 opinione.
1459 4081 1599 4134 Nam

542 4140 769 4206 alioquin
813 4144 1063 4198 Herodot.
1118 4150 1209 4203 lib.
1246 4167 1322 4204 lv.
1376 4157 1595 4209 scribit=

541 4216 786 4268 ‘Nemini
820 4223 1130 4274 mortalium
1175 4235 1416 4282 constare
1458 4233 1597 4285 unde

1695 2007 1906 2072 Europa
1939 2023 2129 2060 nomen
2152 2008 2347 2074 adepta
2370 2008 2456 2073 sit,
2490 2009 2590 2059 nisi
2612 2007 2751 2060 dica·

1694 2090 1780 2134 tur
1800 2085 1867 2134 ab
1890 2085 2098 2150 Europa
2114 2085 2436 2153 'syria-(alias
2458 2086 2635 2154 Syria)
2665 2088 2751 2154 no·

1694 2174 1811 2209 men
1856 2161 2124 2226 accepisse
2170 2163 2432 2226 regionem
2476 2169 2626 2213 antea
2666 2179 2751 2215 no·

1691 2236 1831 2287 mine
1860 2246 2154 2290 carentem:
2190 2239 2329 2291 illam
2352 2255 2509 2306 porro
2529 2257 2596 2291 ex
2627 2241 2752 2292 Asia

1690 2321 1837 2367 certe
1880 2314 2058 2375 fuisse,
2101 2317 2174 2377 in.
2198 2316 2330 2369 hanc
2374 2332 2499 2367 vero
2543 2319 2751 2371 minime

1690 2403 2004 2442 commeasse
2023 2398 2234 2451 terram,
2257 2409 2370 2460 qnae
2392 2406 2531 2443 nunc
2553 2407 2586 2443 a
2609 2394 2754 2445 Gra·

1685 2466 1774 2519 ,eia
1801 2474 2016 2519 =vocatur
2047 2470 2278 2533 Europa,
2309 2468 2404 2522 sed
2437 2486 2471 2520 a
2504 2470 2752 2521 Pboenice

1690 2551 1893 2595 tantum
1914 2545 1968 2595 in
1992 2546 2223 2610 Cretam,
2237 2553 2293 2597 et
2310 2562 2338 2598 e
2355 2548 2513 2599 Creta
2535 2549 2589 2597 in
2610 2545 2751 2598 Afri-

1692 2623 1842 2674 cam.’
1927 2625 2083 2690 Apud
2131 2626 2405 2679 Moschum
2448 2633 2608 2677 antea
2661 2628 2749 2677 cit.

1692 2701 1848 2768 Idyll.
1867 2701 2034 2769 initio,
2055 2704 2298 2773 refertur,
2317 2706 2439 2755 dum
2457 2705 2626 2759 adbuc
2650 2705 2751 2754 vir-

1691 2793 1759 2844 go
1799 2779 2070 2831 Pboenicia
2103 2789 2398 2833 versaretur
2435 2783 2664 2847 Europa,
2699 2783 2750 2832 in

1688 2856 1880 2909 somnis
1916 2857 2016 2909 sibi
2050 2858 2229 2909 videre
2260 2860 2373 2909 visa
2403 2865 2573 2909 terras
2606 2858 2753 2920 duas,

1671 2932 1887 2996 Asiam,
1905 2940 1960 2984 et
1976 2935 2193 2985 alteram
2210 2935 2259 2985 ei
2279 2935 2594 2999 oppositam,
2606 2934 2674 2986 de
2694 2950 2750 2985 se

1689 3011 2069 3069 contendentes
2088 3028 2102 3063 ε
2127 3011 2362 3062 muliebri
2381 3011 2548 3062 forma
2566 3021 2749 3064 erant:

1686 3086 1869 3138 harum
1907 3087 2076 3138 altera
2103 3088 2380 3153 peregrino
2402 3080 2550 3138 vnlt‘n
2577 3095 2634 3138 et
2666 3090 2750 3137 ba-

1686 3161 1829 3225 bitu3
1859 3163 2028 3215 altera
2042 3165 2223 3217 similis
2240 3171 2356 3216 erat
2372 3164 2660 3228 indigenae,
2675 3172 2752 3217 at·

1686 3252 1790 3303 qne
1810 3244 1872 3291 ut
1904 3238 2063 3289 filiam
2083 3240 2249 3304 magis
2269 3239 2591 3304 vindicabat,
2611 3240 2748 3306 qnod

1687 3328 1803 3367 eam
1827 3317 2094 3380 genuisset
2113 3331 2177 3367 ac
2198 3317 2500 3367 nutrivisset
2518 3333 2534 3366 ι
2570 3332 2750 3368 verum

1687 3392 1855 3443 altera
1905 3393 2088 3445 validis
2137 3395 2459 3446 contendens
2511 3394 2749 3445 manibus

1686 3471 1928 3522 trahebat
1963 3486 2063 3521 non
2095 3465 2330 3535 invitam,
2372 3472 2507 3538 qnod
2548 3487 2615 3523 ea
2650 3471 2748 3524 sibi

1685 3544 1801 3596 fato
1822 3546 2085 3599 destinata
2107 3554 2261 3606 esset,
2282 3551 2381 3598 &c-
2413 3566 2420 3573 ·

1749 3624 1920 3675 &ctus
1931 3624 2082 3688 orbis]
2106 3626 2264 3675 Fama
2279 3624 2379 3675 fuit
2392 3624 2573 3676 orbem
2586 3640 2749 3691 quon·

1683 3700 1803 3752 dam
1828 3709 1993 3754 totum
2017 3703 2369 3754 continentem
2392 3703 2660 3764 extitisse3
2694 3709 2748 3752 at

1681 3778 2003 3843 irrumpente
2034 3778 2255 3829 subinde
2289 3778 2353 3828 ad
2385 3778 2631 3829 Herculis
2658 3793 2744 3829 co·

1681 3855 1880 3906 lumnas
1915 3854 2131 3905 Oceano
2161 3862 2359 3905 sectum
2392 3869 2456 3904 ac
2486 3854 2742 3903 divisum:

1680 3939 1737 3982 et
1776 3932 1897 3981 hine
1928 3938 2073 3981 mare
2117 3931 2564 3981 Mediterraneum
2606 3945 2742 3981 esse.

1682 4008 1822 4058 Plin.
1858 4022 1919 4057 ιι.
1946 4010 2029 4058 90.
2063 4010 2080 4035 ⁴
2096 4007 2341 4057 Oceanus
2358 4009 2411 4057 in
2436 4016 2605 4057 totum
2629 4008 2743 4058 abs·

1679 4086 1804 4135 tulit
1847 4091 2031 4136 terras.
2106 4085 2337 4135 Primum
2380 4084 2606 4133 omnium
2655 4085 2741 4134 ubi

1678 4159 1999 4211 Atlanticum
2022 4175 2165 4211 mare
2200 4167 2297 4223 est,
2328 4162 2372 4211 si
2392 4161 2604 4212 Platoni
2627 4176 2741 4212 cre-

1675 4236 1863 4302 dimus,
1884 4237 2134 4289 immenso
2166 4237 2377 4302 spatio)
2441 4239 2511 4291 Et
2533 4238 2624 4289 lib.
2649 4252 2740 4289 ιιι.
