3059 4909
24 4317 33 4382 rr-vffi

1310 345 1650 398 noRA‘rn.
2089 355 2094 360 ·
2496 336 2582 421 19
2681 319 2692 324 ’

467 491 725 557 Habitu
769 489 1072 575 corporis
1124 493 1345 557 brevis
1390 491 1520 558 fuit
1568 498 1773 576 atque
1818 493 2094 572 obesuS,
2141 494 2368 579 qualis
2413 501 2481 562 et
2538 518 2582 563 a

380 602 587 660 semet
644 596 798 678 ipso
856 596 925 658 in
987 595 1276 661 Satiris?
1327 596 1750 671 describitur,
1809 602 1879 661 et
1930 599 2017 663 ab
2085 598 2395 681 Augusto
2457 600 2581 666 hac

378 697 717 781 Epistola:
764 701 784 730 ‘
819 696 1107 763 Pertulit
1136 697 1222 762 ad
1249 717 1353 761 me
1386 698 1754 781 Dionysius
1771 704 1798 743 ‘¹
1826 698 2122 764 libellum
2149 704 2353 777 tuum,
2384 721 2581 785 quem

377 820 527 883 ego,
579 821 663 864 ne
709 817 1018 866 accusem
1069 800 1485 878 brevitatem,
1540 800 2195 886 quantuluscumque
2244 809 2374 879 est,
2424 803 2582 867 boni

377 902 680 968 consulo.
768 902 1003 967 Vereri
1035 907 1253 966 autem
1299 902 1457 967 mihi
1505 893 1892 979 viderisme
1919 903 2206 987 majores
2236 903 2454 968 libelli
2485 904 2582 968 tui

375 1005 535 1082 sint,
566 1024 766 1087 quam
796 1005 944 1087 ipse
971 1024 1068 1068 es.
1157 1004 1295 1069 Sed
1338 1001 1401 1069 ‘si
1437 1004 1566 1070 tibi
1596 1006 2082 1082 statura-deest,
2114 1006 2581 1090 corpusculum

375 1125 512 1171 non
556 1105 787 1172 deest.r
871 1107 1110 1189 Itaque
1139 1105 1423 1174 licebit
1404 1127 1469 1170 m
1499 1109 1905 1173 sextarioio⁸
1932 1109 2214 1185 scribas,
2260 1127 2410 1172 cum
2456 1107 2582 1172 cir-

377 1208 603 1273 cuitus
654 1208 1009 1273 voluminis
1059 1209 1156 1273 tui
1212 1209 1306 1272 sit
1353 1207 1801 1293 ὅγκωὸἐστατος,
1855 1210 2032 1275 sicut
2080 1215 2188 1274 est
2227 1206 2584 1273 ventriculi

379 1310 519 1374 tui?

377 1467 584 1531 generis
620 1463 859 1532 poemata
898 1469 1133 1519 breviora
1172 1469 1440 1533 dicebant,

379 1559 482 1594 non
506 1545 694 1607 solnm,
715 1552 773 1595 nt
795 1547 968 1608 vulgo,
992 1546 1199 1609 Idyllia.
1237 1547 1387 1599 Idem.

442 1622 672 1684 magiam
694 1623 760 1671 nl.
782 1624 932 1683 male,
953 1629 1099 1686 puto.
1147 1623 1244 1672 Est
1268 1631 1441 1672 autem

379 1700 600 1761 Ecloga,
622 1713 665 1749 s.
703 1698 938 1762 Epistola
964 1699 1080 1747 libri
1104 1698 1314 1747 secundi
1337 1700 1440 1762 pri·

380 1790 470 1892 οἳ)
495 1774 806 1913 (Ιῗῖςαείνὶρ,
843 1865 938 1913 np.
979 1864 1041 1899 n.
1080 1850 1193 1900 Sat.
1232 1853 1283 1898 3.
1327 1853 1440 1899 309.

379 1927 499 1976 Huc
523 1927 686 1976 etiam
714 1927 943 1992 pertinet
968 1940 1007 1977 ι.
1030 1927 1199 1991 Epist.
1215 1930 1267 1975 4.
1302 1933 1463 1975 extr.·

380 2002 425 2050 E
456 2003 694 2066 margine
728 2002 962 2067 suspicor
993 2017 1106 2052 esse
1133 2002 1253 2062 hoc,
1275 2002 1327 2050 in
1351 2002 1441 2051 Sn-

378 2078 522 2136 tin’s5
588 2093 709 2128 nam
762 2078 1107 2128 recentiorem
1152 2077 1451 2138 Satirarum

381 2155 786 2217 appellationem
810 2168 925 2203 esse
953 2152 1253 2202 videbimus.
1282 2153 1420 2200 Jani.

446 2238 471 2271 (Ι
505 2231 772 2294 Dionysius
806 2229 941 2278 haud
976 2229 1134 2278 dubie
1154 2244 1332 2278 servus
1356 2229 1439 2286 vel

381 2306 598 2356 libertus
641 2306 883 2370 Augusti.
975 2306 1081 2353 Pro
1130 2321 1187 2354 ne
1230 2321 1440 2355 accrcsem

381 2382 675 2444 brevitatem,
707 2381 840 2431 liber
863 2382 986 2431 Pur.
1010 2380 1230 2431 habebat
1252 2397 1441 2431 accusa·

379 2475 513 2517 rem,·
571 2459 782 2522 Regius,
835 2464 890 2507 nt
943 2464 1253 2521 accusantem,
1306 2460 1443 2508 unde

383 2533 560 2583 Bentl.
592 2538 648 2581 ut
683 2539 733 2582 te
776 2547 1002 2583 accusem.
1069 2533 1213 2583 Male
1258 2535 1444 2582 omnia.

384 2609 579 2673 Regius
602 2608 766 2659 codex
794 2609 998 2658 videtur
1021 2624 1136 2659 cum
1161 2610 1340 2658 lacuna
1358 2610 1444 2659 ha-

381 2686 575 2746 buisse,
604 2701 665 2736 ne
693 2702 862 2736 cecus.
883 2721 897 2736 .
917 2722 930 2737 .
949 2719 962 2733 .
979 2691 1119 2736 atem.
1154 2686 1317 2736 Idem.

446 2770 466 2796 ¹
497 2762 678 2812 Codex
703 2765 874 2825 regius
897 2778 1012 2813 cum
1033 2764 1218 2812 lacuna
1237 2761 1446 2813 exhibe·

381 2841 504 2890 batt
539 2839 637 2889 Sed
655 2840 699 2888 si
720 2840 810 2889 tibi
825 2845 1013 2889 datura
1027 2842 1173 2901 deest,
1198 2873 1211 2887 .
1233 2873 1245 2888 .
1266 2874 1279 2887 .
1299 2874 1312 2889 .
1326 2841 1449 2891 uude

379 2926 469 2971 ost.
553 2920 625 2969 Et
669 2920 745 2969 sic
791 2919 966 2967 Bentl.
1033 2918 1186 2967 Unde
1230 2918 1448 2968 Casaub..

381 2994 522 3060 conj.
542 3000 705 3044 venter
723 2993 906 3044 abunde
931 2999 1017 3043 est.
1085 2994 1263 3043 Facile
1285 3007 1446 3057 appa-

381 3079 485 3134 ret,
523 3070 720 3134 perisse
765 3072 1108 3133 corpusculum,
1145 3076 1200 3119 et
1235 3071 1444 3119 literam

384 3147 608 3210 primum
645 3160 711 3195 ex
745 3148 979 3195 nom—in
1009 3146 1265 3195 sextat-5010
1304 3146 1445 3211 (quae

384 3231 470 3273 est
501 3237 741 3273 mensura
774 3223 993 3288 antiqua
1022 3231 1078 3272 et
1106 3223 1364 3272 aridorum
1396 3225 1449 3271 et

385 3298 718 3363 liquidorum,
751 3306 903 3348 sexta
939 3299 1111 3362 congii
1152 3297 1303 3361 pars)
1330 3300 1448 3348 scri·

386 3373 493 3422 bere
522 3375 605 3423 vel
640 3375 924 3437 prudenter
957 3374 1230 3439 negligunt
1267 3375 1442 3440 lntpp.

386 3451 474 3499 vel
495 3457 707 3513 putant,
715 3449 891 3513 juberi
926 3450 1203 3500 Horatium
1240 3452 1291 3499 in
1329 3467 1441 3501 sex·

388 3526 649 3588 tarint-rm,
691 3536 933 3591 tanquam
972 3527 1029 3575 in
1060 3542 1286 3577 museum
1321 3530 1444 3579 irre-

389 3615 549 3664 pere3
599 3616 703 3666 quo
716 3602 838 3666 joco
861 3602 989 3651 nihil
1013 3611 1190 3665 posset
1209 3603 1443 3667 frigidius

388 3677 697 3741 excogitari.
764 3677 1071 3728 Rectissime
1100 3693 1228 3729 unus
1253 3681 1448 3730 Gesne4

389 3768 475 3802 rus
510 3768 618 3802 rem
654 3754 903 3816 expediit.
968 3754 1207 3815 Constat,
1247 3764 1449 3806 veteres

388 3829 648 3879 volumina
678 3845 774 3879 sna
807 3843 962 3893 super
997 3831 1201 3894 bacillo,
1225 3833 1306 3880 vel
1339 3833 1448 3881 lon·

390 3907 525 3971 giori
546 3908 628 3957 vel
652 3906 897 3968 breviori,
927 3907 1265 3957 convolvisse.
1329 3907 1448 3958 Jam

390 3983 699 4033 sextat-iolas
731 3983 1005 4033 admodum
1041 3983 1212 4033 brevis
1243 3998 1334 4034 seu
1356 3986 1448 4033 lin·

391 4058 523 4108 milis
556 4055 717 4108 fuerit
749 4066 976 4121 oportet,
1012 4059 1092 4107 vel
1127 4059 1262 4107 axim
1298 4073 1447 4123 snpe-

394 4142 539 4184 rante
563 4134 838 4185 diametro.
880 4134 1065 4199 Itaque
1089 4136 1448 4185 humanissimo

386 4208 506 4272 joco
541 4208 809 4274 Augustus
842 4210 1152 4261 brevitatem
1184 4212 1302 4266 libri
1339 4212 1446 4261 Ho»

1524 1472 1666 1536 ratii,
1700 1472 1847 1536 cnjus
1868 1474 2093 1523 lectione
2128 1487 2230 1522 non
2266 1474 2482 1523 satiatus
2506 1487 2584 1523 cs·

1520 1558 1618 1612 set,
1654 1557 1882 1599 accusat.
1949 1548 2004 1599 Si
2047 1550 2141 1609 vis,
2177 1548 2336 1598 libros
2370 1556 2485 1599 tuos
2529 1558 2582 1598 te

1518 1625 1633 1686 ipso
1671 1640 1775 1675 non
1811 1626 2029 1690 majores
2067 1640 2203 1687 esse,
2225 1626 2442 1690 cogites,
2474 1626 2585 1688 tibi,

1520 1701 1644 1751 licet
1661 1718 1770 1752 non
1795 1704 2023 1766 longum,
2047 1709 2104 1752 at
2127 1717 2353 1751 crassum
2388 1715 2581 1764 corpus

1520 1792 1632 1826 esse
1655 1794 1668 1827 ε
1707 1786 1762 1827 et
1789 1780 1863 1827 sic
1887 1779 2031 1840 licet,
2056 1777 2240 1827 bacillo
2266 1776 2584 1842 brevissimo,

1522 1868 1617 1916 per
1640 1869 1723 1904 me
1743 1855 1826 1904 vel
1850 1855 2149 1915 sextariolo,
2174 1856 2407 1903 involvas
2423 1854 2586 1917 scrip·

1523 1937 1578 1976 ta
1616 1936 1725 1992 tna,
1761 1944 1885 1990 em,
1918 1931 1969 1979 b.
2008 1944 2056 1979 e.
2099 1927 2397 1988 dummodo,
2443 1928 2583 1993 qnod

1522 2005 1834 2067 longitudini
1870 2005 2042 2066 deest,
2075 2012 2135 2054 ut
2169 2004 2218 2053 in
2257 2013 2325 2060 te,
2362 2003 2586 2052 circuitu

1522 2090 1905 2144 compensetur.
1918 2071 2440 2144 ὀήκωδέστατοςῃυαηι
2456 2094 2585 2129 cras·

1519 2156 1753 2207 sissimus.
1802 2157 1939 2207 Mire
1961 2163 2208 2220 corrupta
2232 2162 2314 2205 est
2333 2155 2446 2205 haec
2468 2170 2589 2217 vox,

1522 2232 1575 2281 in
1598 2233 1751 2282 editis
1775 2248 2014 2299 quoque;
2056 2247 2103 2282 e.
2139 2248 2187 2296 g.
2221 2229 2587 2294 cinnanos-aros,

1520 2308 2019 2375 ὀτηκωάντατος,8ιι·.
2084 2310 2189 2359 Sed
2227 2323 2328 2358 non
2349 2308 2587 2357 dissimu-

1521 2387 1751 2449 landum,
1801 2387 1850 2437 h.
1899 2389 1932 2437 Ι.
1974 2388 2024 2435 in
2073 2386 2198 2434 Vita
2239 2384 2447 2434 Horatii
2503 2397 2589 2447 ap.

1526 2462 1809 2524 Nanninm,
1857 2462 2159 2526 Cruqninm,
2201 2461 2488 2520 Muretum,
2531 2466 2586 2508 et

1525 2538 1700 2600 vulgo,
1721 2539 1875 2601 sequi
1895 2539 2063 2587 locum
2097 2534 2586 2595 inhonestissimum,

1525 2613 1613 2675 qui
1654 2622 1857 2676 turpem
1894 2614 2145 2661 maculam
2181 2618 2325 2660 tanto
2362 2609 2473 2657 viro
2507 2624 2588 2657 as·

1530 2689 1789 2750 perserit:
1826 2689 1914 2738 Aa}
1935 2704 2011 2738 res
2032 2691 2253 2738 venereas
2273 2688 2586 2750 intemperan-

1527 2764 1624 2812 tim·
1663 2765 1906 2822 traditur,
1898 2780 1910 2794 ·
1960 2780 2072 2813 nam
2110 2765 2344 2827 apeculato
2376 2762 2585 2826 cubiculo

1526 2845 1683 2888 scorta
1716 2841 1894 2890 dicitur
1931 2841 2147 2891 habuisse
2181 2838 2305 2904 (sic)
2337 2839 2589 2902 disposita,

1529 2922 1586 2965 nt
1605 2933 1885 2982 quocumque
1919 2917 2220 2981 respexisset,
2242 2916 2311 2965 ibi
2348 2916 2393 2964 ei
2429 2917 2588 2977 imago

1527 2994 1679 3044 cointe
1714 2995 1989 3055 referretur.
2058 2995 2119 3043 ln
2163 2994 2346 3058 quibus
2386 2994 2587 3042 etiamsi

1526 3068 1663 3120 forte
1703 3086 1733 3120 a
1765 3071 2050 3122 Latinitate
2080 3068 2206 3120 ferri
2241 3069 2456 3132 possint,
2482 3083 2587 3131 spe-

1527 3147 1735 3195 culatum
1755 3146 2033 3207 cubiculum,
2072 3154 2150 3207 et,
2180 3146 2426 3209 disponere
2459 3160 2586 3194 scor-

1529 3228 1614 3279 ta5
1650 3232 1704 3272 at
1744 3224 1974 3272 narratio
2011 3223 2122 3284 ipsa
2155 3222 2230 3272 ita
2266 3221 2493 3271 absurda
2532 3228 2588 3270 et

1530 3295 1816 3356 ἀπόπατος,
1840 3298 1917 3347 ita
1950 3308 2133 3361 aper-te
2166 3313 2197 3348 e
2217 3296 2437 3346 Seneca».
2463 3296 2588 3348 Nat.

1528 3374 1729 3424 Quaest.
1772 3388 1812 3424 r.
1862 3378 1939 3423 16.
1988 3374 2055 3423 de
2102 3373 2302 3423 Hostio
2349 3371 2587 3438 quodam,

1528 3450 1794 3499 dissolutae
1844 3450 2089 3515 nequitias
2143 3449 2368 3511 homine,
2413 3464 2592 3498 narra-

1530 3528 1692 3589 tione,
1732 3533 2027 3590 permntato
2059 3526 2265 3575 nomine
2315 3525 2491 3585 ducta,
2532 3531 2590 3574 ut

1530 3603 1726 3651 nullum
1767 3617 1881 3652 esse
1916 3601 2126 3651 dubium
2159 3602 2342 3666 possit,
2379 3600 2588 3665 quinab

1529 3682 1716 3744 inepto
1732 3682 2082 3731 Grammatico
2100 3680 2187 3728 ille
2209 3692 2407 3742 pannus
2430 3678 2586 3727 inter-

1530 3758 1739 3819 polatus
1795 3758 1879 3806 sit.
1950 3754 2267 3805 Doctissime
2319 3754 2453 3816 inpr.
2503 3752 2598 3806 ln..

1534 3832 1764 3894 Lessing.
1800 3832 1943 3894 Opp.
1980 3839 2019 3880 t.
2056 3844 2142 3880 ιιι.
2178 3844 2229 3893 p.
2267 3833 2345 3878 11.
2367 3833 2447 3878 80.
2472 3844 2591 3888 enm

1534 3908 1774 3958 resecuit.
1823 3908 2007 3957 Tacite
2030 3907 2222 3958 Dacer.
2248 3915 2304 3956 et
2325 3907 2591 3957 Baxterus

1531 3984 1830 4035 omiserunt.
1867 3984 2010 4034 Ideni.

1596 4065 1615 4090 ⁸
1638 4059 1825 4121 Nemo,
1844 4059 1980 4125 quod
1998 4059 2176 4121 sciam,
2190 4072 2356 4123 neque
2379 4058 2588 4123 quatit..

1529 4149 1698 4200 neque
1737 4136 1910 4198 docet,
1948 4135 2072 4200 qnid
2117 4134 2186 4184 sit
2236 4134 2292 4183 in
2334 4136 2588 4183 sextariolo

1525 4212 1744 4264 seribere.
1812 4213 1945 4263 Nam
1978 4211 2112 4277 qnod
2138 4210 2329 4274 jubent
2352 4225 2588 4275 correpe-
