3059 4909
953 381 1361 429 cARmNuM
1419 383 1562 431 ma.
1612 383 1661 433 ι.
1706 370 1813 435 28.

2368 364 2502 429 191.

481 521 718 588 Aerias
749 528 1040 588 tentasse
1062 524 1324 603 domos,
1358 524 1711 610 animoque
1740 529 2100 596 rotundum
2450 527 2496 589 5

562 623 971 689 Percurrisse
1001 628 1255 709 polum,
1286 628 1646 713 morituro!

477 725 749 791 Occidit
774 732 844 791 et
869 728 1148 811 Pelopis
1178 729 1454 810 genitor,
1477 731 1766 796 conviva
1799 733 2128 813 Deorum3

556 828 1021 912 Tithonusque
1052 838 1345 895 remotus
1376 832 1446 895 in
1476 851 1698 911 auras,

477 929 564 995 Et
583 929 630 995 J
635 932 786 995 ovis
820 933 1079 996 arcanis
1105 931 1329 996 Minos
1361 933 1739 1006 admissus:
1782 937 2152 1021 habentque
2253 939 2260 946 '

556 1031 840 1098 Tartara
872 1033 1310 1112 Panthoiden,
1338 1036 1581 1101 iterum
1615 1036 1795 1104 Orco

2408 1041 2493 1105 10

309 1192 423 1252 quod
442 1193 650 1242 coelestes
667 1192 884 1254 regiones
904 1195 1136 1256 lustrasti,
1157 1194 1472 1260 ambitumque
1493 1198 1622 1247 orbis
1644 1165 1802 1248 mente,
1818 1198 2049 1248 circuisti.
2082 1159 2086 1163 β
2117 1196 2203 1246 Sic
2222 1201 2271 1246 et
2306 1197 2497 1260 Pelopis

311 1253 422 1304 obiit
438 1262 598 1318 pater,
625 1258 882 1308 Numinum
897 1261 1121 1310 conviva:
1157 1260 1387 1310 Tithonus
1407 1263 1554 1312 etiam
1578 1264 1631 1311 in
1654 1265 1819 1313 coelum
1838 1263 2051 1313 sublatus
2066 1279 2082 1310 :
2106 1277 2191 1312 nee
2212 1277 2305 1310 non
2328 1263 2504 1324 Minos,

308 1327 581 1371 secretorum
600 1322 742 1372 Jovis
759 1324 1022 1389 particeps:
1055 1325 1267 1375 Panthei
1273 1325 1419 1391 filius
1439 1342 1617 1391 quoque
1638 1343 1827 1378 rursum
1846 1330 1909 1378 ad
1932 1326 2118 1389 Inseros
2139 1332 2299 1376 trusus
2320 1326 2493 1376 ibidem

1220 1450 1311 1474 θύα
1315 1453 1368 1473 oe
1375 1453 1587 1474 eeeeoee

309 1545 385 1595 ap.
408 1533 579 1584 Bentl.
603 1534 924 1599 improbante
945 1536 1185 1588 Jani.—6
1212 1538 1500 1589 Perculsisse
1514 1539 1737 1589 Mentel.
1764 1539 2038 1588 Decurrisse
2048 1537 2259 1587 Venett.
2279 1535 2493 1586 Ascens.

311 1596 525 1651 Locher.
547 1607 603 1649 et
627 1601 850 1651 Florem.
878 1606 1021 1652 1482.

1090 1602 1253 1652 ‘Post
1290 1605 1497 1653 Munera
1535 1618 1609 1652 vs.
1640 1607 1691 1653 4.
1730 1610 1785 1653 et
1821 1604 2049 1651 morituro
2080 1600 2494 1664 interrogationis

309 1662 501 1725 signum
526 1666 675 1728 ponit
708 1664 898 1715 Sanad·
970 1667 1194 1717 Gravior
1234 1667 1439 1718 videtur
1482 1683 1599 1718 esse
1636 1668 1892 1718 sententia
1920 1669 2030 1717 sine
2054 1663 2494 1729 interrogatione.’

1286 1799 1509 1849 NOTAE

366 1895 398 1940 6
431 1891 695 1956 Mor-ituro]
747 1893 843 1942 Est
877 1894 963 1957 qni
1007 1907 1183 1944 vocem
1225 1894 1359 1944 hanc

300 1967 486 2031 jungat
517 1982 632 2017 cum
656 1968 990 2031 praecedente
1014 1971 1188 2030 animo,
1213 1977 1272 2018 ut
1294 1984 1360 2019 ex

306 2045 544 2109 opinione
576 2046 783 2109 Epicuri
817 2045 988 2111 (cujus
1013 2061 1042 2096 e
1066 2061 1224 2111 grege
1252 2047 1359 2097 Ho-

305 2120 492 2185 ratius)
548 2123 789 2172 mortales
845 2123 1000 2171 animi
1048 2130 1361 2175 asserantur.

306 2198 388 2247 Ita
409 2198 679 2249 Plutarch.
708 2197 773 2246 de
797 2199 999 2261 placitis
1026 2199 1359 2263 Philosopho-

305 2289 413 2323 rum
438 2288 515 2324 ιν.
535 2279 584 2324 7.
638 2272 909 2337 Ἐπίκουρος
923 2273 1012 2333 τὴν
1033 2274 1193 2336 ψυχὴν
1212 2278 1358 2340 ‹ponp-

303 2351 392 2410 τὴν
411 2353 486 2413 τῷ·
506 2351 688 2411 σώματι
716 2349 1200 2416 συνδιαφθειρομένην.

368 2433 396 2479 7
438 2429 625 2479 Occidit
664 2434 713 2478 et
750 2429 943 2492 Pelopis
971 2428 1191 2491 genitor]
1227 2428 1358 2477 Haec

305 2505 466 2555 verba
499 2505 707 2570 quidam
730 2514 785 2555 et
806 2505 1074 2570 sequentia
1107 2518 1268 2568 usque
1292 2503 1357 2552 ad

271 2637 283 2644 ⁵
304 2582 421 2645 ista,
459 2582 543 2631 Me
580 2598 757 2646 quoque
793 2583 980 2642 devexi,
1020 2584 1102 2640 ὅτ.
1170 2580 1359 2630 Nautae

305 2670 419 2706 esse
462 2656 704 2707 continua
747 2657 1118 2720 pronuntiant:
1167 2656 1253 2706 alii
1286 2663 1360 2706 at·

307 2731 542 2781 tribuunt
563 2732 812 2795 Archytae
830 2733 894 2781 ad
920 2742 1126 2782 nautam
1150 2746 1360 2797 respon·

306 2807 453 2857 denti
471 2807 577 2857 sic:
613 2807 753 2859 Quid
778 2808 976 2856 miraris
995 2808 1129 2873 quod
1156 2808 1359 2858 interie-

304 2884 417 2942 rim,
456 2898 574 2934 cum
610 2897 761 2933 nemo
798 2898 1106 2933 summorum
1138 2885 1361 2933 virorum

304 2959 404 3009 huc
424 2973 586 3024 usque
609 2966 825 3009 mortem
848 2958 1123 3025 effugerit?
1158 2962 1235 3010 En
1263 2961 1364 3011 Pe-

305 3036 438 3100 lopis
472 3035 677 3100 genitor
719 3034 931 3097 occidit,
966 3037 1210 3085 Tantalus
1249 3036 1363 3099 ipse

307 3109 534 3160 Deorum
553 3111 787 3176 conviva,
805 3114 903 3162 ὅτε.
922 3111 1138 3160 Pindar.
1151 3112 1362 3176 Olymp.

309 3187 410 3237 Od.
431 3202 470 3236 1.
505 3187 668 3248 canit,
700 3186 741 3235 si
765 3202 916 3252 quem
947 3189 1240 3237 mortalium
1272 3189 1360 3237 ho-

308 3270 555 3313 norarunt
576 3263 688 3326 Dii,
710 3263 928 3312 maxime
949 3264 1241 3313 Tantalum.

372 3341 564 3405 Pelopis
572 3341 781 3404 genitor,
794 3340 901 3405 ξω]
934 3342 1181 3391 Tantalus
1199 3341 1366 3406 Pliry-

310 3418 404 3480 gioe
451 3432 561 3477 rex,
600 3415 1000 3481 Agamemnonis
1047 3426 1102 3467 et
1138 3418 1366 3466 Menelai

308 3510 452 3558 avus,
486 3496 631 3544 Deos
674 3494 909 3543 convivio
943 3495 1175 3557 excepit,
1206 3502 1366 3560 utque
1401 3552 1406 3556 ,

308 3584 485 3620 eornm
530 3570 855 3620 divinitatem
891 3571 1240 3633 experiretur,
1269 3572 1367 3621 Pe-

306 3647 475 3713 lopem
499 3646 660 3696 filium
676 3647 736 3695 iis
756 3646 1068 3711 epulandum
1093 3647 1364 3711 apposuit:

309 3736 431 3785 quas
459 3722 536 3770 illi
558 3722 719 3785 dapes
756 3715 1090 3785 exlior'ruere,
1126 3724 1364 3773 detruso·

308 3813 407 3863 qne
440 3799 506 3848 ad
542 3797 745 3848 Inferos
777 3799 997 3848 Tantalo
1032 3797 1232 3848 facinus
1256 3799 1366 3847 vin·
1422 3845 1429 3850 .

308 3874 567 3924 dicavere.
634 3873 845 3924 Diodor.
881 3875 1041 3924 Sicul.
1074 3888 1149 3925 w.
1192 3877 1270 3923 ll.
1296 3874 1368 3923 ait

306 3949 581 4000 Tantalum
596 3950 745 4001 Jovis
762 3950 942 4012 filium,
959 3952 1156 4001 divitiis
1178 3958 1234 4001 et
1257 3952 1366 4015 glo-

309 4027 383 4077 ria
405 4027 680 4091 insignem,
697 4027 834 4090 apud
856 4025 997 4075 Asiae
1023 4035 1223 4089 partem
1250 4041 1365 4092 qnae

308 4102 669 4167 Paphlagonia
702 4102 912 4158 dicitur,
937 4101 1055 4151 Diis
1092 4103 1249 4152 etiam
1281 4116 1366 4152 ca-

309 4192 419 4228 rum
461 4180 528 4229 ob
573 4181 774 4243 generis
817 4179 1148 4229 claritatem:
1184 4171 1365 4243 postea

311 4269 433 4306 vero
450 4255 708 4308 felicitate
728 4256 1112 4307 insolentiorem
1131 4247 1363 4320 evulga‘s·

1439 1909 1493 1943 se
1538 1894 1830 1944 hominibus
1885 1892 2244 1944 immortalium
2291 1895 2497 1939 secreta

1441 1985 1558 2032 quae
1591 1985 1776 2019 mensae
1811 1968 2169 2020 communione
2193 1972 2248 2017 et
2281 1980 2496 2015 consue·

1440 2047 1617 2096 tudine
1640 2062 1754 2095 cnm
1780 2047 1893 2096 Diis
1927 2050 2177 2094 noverat:
2214 2043 2361 2105 cujus
2396 2041 2498 2090 cri-

1441 2124 1593 2173 minis
1613 2139 1789 2189 poenas
1808 2123 1960 2174 solvit
1978 2120 2041 2171 ad
2059 2120 2266 2171 Inferos
2288 2127 2459 2170 trusus
2480 2135 2497 2180 ;

1440 2207 1500 2251 ut
1522 2215 1684 2266 usque
1708 2200 1774 2250 ad
1798 2207 2022 2252 mentum
2042 2198 2308 2259 insurgant
2329 2209 2497 2259 aquae,

1440 2282 1497 2326 et
1517 2277 1582 2326 ad
1606 2277 1742 2326 labia
1774 2289 1940 2341 usque
1963 2288 2114 2338 poma
2135 2271 2496 2336 dependeant:

1440 2361 1495 2403 et
1528 2362 1699 2403 tamen
1735 2353 1788 2402 in
1825 2366 2013 2416 magna
2049 2350 2133 2399 siti
2159 2357 2214 2399 et
2247 2347 2382 2396 fame
2402 2360 2498 2397 nec

1439 2429 1615 2479 bibere
1639 2430 1792 2479 liceat
1814 2442 1911 2479 nec
1936 2427 2111 2477 edere.
2144 2425 2357 2475 Pindar.
2381 2438 2500 2474 mox

1438 2507 1528 2556 cit.
1566 2505 1785 2567 addidit,
1802 2504 2069 2554 Tantalum
2104 2515 2245 2551 suam
2275 2499 2500 2564 felicita-

1440 2590 1548 2632 tem
1570 2588 1754 2645 utpote
1788 2581 1993 2629 nimiam
2036 2589 2360 2640 concoquere
2395 2589 2499 2624 non

1443 2659 1694 2723 potuisse,
1712 2656 1807 2707 sed
1839 2654 2110 2704 saturitate
2145 2652 2382 2701 damnum
2419 2656 2500 2699 tu-

1443 2735 1565 2783 lisse
1599 2734 1900 2782 immensum
1945 2730 2010 2780 ab
2045 2730 2159 2793 ipso
2190 2729 2326 2778 Jove
2350 2732 2499 2789 patre

1445 2811 1748 2875 irrogatum.

1507 2893 1539 2937 8
1560 2887 1871 2949 Tithonusque
1887 2888 2090 2935 remotus
2104 2882 2156 2930 iu
2173 2878 2336 2941 auras]
2360 2878 2499 2931 Quin

1444 2971 1499 3013 et
1531 2962 1786 3012 Tithonus
1824 2959 2039 3009 Aurorae
2074 2958 2306 3018 maritus,
2341 2969 2502 3019 quan·

1444 3053 1597 3103 quam
1623 3036 1688 3086 ab
1717 3051 1877 3085 uxore
1902 3032 2102 3084 coelesti
2142 3047 2293 3081 succo
2328 3028 2505 3094 perfu-

1443 3129 1551 3177 sus,
1598 3122 1750 3178 atque
1796 3113 1874 3161 ita
1912 3112 2063 3160 vivax
2102 3106 2338 3166 effectus,
2380 3105 2502 3155 fatis

1442 3191 1654 3239 tandem
1678 3187 1950 3238 concessit.
2019 3184 2313 3254 Remqtusia
2336 3182 2503 3245 auras]

1443 3265 1525 3315 Ab
1541 3265 1746 3315 Aurora
1758 3263 2025 3313 adamatus
2043 3267 2096 3309 et
2113 3254 2231 3309 hinc
2250 3260 2301 3307 in
2317 3259 2504 3307 coelum

1446 3350 1646 3405 raptus.
1713 3340 1936 3404 Insuper
1980 3335 2283 3387 fabulantur
2326 3334 2503 3384 Titho-

1446 3432 1566 3466 num
1586 3417 1872 3467 senectutis
1887 3413 2206 3464 incommoda
2225 3418 2503 3475 pertaesum

1447 3493 1498 3541 in
1522 3493 1751 3542 cicadam
1771 3491 2032 3555 optavisse
2056 3488 2312 3543 converti,
2328 3487 2503 3551 sicque

1445 3569 1577 3619 adeo
1611 3567 2028 3618 transformatum
2060 3565 2112 3612 in
2147 3563 2265 3611 aere
2296 3575 2504 3623 suspen-

1446 3661 1557 3693 sum
1590 3646 1641 3693 in
1676 3644 1900 3695 canistro
1935 3639 2112 3703 fuisse2
2172 3636 2412 3686 Eustath.
2437 3634 2506 3684 ad

1447 3720 1600 3770 Iliad.
1621 3727 1680 3770 Ψ.
1705 3718 1899 3768 Athen.
1924 3729 2012 3764 ιιι.
2035 3722 2087 3762 et
2115 3726 2217 3761 xn.
2243 3714 2324 3762 12.

1510 3801 1546 3845 9
1580 3797 1645 3844 Et
1675 3794 1815 3843 Joeis
1846 3790 2036 3840 areanis
2058 3789 2222 3836 Minos
2249 3782 2504 3845 admissus]

1448 3872 1658 3921 Pariter
1690 3877 1744 3920 et
1779 3870 1948 3918 Minos
1973 3867 2122 3918 Jovis
2152 3863 2504 3913 familiaritate

1448 3947 1658 4010 insignis
1678 3954 1849 3996 tamen
1875 3948 2104 3991 mortuns
2120 3948 2219 3990 est.
2287 3938 2340 3988 Is
2366 3938 2503 4001 apud

1450 4022 1667 4072 Homer.
1700 4022 1893 4088 Odyss.
1922 4026 1976 4069 Τ.
2035 4018 2148 4070 Διὸς
2180 4015 2391 4078 μεγάλου
2425 4014 2504 4063 ὄα-

1447 4097 1625 4164 ριστής.
1693 4099 1853 4148 Plato
1890 4097 1941 4145 in
1999 4095 2131 4145 Min.
2175 4095 2307 4142 hunc
2352 4089 2503 4144 affert

1446 4177 1663 4230 Homeri
1701 4178 1888 4238 locum,
1912 4172 2193 4237 scribitque
2221 4167 2448 4218 Minoem
2472 4181 2503 4216 a

1445 4255 1580 4307 Jove
1603 4252 1880 4316 eruditum,
1902 4256 1957 4300 et
1987 4261 2120 4298 nono
2141 4257 2340 4312 quoque
2364 4256 2500 4292 anno
