3059 4909
548 364 639 431 62
1270 383 1342 445 Q.
1388 384 1714 436 aunarii
1768 383 2032 436 runem

806 527 1153 594 Terrarum
1185 528 1741 595 dominos-evehit
1772 530 1859 595 ad
1894 528 2107 595 Deos.

808 629 1039 709 Hunc,
1073 632 1134 695 si
1164 632 1508 697 mobilium
1542 634 1740 698 turba
1769 630 2139 710 Quiritium

806 731 1034 799 Certat
1060 734 1449 817 tergeminis
1477 734 1708 800 tollere
1738 734 2144 800 honoribus:

811 832 1037 913 Illum,
1067 834 1126 899 si
1158 836 1426 920 proprio
1457 834 1758 900 condidit
1788 834 2028 900 horreo
2119 853 2126 858 ·

808 932 1148 1020 Quicquid
1181 935 1264 1000 de
1296 936 1574 1019 Libycis
1600 935 1878 1001 verritur
1908 936 2107 1001 areis.
2662 937 2747 1001 10

547 1098 713 1159 Hm,
734 1098 779 1149 si
798 1106 1051 1151 eme-tm
1074 1100 1388 1150 Remorum
1406 1101 1777 1151 incantantium
1798 1101 2014 1152 emam
2034 1101 2187 1152 evehit
2199 1102 2263 1150 ad
2281 1100 2514 1151 mainus
2533 1101 2651 1164 dign
2726 1129 2746 1142 -

547 1169 652 1222 τας
680 1163 833 1230 mam,
850 1165 895 1215 si
913 1167 1149 1230 messit
1167 1168 1222 1215 in
1239 1180 1377 1216 sum
1393 1167 1676 1229 granarium
1694 1167 1918 1230 quicquid
1937 1166 2184 1230 colligitur
2198 1181 2262 1216 ex
2275 1167 2401 1217 areis
2421 1166 2589 1231 Libya
2600 1181 2671 1229 ,Ἢ
2717 1213 2724 1220 ,
2755 1195 2760 1198 -

1474 1293 1531 1314 00
1536 1293 1681 1314 ‘6000
1685 1293 1833 1314 ‘m‘

551 1373 722 1437 picum
740 1369 897 1438 juiiat
916 1377 1221 1441 collegisse3
1256 1378 1299 1427 si
1324 1377 1560 1428 nimitum
1583 1384 1640 1429 et
1675 1385 1815 1428 meta
1837 1377 2003 1427 vitata
2031 1374 2257 1426 fervidis
2295 1374 2446 1435 rotis,
2484 1380 2542 1425 et
2575 1375 2747 1438 palma

549 1438 740 1488 nobilis
761 1453 848 1489 eos
870 1440 935 1490 ad
959 1441 1099 1492 Deos
1121 1449 1374 1493 terrarum
1397 1442 1630 1493 dominus
1654 1443 1846 1493 evehit.
1912 1441 2166 1492 Nimirum
2198 1439 2451 1503 scriptum
2471 1440 2591 1489 olim
2615 1449 2750 1502 erat,

543 1503 786 1565 neglecta
808 1506 982 1568 priore
1004 1506 1177 1569 litera,
1212 1507 1233 1556 i
1264 1507 1441 1570 vitata,
1464 1507 1601 1572 quod
1637 1521 1753 1557 eum
1784 1505 1929 1557 nihili
1967 1513 2128 1563 esset,
2164 1510 2417 1555 mutatum
2451 1504 2504 1554 in
2533 1505 2748 1565 Enitata,

543 1581 659 1617 curn
682 1568 854 1630 potius
887 1569 945 1619 τὸ
965 1569 1008 1620 S
1038 1570 1252 1636 appingi
1290 1571 1373 1621 vel
1408 1571 1597 1622 ascribi
1620 1570 1923 1621 debuisset.’
1987 1570 2293 1636 Rutgersius
2316 1574 2565 1633 punctum
2598 1571 2750 1632 punit

542 1638 664 1693 post
684 1632 872 1697 nobilis,
900 1641 954 1685 et
979 1649 1054 1683 vs.
1079 1640 1157 1684 1⁰.
1178 1642 1296 1700 post
1315 1636 1470 1685 areis.-
1506 1636 1642 1687 Edd.
1665 1642 1799 1686 vett.
1821 1634 1935 1686 fere
1972 1649 2147 1684 omnes
2173 1643 2423 1699 punctum
2458 1639 2577 1695 post
2599 1633 2748 1694 Deos,

544 1695 696 1744 colon
721 1704 839 1761 post
859 1698 1127 1761 honoribus,
1151 1706 1206 1750 et
1227 1713 1428 1750 comma
1452 1707 1571 1765 post
1593 1700 1739 1759 areis,
1762 1708 1818 1749 et
1849 1700 1925 1750 ita
1947 1699 2252 1750 Glareanus.
2319 1698 2405 1747 Fr.
2430 1697 2623 1746 Rarius
2664 1707 2749 1748 ac-

541 1760 686 1809 cedit
707 1763 984 1814 sententiae
1003 1765 1303 1830 eorum,qui
1328 1772 1579 1829 punctum
1606 1765 1726 1829 poni
1748 1765 1929 1814 volunt
1951 1763 2015 1814 ad
2039 1776 2219 1814 vocem
2240 1762 2532 1812 nobilia—6
2567 1762 2747 1813 Bentl.

542 1837 640 1886 pro
660 1825 833 1887 mute,
855 1841 921 1877 ex
944 1829 1247 1892 conjectura
1278 1829 1490 1892 scripsit
1513 1830 1723 1890 evehere,
1749 1836 1914 1880 totum
1936 1829 2106 1878 locum
2130 1829 2206 1877 ita
2227 1827 2580 1877 constituens:
2616 1825 2749 1874 Sunt

538 1903 790 1953 quorem.
818 1893 880 1943 Ο.
906 1893 967 1943 C.
993 1893 1245 1955 juranus.
1266 1893 1439 1945 nobilis
1464 1895 1521 1944 Τ.
1543 1894 1894 1952 mescher-ead
1916 1892 2080 1943 Deos.-
2113 1892 2280 1951 Hune,
2311 1891 2356 1942 si
2378 1907 2441 1940 ιιι.
2465 1894 2504 1939 t.
2529 1891 2596 1947 Q.
2620 1890 2680 1940 C.
2702 1896 2745 1940 t.

541 1957 581 2006 t.
603 1952 882 2007 honoribus.-
917 1957 1086 2019 Illum,
1105 1972 1147 2007 s.
1161 1973 1215 2022 p.
1235 1973 1278 2008 e.
1304 1959 1352 2009 Ιι.
1379 1960 1444 2016 Q.
1459 1961 1508 2008 d.
1530 1958 1595 2008 L.
1615 1975 1665 2009 v.
1687 1959 1832 2009 areis.
1870 1957 2185 2019 Gaudentem,
2204 1959 2286 2020 ἆγε.
2352 1954 2507 2005 Hanc
2530 1953 2745 2004 distine-

542 2015 736 2069 tionem
769 2029 979 2073 servant
1000 2023 1217 2074 wetzel.
1253 2022 1437 2074 Comb.
1471 2021 1684 2073 Wakef.
1713 2027 1769 2071 et
1806 2021 1968 2083 Kidd,
1991 2022 2222 2085 quamvis
2245 2020 2425 2084 legant
2444 2018 2604 2069 evehit
2625 2033 2743 2069 cum

540 2084 775 2133 omnibus
800 2086 1007 2148 scriptis
1028 2094 1082 2138 et
1105 2087 1323 2138 edm—7
1359 2087 1522 2137 Brod.
1551 2087 1706 2137 Gott.
1729 2100 1760 2135 a
1780 2101 1849 2135 m.
1875 2100 1954 2149 pr.
1981 2092 2039 2135 et
2062 2085 2187 2134 Exc.
2210 2084 2334 2133 Sax.
2357 2097 2494 2133 cum.
2520 2083 2670 2132 Harl.
2692 2086 2743 2134 2.

540 2148 589 2194 8.
612 2152 660 2195 5.
679 2152 730 2196 6.
749 2149 794 2196 si
816 2150 1057 2201 nobilium.
1087 2152 1104 2180 ⁸
1119 2149 1195 2200 At
1214 2150 1260 2200 si
1278 2152 1524 2200 nubilium
1547 2156 1692 2199 recte
1714 2148 1912 2199 habent
1941 2147 2151 2198 codices
2175 2148 2503 2202 vetustiores,
2522 2154 2744 2212 quatuor

540 2209 804 2260 Blandlnii
827 2227 859 2260 a
899 2213 964 2262 ud
984 2214 1146 2278 Cruq.
1167 2214 1270 2263 duo
1291 2214 1430 2278 apud
1454 2214 1819 2270 Pulmannum‚
1841 2213 2144 2263 Bersmanni
2179 2226 2328 2270 unus,
2366 2219 2423 2261 et
2456 2226 2524 2261 ex
2551 2210 2742 2261 nostris

540 2275 722 2336 optimi
749 2276 840 2325 Lei
880 2312 894 2326 .
911 2277 1091 2327 Groev.
1114 2283 1171 2327 et
1194 2292 1289 2342 pro
1314 2293 1423 2328 var.
1444 2279 1569 2329 lect.
1595 2277 1977 2338 eademtamen
1995 2291 2180 2337 manu,
2195 2275 2367 2327 codex
2392 2276 2618 2339 collegii
2639 2276 2744 2325 Re·
2759 2301 2770 2310 ·

538 2337 709 2401 ginae;
742 2346 850 2391 tum
873 2341 1029 2394 etiam
1053 2349 1201 2393 vetus
1219 2341 1590 2396 Scholiastes!
1624 2343 1889 2394 Barth-8
1924 2341 2089 2392 certet
2118 2340 2224 2391 duo
2262 2341 2414 2392 eodd.
2437 2340 2745 2418 Bergmanni

1519 2471 1733 2524 No'rAE

538 2559 753 2628 Pythia,
793 2565 1061 2630 Nemeaea,
1086 2568 1304 2622 Isthmia
1334 2569 1603 2634 vicissent,

539 2639 717 2691 omui
739 2646 914 2694 tantos
933 2644 1152 2696 honores
1171 2646 1488 2709 tribuebant,
1509 2647 1526 2676 ‘
1544 2653 1602 2696 ut

537 2729 641 2766 non
684 2718 837 2768 modo
872 2719 923 2768 in
956 2729 1218 2771 conventu
1251 2730 1452 2774 stantes
1485 2737 1602 2772 cnm

539 2791 709 2852 palma
732 2799 789 2840 et
811 2805 1003 2843 corona
1039 2793 1238 2844 ferrent
1266 2795 1488 2857 laudes:
1508 2795 1603 2846 sed

537 2875 594 2918 et
607 2878 725 2913 eum
743 2873 1134 2921 reverterentur
1149 2870 1202 2919 in
1221 2886 1340 2922 suas
1357 2872 1603 2924 civitates

538 2940 799 3006 quadrigis
863 2944 1240 3009 triumphantes
1297 2947 1605 2998 inveheren-

539 3021 644 3078 tur,
685 3024 844 3081 atque
878 3020 1223 3084 vectigalibus
1245 3037 1278 3071 a
1307 3022 1605 3087 Republica

536 3092 834 3144 constitutis
858 3095 1019 3146 totins
1035 3096 1156 3147 vitm
1179 3097 1352 3161 spatio
1366 3097 1603 3154 frueren-

536 3173 641 3219 tur.
693 3168 827 3219 Hoec
843 3169 1050 3221 vitruv.
1073 3171 1164 3222 lib.
1180 3186 1260 3225 ιν.
1312 3174 1499 3236 Palma
1512 3190 1598 3225 ve·

537 3256 597 3294 ro
619 3243 821 3308 signum
844 3247 1077 3298 victoriae
1106 3250 1295 3311 passim
1326 3251 1467 3314 apud
1491 3266 1599 3302 om·

537 3330 628 3367 nes
644 3320 991 3386 statuitur-,ex
1006 3323 1303 3385 Plutarcho,
1320 3334 1601 3391 propterea

538 3394 674 3458 quod
698 3410 760 3445 ea
792 3403 873 3447 est
903 3398 1013 3462 ejus
1034 3406 1218 3450 natura
1251 3401 1399 3465 ligni,
1434 3410 1493 3453 ut
1515 3418 1599 3453 ur-

536 3471 779 3532 gentibus
829 3474 1345 3543 opprimentibusque
1389 3479 1599 3530 minime

536 3545 709 3597 cedat.
776 3548 929 3600 Unde
962 3560 1044 3602 est
1074 3552 1200 3603 illud
1242 3553 1437 3607 Alciati
1475 3557 1600 3620 Epi·

536 3635 798 3684 grammaz
829 3627 846 3655 ⁴
869 3626 1070 3679 Nititur
1101 3629 1152 3680 in
1185 3629 1387 3694 pondus
1410 3633 1602 3697 palma,

535 3705 592 3749 et
613 3702 876 3766 consurgit
891 3704 945 3754 in
968 3706 1164 3770 altum;
1190 3708 1411 3773 Quoque
1435 3709 1598 3772 magis

447 3826 453 3831 ,
537 3776 804 3841 premitur,
823 3779 922 3831 hoe
952 3795 1099 3846 mage
1124 3783 1259 3835 tollit
1282 3782 1446 3835 onus?

598 3857 634 3901 6
669 3853 923 3907 Terminus
977 3858 1213 3922 dominos]
1275 3858 1389 3909 Ista
1437 3858 1598 3912 verba

536 3926 744 3990 quidam
791 3933 1054 3997 accipiunt
1096 3933 1165 3984 de
1200 3934 1468 3998 Romanis,
1507 3935 1597 3999 qui

531 4000 724 4055 fuerint
747 4006 968 4057 victores
989 4007 1043 4058 in
1068 4007 1226 4059 Ludis
1244 4009 1599 4075 Circensibus,

532 4080 733 4131 scilicet
767 4082 836 4132 ob
876 4082 1003 4133 illud
1035 4083 1264 4147 Virgilii,
1301 4087 1317 4112 ‘
1338 4086 1598 4138 Romanos

536 4167 707 4204 rerum
751 4155 982 4206 dominos
999 4157 1033 4218 ς’
1087 4160 1317 4209 nonnulli
1362 4161 1600 4214 referunt

535 4228 601 4278 ad
634 4230 791 4279 vitam
822 4238 881 4280 et
913 4229 1171 4283 fortunam
1209 4235 1596 4302 Olympionica-

1683 2584 1796 2619 rum
1835 2567 2202 2629 beatissimam,
2235 2581 2351 2632 quae
2380 2566 2511 2616 etin
2536 2579 2744 2630 prover·

1683 2645 1823 2698 bium
1869 2642 2021 2693 abiit.
2083 2642 2278 2692 Melius
2322 2647 2495 2692 tamen
2539 2641 2630 2689 alii
2677 2640 2744 2690 ad

1683 2720 1825 2783 ipsos
1850 2720 1993 2769 Deos
2011 2717 2153 2770 orbis
2171 2717 2535 2767 dominatores.

1751 2793 1927 2843 Evertit
1947 2794 2012 2844 ud
2032 2792 2188 2856 Deos]
2218 2792 2303 2842 Ad
2325 2793 2556 2842 Deorum
2576 2791 2747 2843 felici·

1686 2875 1845 2919 tatem
1882 2868 2092 2919 videtur
2121 2870 2361 2920 evehere.
2423 2868 2566 2919 Hinc
2588 2875 2642 2919 et
2663 2883 2745 2920 ιν.

1684 2946 1791 2998 Od.
1844 2950 1895 2996 2.
1929 2949 2010 2997 18.
2060 2946 2079 2975 ‘
2109 2945 2374 2997 eoelestes'
2412 2946 2743 3011 appellantur

1684 3020 2082 3086 Olympionieae'.

1744 3104 1776 3150 7
1811 3099 2087 3163 Nobilium]
2132 3097 2358 3152 Quidam
2395 3096 2626 3152 nobilitans
2668 3099 2744 3148 le·

1683 3182 1840 3239 gunt:
1864 3182 1919 3226 at
1942 3174 2065 3225 illud
2090 3175 2410 3238 aptissimum
2432 3175 2612 3238 populi
2629 3175 2743 3239 epi·

1682 3251 1899 3302 thetum.
1969 3249 2250 3311 Qun-itinn,
2296 3263 2329 3300 a
2365 3251 2601 3309 Romulo,
2651 3251 2741 3314 qni

1683 3334 1801 3392 post
1824 3334 2042 3377 mortem
2074 3334 2129 3377 et
2148 3327 2466 3391 apotheosim
2490 3326 2740 3380 Quirinus

1682 3410 1913 3467 vocatus,
1934 3403 2166 3455 Quirites
2202 3403 2415 3453 Romani
2438 3409 2561 3452 sunt
2583 3402 2738 3453 dieti:

1678 3481 1694 3506 ‘
1719 3478 1837 3529 Sive
1886 3478 2022 3543 quod
2066 3478 2214 3528 hasta
2247 3478 2404 3543 quiris
2440 3478 2625 3543 priscis
2658 3485 2741 3530 est

1679 3553 1819 3606 dicta
1834 3553 2077 3605 Sabinis!
2142 3555 2298 3606 Ovid.
2317 3555 2456 3606 Fast.
2475 3569 2541 3605 ιι.
2556 3559 2673 3606 477.

1743 3634 1775 3680 8
1807 3631 2105 3693 Ter-genunt:
2134 3630 2409 3693 bonoribus]
2474 3631 2740 3694 Amplissi-

1676 3705 1792 3762 mis,
1809 3704 2119 3768 Tribunatu,
2138 3706 2435 3769 Quaestura,
2447 3705 2739 3767 AEdilitate,

1677 3778 1934 3843 Praetura,
1953 3778 2257 3844 Consulatu,
2279 3781 2531 3846 Censura,
2551 3781 2738 3831 Dicta·

1678 3863 1812 3908 tura.
1879 3855 1987 3907 Alii
2030 3857 2329 3921 intelligunt
2359 3857 2575 3907 iteratos
2619 3858 2736 3907 Ma·

1677 3935 1924 3999 gistratns
1942 3953 1959 3999 ς
1980 3936 2207 3986 nonnulli
2229 3935 2455 3986 sublatos
2474 3941 2530 3984 et
2549 3949 2737 3999 conge-

1676 4011 1896 4064 minatos
1937 4015 2147 4078 plausus
2191 4012 2246 4062 in
2287 4012 2511 4068 theatro,
2556 4013 2735 4076 quales

1680 4088 1961 4138 Moecenati
2002 4088 2293 4152 gratulatur
2326 4088 2576 4139 Horatius
2616 4088 2732 4139 Ode

1679 4168 1758 4214 2⁰.
1780 4163 1932 4227 hujus
1948 4162 2086 4214 libri.
