<?xml version="1.0" encoding="UTF-8"?>
<!DOCTYPE html PUBLIC "-//W3C//DTD XHTML 1.0 Transitional//EN"
    "http://www.w3.org/TR/xhtml1/DTD/xhtml1-transitional.dtd">
<html xmlns="http://www.w3.org/1999/xhtml" xml:lang="en" lang="en">
 <head>
  <title>
</title>
<meta http-equiv="Content-Type" content="text/html;charset=utf-8" />
  <meta name='ocr-system' content='tesseract 3.04.00' />
  <meta name='ocr-capabilities' content='ocr_page ocr_carea ocr_par ocr_line ocrx_word'/>
</head>
<body>
  <div class='ocr_page' id='page_1' title='image "./quintihoratiifl00unkngoog_0167.png"; bbox 0 0 3059 4909; ppageno 0'>
   <div class='ocr_carea' id='block_1_1' title="bbox 976 364 1832 432">
    <p class='ocr_par' dir='ltr' id='par_1_1' title="bbox 976 364 1832 432">
     <span class='ocr_line' id='line_1_1' title="bbox 976 364 1832 432; baseline -0.002 -2"><span class='ocrx_word' id='word_1_1' title='bbox 976 377 1389 431; x_wconf 66' lang='lat' dir='ltr'><strong>canamus(</strong></span> <span class='ocrx_word' id='word_1_2' title='bbox 1440 379 1588 428; x_wconf 76' lang='lat' dir='ltr'><strong>ms.</strong></span> <span class='ocrx_word' id='word_1_3' title='bbox 1636 379 1683 429; x_wconf 84' lang='grc' dir='ltr'><strong>ι.</strong></span> <span class='ocrx_word' id='word_1_4' title='bbox 1725 364 1832 432; x_wconf 87' lang='grc'><strong>19.</strong></span> 
     </span>
    </p>
   </div>
   <div class='ocr_carea' id='block_1_2' title="bbox 2371 364 2502 429">
    <p class='ocr_par' dir='ltr' id='par_1_2' title="bbox 2371 364 2502 429">
     <span class='ocr_line' id='line_1_2' title="bbox 2371 364 2502 429; baseline -0.008 0"><span class='ocrx_word' id='word_1_5' title='bbox 2371 364 2502 429; x_wconf 78' lang='grc'><strong>157</strong></span> 
     </span>
    </p>
   </div>
   <div class='ocr_carea' id='block_1_3' title="bbox 573 522 1899 713">
    <p class='ocr_par' dir='ltr' id='par_1_3' title="bbox 573 522 1899 713">
     <span class='ocr_line' id='line_1_3' title="bbox 573 522 1667 610; baseline 0.002 -19"><span class='ocrx_word' id='word_1_6' title='bbox 573 522 717 591; x_wconf 86' lang='lat' dir='ltr'><strong>Hic</strong></span> <span class='ocrx_word' id='word_1_7' title='bbox 745 523 975 590; x_wconf 86' lang='lat' dir='ltr'><strong>vivum</strong></span> <span class='ocrx_word' id='word_1_8' title='bbox 1004 525 1165 591; x_wconf 89' lang='lat' dir='ltr'><strong>mibi</strong></span> <span class='ocrx_word' id='word_1_9' title='bbox 1193 525 1537 610; x_wconf 78' lang='lat' dir='ltr'><strong>cespitem,</strong></span> <span class='ocrx_word' id='word_1_10' title='bbox 1558 526 1667 593; x_wconf 87' lang='lat' dir='ltr'><strong>hic</strong></span> 
     </span>
     <span class='ocr_line' id='line_1_4' title="bbox 652 626 1899 713; baseline 0.001 -21"><span class='ocrx_word' id='word_1_11' title='bbox 652 626 1024 706; x_wconf 86' lang='lat' dir='ltr'><strong>Verbenas,</strong></span> <span class='ocrx_word' id='word_1_12' title='bbox 1053 627 1260 711; x_wconf 80' lang='lat' dir='ltr'><strong>pueri,</strong></span> <span class='ocrx_word' id='word_1_13' title='bbox 1287 627 1543 711; x_wconf 86' lang='lat' dir='ltr'><strong>ponite,</strong></span> <span class='ocrx_word' id='word_1_14' title='bbox 1572 628 1899 713; x_wconf 78' lang='lat' dir='ltr'><strong>thuraque</strong></span> 
     </span>
    </p>
   </div>
   <div class='ocr_carea' id='block_1_4' title="bbox 309 816 2505 885">
    <p class='ocr_par' dir='ltr' id='par_1_4' title="bbox 309 816 2505 885">
     <span class='ocr_line' id='line_1_5' title="bbox 309 816 2505 885; baseline 0.001 -19"><span class='ocrx_word' id='word_1_15' title='bbox 309 819 369 866; x_wconf 80' lang='lat' dir='ltr'><strong>od</strong></span> <span class='ocrx_word' id='word_1_16' title='bbox 389 816 544 882; x_wconf 78' lang='lat' dir='ltr'><strong>ipsam</strong></span> <span class='ocrx_word' id='word_1_17' title='bbox 561 819 685 869; x_wconf 64' lang='lat' dir='ltr'><strong>nihil</strong></span> <span class='ocrx_word' id='word_1_18' title='bbox 704 824 934 884; x_wconf 70' lang='lat' dir='ltr'><strong>spectum.</strong></span> <span class='ocrx_word' id='word_1_19' title='bbox 1005 819 1255 884; x_wconf 80' lang='lat' dir='ltr'><strong>Osamuli,</strong></span> <span class='ocrx_word' id='word_1_20' title='bbox 1277 820 1388 871; x_wconf 82' lang='lat' dir='ltr'><strong>istic</strong></span> <span class='ocrx_word' id='word_1_21' title='bbox 1409 821 1631 885; x_wconf 76' lang='lat' dir='ltr'><strong>cespitem</strong></span> <span class='ocrx_word' id='word_1_22' title='bbox 1651 822 1898 884; x_wconf 78' lang='lat' dir='ltr'><strong>virentem,</strong></span> <span class='ocrx_word' id='word_1_23' title='bbox 1919 820 2030 870; x_wconf 73' lang='lat' dir='ltr'><strong>istic</strong></span> <span class='ocrx_word' id='word_1_24' title='bbox 2047 818 2265 870; x_wconf 78' lang='lat' dir='ltr'><strong>verbenas</strong></span> <span class='ocrx_word' id='word_1_25' title='bbox 2286 823 2333 869; x_wconf 74' lang='lat' dir='ltr'><strong>et</strong></span> <span class='ocrx_word' id='word_1_26' title='bbox 2365 818 2505 868; x_wconf 76' lang='lat' dir='ltr'><strong>thura</strong></span> 
     </span>
    </p>
   </div>
   <div class='ocr_carea' id='block_1_5' title="bbox 1294 951 1514 1003">
    <p class='ocr_par' dir='ltr' id='par_1_5' title="bbox 1294 951 1514 1003">
     <span class='ocr_line' id='line_1_6' title="bbox 1294 951 1514 1003; baseline 0 0"><span class='ocrx_word' id='word_1_27' title='bbox 1294 951 1514 1003; x_wconf 79' lang='lat' dir='ltr'><strong>NOTAE</strong></span> 
     </span>
    </p>
   </div>
   <div class='ocr_carea' id='block_1_6' title="bbox 296 1046 1367 4317">
    <p class='ocr_par' dir='ltr' id='par_1_6' title="bbox 296 1046 1367 4150">
     <span class='ocr_line' id='line_1_7' title="bbox 307 1046 1364 1114; baseline 0.003 -18"><span class='ocrx_word' id='word_1_28' title='bbox 307 1047 634 1098; x_wconf 84' lang='lat' dir='ltr'><strong>currentibus</strong></span> <span class='ocrx_word' id='word_1_29' title='bbox 671 1049 841 1114; x_wconf 87' lang='lat' dir='ltr'><strong>equis,</strong></span> <span class='ocrx_word' id='word_1_30' title='bbox 883 1056 974 1100; x_wconf 86' lang='lat' dir='ltr'><strong>ant</strong></span> <span class='ocrx_word' id='word_1_31' title='bbox 1012 1056 1164 1114; x_wconf 77' lang='lat' dir='ltr'><strong>terga</strong></span> <span class='ocrx_word' id='word_1_32' title='bbox 1196 1046 1364 1099; x_wconf 83' lang='lat' dir='ltr'><strong>danti·</strong></span> 
     </span>
     <span class='ocr_line' id='line_1_8' title="bbox 305 1122 1366 1190; baseline 0.005 -18"><span class='ocrx_word' id='word_1_33' title='bbox 305 1122 418 1173; x_wconf 89' lang='lat' dir='ltr'><strong>bus.</strong></span> <span class='ocrx_word' id='word_1_34' title='bbox 465 1123 621 1188; x_wconf 79' lang='lat' dir='ltr'><strong>Saepe</strong></span> <span class='ocrx_word' id='word_1_35' title='bbox 643 1125 801 1174; x_wconf 85' lang='lat' dir='ltr'><strong>etiam</strong></span> <span class='ocrx_word' id='word_1_36' title='bbox 824 1124 1000 1189; x_wconf 77' lang='lat' dir='ltr'><strong>fugam</strong></span> <span class='ocrx_word' id='word_1_37' title='bbox 1020 1125 1283 1190; x_wconf 86' lang='lat' dir='ltr'><strong>simulant,</strong></span> <span class='ocrx_word' id='word_1_38' title='bbox 1304 1132 1366 1176; x_wconf 88' lang='lat' dir='ltr'><strong>ut</strong></span> 
     </span>
     <span class='ocr_line' id='line_1_9' title="bbox 306 1198 1364 1255; baseline 0.006 -8"><span class='ocrx_word' id='word_1_39' title='bbox 306 1198 625 1250; x_wconf 73' lang='lat' dir='ltr'><strong>incautiores</strong></span> <span class='ocrx_word' id='word_1_40' title='bbox 666 1201 937 1252; x_wconf 84' lang='lat' dir='ltr'><strong>adversum</strong></span> <span class='ocrx_word' id='word_1_41' title='bbox 979 1203 1193 1255; x_wconf 79' lang='lat' dir='ltr'><strong>vulnera</strong></span> <span class='ocrx_word' id='word_1_42' title='bbox 1230 1203 1364 1253; x_wconf 89' lang='lat' dir='ltr'><strong>inse·</strong></span> 
     </span>
     <span class='ocr_line' id='line_1_10' title="bbox 308 1275 1367 1340; baseline 0.008 -17"><span class='ocrx_word' id='word_1_43' title='bbox 308 1282 525 1340; x_wconf 89' lang='lat' dir='ltr'><strong>quentes</strong></span> <span class='ocrx_word' id='word_1_44' title='bbox 578 1275 803 1327; x_wconf 84' lang='lat' dir='ltr'><strong>habeant</strong></span> <span class='ocrx_word' id='word_1_45' title='bbox 807 1310 1011 1329; x_wconf 89' lang='grc'><strong>......</strong></span> <span class='ocrx_word' id='word_1_46' title='bbox 1046 1277 1367 1331; x_wconf 79' lang='lat' dir='ltr'><strong>Intolerandi</strong></span> 
     </span>
     <span class='ocr_line' id='line_1_11' title="bbox 308 1348 1367 1418; baseline 0.008 -20"><span class='ocrx_word' id='word_1_47' title='bbox 308 1348 500 1407; x_wconf 75' lang='lat' dir='ltr'><strong>forent,</strong></span> <span class='ocrx_word' id='word_1_48' title='bbox 517 1349 581 1413; x_wconf 86' lang='lat' dir='ltr'><strong>si,</strong></span> <span class='ocrx_word' id='word_1_49' title='bbox 598 1360 815 1417; x_wconf 81' lang='lat' dir='ltr'><strong>quantus</strong></span> <span class='ocrx_word' id='word_1_50' title='bbox 829 1352 910 1403; x_wconf 88' lang='lat' dir='ltr'><strong>bis</strong></span> <span class='ocrx_word' id='word_1_51' title='bbox 932 1353 1159 1418; x_wconf 87' lang='lat' dir='ltr'><strong>impetus</strong></span> <span class='ocrx_word' id='word_1_52' title='bbox 1175 1361 1275 1418; x_wconf 75' lang='lat' dir='ltr'><strong>est,</strong></span> <span class='ocrx_word' id='word_1_53' title='bbox 1288 1354 1367 1406; x_wconf 80' lang='lat' dir='ltr'><strong>vis</strong></span> 
     </span>
     <span class='ocr_line' id='line_1_12' title="bbox 306 1429 1366 1491; baseline 0.009 -16"><span class='ocrx_word' id='word_1_54' title='bbox 306 1432 452 1476; x_wconf 80' lang='lat' dir='ltr'><strong>tanta</strong></span> <span class='ocrx_word' id='word_1_55' title='bbox 468 1433 522 1477; x_wconf 86' lang='lat' dir='ltr'><strong>et</strong></span> <span class='ocrx_word' id='word_1_56' title='bbox 540 1429 926 1491; x_wconf 80' lang='lat' dir='ltr'><strong>perseverantia</strong></span> <span class='ocrx_word' id='word_1_57' title='bbox 939 1438 1093 1481; x_wconf 82' lang='lat' dir='ltr'><strong>esset.</strong></span> <span class='ocrx_word' id='word_1_58' title='bbox 1128 1431 1366 1485; x_wconf 85' lang='lat' dir='ltr'><strong>Plerum-</strong></span> 
     </span>
     <span class='ocr_line' id='line_1_13' title="bbox 305 1502 1366 1572; baseline 0.008 -21"><span class='ocrx_word' id='word_1_59' title='bbox 305 1508 403 1568; x_wconf 88' lang='lat' dir='ltr'><strong>que</strong></span> <span class='ocrx_word' id='word_1_60' title='bbox 426 1502 479 1552; x_wconf 93' lang='lat' dir='ltr'><strong>in</strong></span> <span class='ocrx_word' id='word_1_61' title='bbox 502 1504 616 1566; x_wconf 85' lang='lat' dir='ltr'><strong>ipso</strong></span> <span class='ocrx_word' id='word_1_62' title='bbox 640 1502 824 1556; x_wconf 83' lang='lat' dir='ltr'><strong>ardore</strong></span> <span class='ocrx_word' id='word_1_63' title='bbox 858 1507 1154 1557; x_wconf 71' lang='lat' dir='ltr'>certaminis</span> <span class='ocrx_word' id='word_1_64' title='bbox 1183 1508 1366 1572; x_wconf 76' lang='lat' dir='ltr'><strong>proelia</strong></span> 
     </span>
     <span class='ocr_line' id='line_1_14' title="bbox 299 1578 1363 1649; baseline 0.008 -22"><span class='ocrx_word' id='word_1_65' title='bbox 299 1578 574 1642; x_wconf 65' lang='lat' dir='ltr'><strong>deserunt,</strong></span> <span class='ocrx_word' id='word_1_66' title='bbox 608 1595 670 1631; x_wconf 94' lang='lat' dir='ltr'><strong>ac</strong></span> <span class='ocrx_word' id='word_1_67' title='bbox 704 1583 859 1646; x_wconf 87' lang='lat' dir='ltr'><strong>paulo</strong></span> <span class='ocrx_word' id='word_1_68' title='bbox 889 1590 1011 1647; x_wconf 89' lang='lat' dir='ltr'><strong>post</strong></span> <span class='ocrx_word' id='word_1_69' title='bbox 1040 1599 1266 1649; x_wconf 79' lang='lat' dir='ltr'><strong>pugnam</strong></span> <span class='ocrx_word' id='word_1_70' title='bbox 1296 1599 1363 1636; x_wconf 83' lang='lat' dir='ltr'><strong>ex</strong></span> 
     </span>
     <span class='ocr_line' id='line_1_15' title="bbox 306 1652 1363 1723; baseline 0.009 -20"><span class='ocrx_word' id='word_1_71' title='bbox 306 1652 429 1720; x_wconf 78' lang='lat' dir='ltr'><strong>fuga</strong></span> <span class='ocrx_word' id='word_1_72' title='bbox 453 1665 725 1723; x_wconf 83' lang='lat' dir='ltr'><strong>repetunt;</strong></span> <span class='ocrx_word' id='word_1_73' title='bbox 751 1665 826 1717; x_wconf 89' lang='lat' dir='ltr'><strong>ut,</strong></span> <span class='ocrx_word' id='word_1_74' title='bbox 850 1674 969 1710; x_wconf 85' lang='lat' dir='ltr'><strong>cum</strong></span> <span class='ocrx_word' id='word_1_75' title='bbox 991 1661 1213 1712; x_wconf 79' lang='lat' dir='ltr'>maxime</span> <span class='ocrx_word' id='word_1_76' title='bbox 1237 1661 1363 1711; x_wconf 82' lang='lat' dir='ltr'><strong>vicis</strong></span> 
     </span>
     <span class='ocr_line' id='line_1_16' title="bbox 306 1734 1362 1796; baseline 0.009 -16"><span class='ocrx_word' id='word_1_77' title='bbox 306 1745 361 1781; x_wconf 86' lang='lat' dir='ltr'><strong>se</strong></span> <span class='ocrx_word' id='word_1_78' title='bbox 380 1737 431 1782; x_wconf 92' lang='lat' dir='ltr'><strong>te</strong></span> <span class='ocrx_word' id='word_1_79' title='bbox 454 1740 632 1796; x_wconf 89' lang='lat' dir='ltr'><strong>putes,</strong></span> <span class='ocrx_word' id='word_1_80' title='bbox 652 1741 775 1784; x_wconf 91' lang='lat' dir='ltr'><strong>tnnc</strong></span> <span class='ocrx_word' id='word_1_81' title='bbox 799 1734 893 1785; x_wconf 90' lang='lat' dir='ltr'><strong>tibi</strong></span> <span class='ocrx_word' id='word_1_82' title='bbox 917 1735 1192 1787; x_wconf 84' lang='lat' dir='ltr'><strong>discrimen</strong></span> <span class='ocrx_word' id='word_1_83' title='bbox 1212 1738 1362 1788; x_wconf 69' lang='lat' dir='ltr'><strong>sube-</strong></span> 
     </span>
     <span class='ocr_line' id='line_1_17' title="bbox 304 1807 1364 1874; baseline 0.007 -17"><span class='ocrx_word' id='word_1_84' title='bbox 304 1807 497 1861; x_wconf 86' lang='lat' dir='ltr'><strong>undum</strong></span> <span class='ocrx_word' id='word_1_85' title='bbox 517 1808 617 1859; x_wconf 87' lang='lat' dir='ltr'><strong>sit.’</strong></span> <span class='ocrx_word' id='word_1_86' title='bbox 648 1811 791 1874; x_wconf 76' lang='lat' dir='ltr'><strong>Ergo</strong></span> <span class='ocrx_word' id='word_1_87' title='bbox 809 1826 911 1861; x_wconf 90' lang='lat' dir='ltr'><strong>non</strong></span> <span class='ocrx_word' id='word_1_88' title='bbox 929 1812 1018 1862; x_wconf 83' lang='lat' dir='ltr'><strong>abs</strong></span> <span class='ocrx_word' id='word_1_89' title='bbox 1037 1826 1093 1861; x_wconf 91' lang='lat' dir='ltr'><strong>re</strong></span> <span class='ocrx_word' id='word_1_90' title='bbox 1115 1812 1364 1864; x_wconf 84' lang='lat' dir='ltr'><strong>Horatius</strong></span> 
     </span>
     <span class='ocr_line' id='line_1_18' title="bbox 306 1881 1364 1951; baseline 0.006 -19"><span class='ocrx_word' id='word_1_91' title='bbox 306 1881 546 1951; x_wconf 58' lang='lat' dir='ltr'><strong>Parim.</strong></span> <span class='ocrx_word' id='word_1_92' title='bbox 566 1884 698 1935; x_wconf 89' lang='lat' dir='ltr'><strong>dicit</strong></span> <span class='ocrx_word' id='word_1_93' title='bbox 718 1887 1011 1937; x_wconf 72' lang='lat' dir='ltr'><strong>animosam.-</strong></span> <span class='ocrx_word' id='word_1_94' title='bbox 1044 1887 1177 1938; x_wconf 83' lang='lat' dir='ltr'><strong>adeo</strong></span> <span class='ocrx_word' id='word_1_95' title='bbox 1202 1888 1364 1938; x_wconf 84' lang='lat' dir='ltr'><strong>virtus</strong></span> 
     </span>
     <span class='ocr_line' id='line_1_19' title="bbox 305 1959 1365 2016; baseline 0.006 -6"><span class='ocrx_word' id='word_1_96' title='bbox 305 1959 464 2012; x_wconf 85' lang='lat' dir='ltr'><strong>etiam</strong></span> <span class='ocrx_word' id='word_1_97' title='bbox 499 1961 549 2010; x_wconf 89' lang='lat' dir='ltr'><strong>in</strong></span> <span class='ocrx_word' id='word_1_98' title='bbox 585 1962 731 2011; x_wconf 85' lang='lat' dir='ltr'><strong>hoste</strong></span> <span class='ocrx_word' id='word_1_99' title='bbox 770 1961 1033 2015; x_wconf 86' lang='lat' dir='ltr'><strong>laudatur.</strong></span> <span class='ocrx_word' id='word_1_100' title='bbox 1083 1964 1222 2014; x_wconf 87' lang='lat' dir='ltr'><strong>Nam</strong></span> <span class='ocrx_word' id='word_1_101' title='bbox 1259 1964 1365 2016; x_wconf 88' lang='lat' dir='ltr'><strong>Ro·</strong></span> 
     </span>
     <span class='ocr_line' id='line_1_20' title="bbox 304 2035 1365 2104; baseline 0.006 -20"><span class='ocrx_word' id='word_1_102' title='bbox 304 2035 470 2085; x_wconf 88' lang='lat' dir='ltr'><strong>manis</strong></span> <span class='ocrx_word' id='word_1_103' title='bbox 515 2037 699 2089; x_wconf 80' lang='lat' dir='ltr'>Parthi</span> <span class='ocrx_word' id='word_1_104' title='bbox 748 2035 1108 2089; x_wconf 76' lang='lat' dir='ltr'><strong>formidabiles</strong></span> <span class='ocrx_word' id='word_1_105' title='bbox 1158 2054 1365 2104; x_wconf 89' lang='lat' dir='ltr'><strong>semper</strong></span> 
     </span>
     <span class='ocr_line' id='line_1_21' title="bbox 302 2109 1362 2179; baseline 0.008 -20"><span class='ocrx_word' id='word_1_106' title='bbox 302 2109 470 2174; x_wconf 76' lang='lat' dir='ltr'><strong>fuere,</strong></span> <span class='ocrx_word' id='word_1_107' title='bbox 491 2112 587 2165; x_wconf 78' lang='lat' dir='ltr'><strong>sub</strong></span> <span class='ocrx_word' id='word_1_108' title='bbox 617 2112 923 2165; x_wconf 83' lang='lat' dir='ltr'><strong>Mithridate</strong></span> <span class='ocrx_word' id='word_1_109' title='bbox 942 2116 1232 2179; x_wconf 71' lang='lat' dir='ltr'><strong>praesertim</strong></span> <span class='ocrx_word' id='word_1_110' title='bbox 1254 2116 1362 2173; x_wconf 86' lang='lat' dir='ltr'><strong>illo,</strong></span> 
     </span>
     <span class='ocr_line' id='line_1_22' title="bbox 300 2187 1362 2264; baseline 0.007 -26"><span class='ocrx_word' id='word_1_111' title='bbox 300 2187 317 2215; x_wconf 84' lang='lat'>‘</span> <span class='ocrx_word' id='word_1_112' title='bbox 339 2190 426 2239; x_wconf 89' lang='lat' dir='ltr'><strong>cui</strong></span> <span class='ocrx_word' id='word_1_113' title='bbox 451 2203 535 2240; x_wconf 90' lang='lat' dir='ltr'><strong>res</strong></span> <span class='ocrx_word' id='word_1_114' title='bbox 554 2198 719 2264; x_wconf 61' lang='lat' dir='ltr'><strong>gestae</strong></span> <span class='ocrx_word' id='word_1_115' title='bbox 752 2191 934 2257; x_wconf 83' lang='lat' dir='ltr'><strong>Magni</strong></span> <span class='ocrx_word' id='word_1_116' title='bbox 966 2207 1249 2258; x_wconf 83' lang='lat' dir='ltr'>cognomen</span> <span class='ocrx_word' id='word_1_117' title='bbox 1271 2194 1362 2245; x_wconf 90' lang='lat' dir='ltr'><strong>de·</strong></span> 
     </span>
     <span class='ocr_line' id='line_1_23' title="bbox 302 2260 1361 2337; baseline 0.006 -22"><span class='ocrx_word' id='word_1_118' title='bbox 302 2260 469 2337; x_wconf 58' lang='lat'><strong>¹¹⁰?92&#39;.</strong></span> <span class='ocrx_word' id='word_1_119' title='bbox 491 2274 550 2317; x_wconf 91' lang='lat' dir='ltr'><strong>ut</strong></span> <span class='ocrx_word' id='word_1_120' title='bbox 573 2267 647 2317; x_wconf 84' lang='lat' dir='ltr'><strong>ait</strong></span> <span class='ocrx_word' id='word_1_121' title='bbox 667 2267 861 2335; x_wconf 78' lang='lat' dir='ltr'><strong>Justin.</strong></span> <span class='ocrx_word' id='word_1_122' title='bbox 899 2267 990 2320; x_wconf 83' lang='lat' dir='ltr'><strong>lib.</strong></span> <span class='ocrx_word' id='word_1_123' title='bbox 1031 2282 1168 2319; x_wconf 80' lang='lat' dir='ltr'><strong>xm.</strong></span> <span class='ocrx_word' id='word_1_124' title='bbox 1206 2269 1361 2321; x_wconf 87' lang='lat' dir='ltr'><strong>immo</strong></span> 
     </span>
     <span class='ocr_line' id='line_1_24' title="bbox 301 2343 1363 2409; baseline 0.004 -17"><span class='ocrx_word' id='word_1_125' title='bbox 301 2358 445 2409; x_wconf 82' lang='lat' dir='ltr'><strong>saepe</strong></span> <span class='ocrx_word' id='word_1_126' title='bbox 468 2344 672 2394; x_wconf 88' lang='lat' dir='ltr'><strong>illorum</strong></span> <span class='ocrx_word' id='word_1_127' title='bbox 704 2343 953 2397; x_wconf 81' lang='lat' dir='ltr'><strong>fuderunt</strong></span> <span class='ocrx_word' id='word_1_128' title='bbox 974 2347 1232 2403; x_wconf 83' lang='lat' dir='ltr'><strong>exereitus</strong></span> <span class='ocrx_word' id='word_1_129' title='bbox 1255 2349 1363 2397; x_wconf 84' lang='lat' dir='ltr'><strong>Du·</strong></span> 
     </span>
     <span class='ocr_line' id='line_1_25' title="bbox 299 2420 1363 2485; baseline 0.003 -14"><span class='ocrx_word' id='word_1_130' title='bbox 299 2434 513 2485; x_wconf 80' lang='lat' dir='ltr'><strong>cesque.</strong></span> <span class='ocrx_word' id='word_1_131' title='bbox 545 2420 581 2475; x_wconf 85' lang='lat' dir='ltr'>J</span> <span class='ocrx_word' id='word_1_132' title='bbox 586 2421 741 2472; x_wconf 81' lang='lat' dir='ltr'><strong>nstin.</strong></span> <span class='ocrx_word' id='word_1_133' title='bbox 760 2422 850 2472; x_wconf 86' lang='lat' dir='ltr'><strong>lib.</strong></span> <span class='ocrx_word' id='word_1_134' title='bbox 871 2435 990 2474; x_wconf 79' lang='lat' dir='ltr'><strong>xm.</strong></span> <span class='ocrx_word' id='word_1_135' title='bbox 1008 2423 1122 2474; x_wconf 89' lang='lat' dir='ltr'><strong>init.</strong></span> <span class='ocrx_word' id='word_1_136' title='bbox 1157 2429 1172 2452; x_wconf 83' lang='lat'><strong>·</strong></span> <span class='ocrx_word' id='word_1_137' title='bbox 1193 2422 1244 2475; x_wconf 85' lang='lat' dir='ltr'>A</span> <span class='ocrx_word' id='word_1_138' title='bbox 1260 2423 1363 2474; x_wconf 82' lang='lat' dir='ltr'><strong>Ro-</strong></span> 
     </span>
     <span class='ocr_line' id='line_1_26' title="bbox 298 2496 1366 2569; baseline 0.007 -23"><span class='ocrx_word' id='word_1_139' title='bbox 298 2496 465 2546; x_wconf 88' lang='lat' dir='ltr'><strong>manis</strong></span> <span class='ocrx_word' id='word_1_140' title='bbox 487 2511 691 2569; x_wconf 81' lang='lat' dir='ltr'><strong>qnoque</strong></span> <span class='ocrx_word' id='word_1_141' title='bbox 715 2497 865 2548; x_wconf 85' lang='lat' dir='ltr'><strong>trinis</strong></span> <span class='ocrx_word' id='word_1_142' title='bbox 898 2496 1047 2550; x_wconf 88' lang='lat' dir='ltr'><strong>bellis</strong></span> <span class='ocrx_word' id='word_1_143' title='bbox 1081 2512 1175 2563; x_wconf 91' lang='lat' dir='ltr'><strong>per</strong></span> <span class='ocrx_word' id='word_1_144' title='bbox 1203 2498 1366 2553; x_wconf 72' lang='lat' dir='ltr'><strong>maxi·¹</strong></span> 
     </span>
     <span class='ocr_line' id='line_1_27' title="bbox 298 2571 1364 2639; baseline 0.005 -18"><span class='ocrx_word' id='word_1_145' title='bbox 298 2584 410 2621; x_wconf 91' lang='lat' dir='ltr'><strong>mos</strong></span> <span class='ocrx_word' id='word_1_146' title='bbox 434 2573 613 2623; x_wconf 80' lang='lat' dir='ltr'>Duces</span> <span class='ocrx_word' id='word_1_147' title='bbox 633 2571 1008 2624; x_wconf 84' lang='lat' dir='ltr'><strong>florentissimis</strong></span> <span class='ocrx_word' id='word_1_148' title='bbox 1043 2576 1364 2639; x_wconf 73' lang='lat' dir='ltr'><strong>temporibus</strong></span> 
     </span>
     <span class='ocr_line' id='line_1_28' title="bbox 296 2647 1363 2716; baseline 0.003 -19"><span class='ocrx_word' id='word_1_149' title='bbox 296 2647 554 2712; x_wconf 80' lang='lat' dir='ltr'><strong>lacessiti,</strong></span> <span class='ocrx_word' id='word_1_150' title='bbox 596 2650 693 2701; x_wconf 90' lang='lat' dir='ltr'><strong>soli</strong></span> <span class='ocrx_word' id='word_1_151' title='bbox 732 2666 797 2700; x_wconf 81' lang='lat' dir='ltr'><strong>ex</strong></span> <span class='ocrx_word' id='word_1_152' title='bbox 839 2651 1077 2703; x_wconf 87' lang='lat' dir='ltr'><strong>omnibus</strong></span> <span class='ocrx_word' id='word_1_153' title='bbox 1121 2650 1363 2716; x_wconf 70' lang='lat' dir='ltr'><strong>gentibus</strong></span> 
     </span>
     <span class='ocr_line' id='line_1_29' title="bbox 298 2725 1364 2789; baseline 0.004 -16"><span class='ocrx_word' id='word_1_154' title='bbox 298 2737 402 2776; x_wconf 89' lang='lat' dir='ltr'><strong>non</strong></span> <span class='ocrx_word' id='word_1_155' title='bbox 437 2738 593 2789; x_wconf 87' lang='lat' dir='ltr'><strong>pares</strong></span> <span class='ocrx_word' id='word_1_156' title='bbox 627 2725 812 2788; x_wconf 85' lang='lat' dir='ltr'><strong>solum,</strong></span> <span class='ocrx_word' id='word_1_157' title='bbox 845 2740 1020 2776; x_wconf 80' lang='lat' dir='ltr'><strong>verum</strong></span> <span class='ocrx_word' id='word_1_158' title='bbox 1060 2727 1218 2781; x_wconf 82' lang='lat' dir='ltr'><strong>etiam</strong></span> <span class='ocrx_word' id='word_1_159' title='bbox 1259 2727 1364 2777; x_wconf 83' lang='lat' dir='ltr'><strong>vic·</strong></span> 
     </span>
     <span class='ocr_line' id='line_1_30' title="bbox 301 2797 1363 2871; baseline 0.004 -21"><span class='ocrx_word' id='word_1_160' title='bbox 301 2804 447 2871; x_wconf 84' lang='lat' dir='ltr'><strong>tores</strong></span> <span class='ocrx_word' id='word_1_161' title='bbox 470 2797 656 2851; x_wconf 63' lang='lat' dir='ltr'><strong>fuere!</strong></span> <span class='ocrx_word' id='word_1_162' title='bbox 704 2801 936 2853; x_wconf 80' lang='lat' dir='ltr'><strong>Tandem</strong></span> <span class='ocrx_word' id='word_1_163' title='bbox 968 2802 1042 2852; x_wconf 86' lang='lat' dir='ltr'><strong>illi</strong></span> <span class='ocrx_word' id='word_1_164' title='bbox 1065 2810 1239 2854; x_wconf 91' lang='lat' dir='ltr'><strong>tamen</strong></span> <span class='ocrx_word' id='word_1_165' title='bbox 1254 2803 1363 2854; x_wconf 84' lang='lat' dir='ltr'><strong>Au·</strong></span> 
     </span>
     <span class='ocr_line' id='line_1_31' title="bbox 298 2872 1364 2943; baseline 0.004 -18"><span class='ocrx_word' id='word_1_166' title='bbox 298 2876 447 2940; x_wconf 77' lang='lat' dir='ltr'><strong>gusti</strong></span> <span class='ocrx_word' id='word_1_167' title='bbox 466 2872 606 2926; x_wconf 84' lang='lat' dir='ltr'><strong>fama</strong></span> <span class='ocrx_word' id='word_1_168' title='bbox 627 2877 874 2941; x_wconf 85' lang='lat' dir='ltr'><strong>perculsi,</strong></span> <span class='ocrx_word' id='word_1_169' title='bbox 897 2876 1009 2942; x_wconf 86' lang='lat' dir='ltr'><strong>ejus</strong></span> <span class='ocrx_word' id='word_1_170' title='bbox 1038 2892 1180 2928; x_wconf 86' lang='lat' dir='ltr'><strong>arma</strong></span> <span class='ocrx_word' id='word_1_171' title='bbox 1199 2879 1364 2943; x_wconf 86' lang='lat' dir='ltr'><strong>perti-</strong></span> 
     </span>
     <span class='ocr_line' id='line_1_32' title="bbox 298 2956 1362 3023; baseline 0.005 -19"><span class='ocrx_word' id='word_1_172' title='bbox 298 2962 615 3017; x_wconf 82' lang='lat' dir='ltr'><strong>mescentes,</strong></span> <span class='ocrx_word' id='word_1_173' title='bbox 643 2956 878 3023; x_wconf 80' lang='lat' dir='ltr'><strong>captivos</strong></span> <span class='ocrx_word' id='word_1_174' title='bbox 912 2971 946 3006; x_wconf 87' lang='lat' dir='ltr'><strong>e</strong></span> <span class='ocrx_word' id='word_1_175' title='bbox 976 2957 1251 3013; x_wconf 79' lang='lat' dir='ltr'><strong>Crassiano</strong></span> <span class='ocrx_word' id='word_1_176' title='bbox 1284 2965 1362 3009; x_wconf 90' lang='lat' dir='ltr'><strong>at·</strong></span> 
     </span>
     <span class='ocr_line' id='line_1_33' title="bbox 299 3030 1367 3101; baseline 0.005 -18"><span class='ocrx_word' id='word_1_177' title='bbox 299 3046 400 3101; x_wconf 86' lang='lat' dir='ltr'><strong>que</strong></span> <span class='ocrx_word' id='word_1_178' title='bbox 421 3030 726 3083; x_wconf 71' lang='lat' dir='ltr'><strong>Antoniano</strong></span> <span class='ocrx_word' id='word_1_179' title='bbox 757 3034 993 3091; x_wconf 83' lang='lat' dir='ltr'><strong>exercitu</strong></span> <span class='ocrx_word' id='word_1_180' title='bbox 1016 3040 1125 3084; x_wconf 84' lang='lat' dir='ltr'><strong>tots</strong></span> <span class='ocrx_word' id='word_1_181' title='bbox 1145 3034 1367 3089; x_wconf 78' lang='lat' dir='ltr'><strong>Parthia</strong></span> 
     </span>
     <span class='ocr_line' id='line_1_34' title="bbox 300 3110 1364 3176; baseline 0.002 -15"><span class='ocrx_word' id='word_1_182' title='bbox 300 3110 632 3175; x_wconf 72' lang='lat' dir='ltr'><strong>recollectos,</strong></span> <span class='ocrx_word' id='word_1_183' title='bbox 651 3111 903 3176; x_wconf 75' lang='lat' dir='ltr'><strong>signaque</strong></span> <span class='ocrx_word' id='word_1_184' title='bbox 938 3125 1055 3162; x_wconf 83' lang='lat' dir='ltr'><strong>eum</strong></span> <span class='ocrx_word' id='word_1_185' title='bbox 1076 3111 1155 3163; x_wconf 87' lang='lat' dir='ltr'><strong>his</strong></span> <span class='ocrx_word' id='word_1_186' title='bbox 1176 3112 1364 3163; x_wconf 83' lang='lat' dir='ltr'><strong>milita-</strong></span> 
     </span>
     <span class='ocr_line' id='line_1_35' title="bbox 298 3186 1367 3238; baseline 0.001 -2"><span class='ocrx_word' id='word_1_187' title='bbox 298 3186 378 3236; x_wconf 85' lang='lat' dir='ltr'><strong>ria</strong></span> <span class='ocrx_word' id='word_1_188' title='bbox 401 3186 728 3236; x_wconf 84' lang='lat' dir='ltr'><strong>remiserunt.</strong></span> <span class='ocrx_word' id='word_1_189' title='bbox 780 3186 934 3237; x_wconf 87' lang='lat' dir='ltr'><strong>Unde</strong></span> <span class='ocrx_word' id='word_1_190' title='bbox 957 3193 1012 3236; x_wconf 90' lang='lat' dir='ltr'><strong>et</strong></span> <span class='ocrx_word' id='word_1_191' title='bbox 1040 3187 1150 3237; x_wconf 89' lang='lat' dir='ltr'><strong>cusi</strong></span> <span class='ocrx_word' id='word_1_192' title='bbox 1172 3187 1367 3238; x_wconf 88' lang='lat' dir='ltr'><strong>nummi</strong></span> 
     </span>
     <span class='ocr_line' id='line_1_36' title="bbox 299 3261 1367 3326; baseline 0.003 -15"><span class='ocrx_word' id='word_1_193' title='bbox 299 3272 419 3311; x_wconf 86' lang='lat' dir='ltr'><strong>cnm</strong></span> <span class='ocrx_word' id='word_1_194' title='bbox 449 3261 549 3311; x_wconf 82' lang='lat' dir='ltr'><strong>hac</strong></span> <span class='ocrx_word' id='word_1_195' title='bbox 580 3262 896 3326; x_wconf 73' lang='lat' dir='ltr'><strong>epigraphez</strong></span> <span class='ocrx_word' id='word_1_196' title='bbox 939 3274 1117 3313; x_wconf 77' lang='lat' dir='ltr'><strong>smms</strong></span> <span class='ocrx_word' id='word_1_197' title='bbox 1161 3275 1367 3314; x_wconf 69' lang='lat' dir='ltr'><strong>nacar-</strong></span> 
     </span>
     <span class='ocr_line' id='line_1_37' title="bbox 297 3336 1366 3407; baseline 0.002 -20"><span class='ocrx_word' id='word_1_198' title='bbox 297 3349 402 3387; x_wconf 75' lang='lat' dir='ltr'><strong>‘ns-</strong></span> <span class='ocrx_word' id='word_1_199' title='bbox 472 3339 488 3366; x_wconf 90' lang='lat'>‘</span> <span class='ocrx_word' id='word_1_200' title='bbox 516 3336 746 3402; x_wconf 83' lang='lat' dir='ltr'><strong>Plusque</strong></span> <span class='ocrx_word' id='word_1_201' title='bbox 786 3337 963 3389; x_wconf 67' lang='lat' dir='ltr'><strong>Cesar</strong></span> <span class='ocrx_word' id='word_1_202' title='bbox 1007 3337 1366 3407; x_wconf 74' lang='lat' dir='ltr'><strong>magnitudine</strong></span> 
     </span>
     <span class='ocr_line' id='line_1_38' title="bbox 303 3412 1365 3479; baseline 0.002 -17"><span class='ocrx_word' id='word_1_203' title='bbox 303 3413 529 3462; x_wconf 89' lang='lat' dir='ltr'><strong>nominis</strong></span> <span class='ocrx_word' id='word_1_204' title='bbox 565 3413 643 3462; x_wconf 88' lang='lat' dir='ltr'><strong>sui</strong></span> <span class='ocrx_word' id='word_1_205' title='bbox 681 3412 830 3477; x_wconf 84' lang='lat' dir='ltr'><strong>fecit,</strong></span> <span class='ocrx_word' id='word_1_206' title='bbox 866 3427 1019 3479; x_wconf 81' lang='lat' dir='ltr'><strong>quam</strong></span> <span class='ocrx_word' id='word_1_207' title='bbox 1043 3413 1197 3463; x_wconf 86' lang='lat' dir='ltr'><strong>armis</strong></span> <span class='ocrx_word' id='word_1_208' title='bbox 1236 3413 1365 3464; x_wconf 80' lang='lat' dir='ltr'><strong>alius</strong></span> 
     </span>
     <span class='ocr_line' id='line_1_39' title="bbox 299 3487 1364 3555; baseline 0.003 -18"><span class='ocrx_word' id='word_1_209' title='bbox 299 3488 599 3554; x_wconf 80' lang='lat' dir='ltr'><strong>Imperator</strong></span> <span class='ocrx_word' id='word_1_210' title='bbox 646 3487 824 3539; x_wconf 85' lang='lat' dir='ltr'><strong>faeere</strong></span> <span class='ocrx_word' id='word_1_211' title='bbox 878 3488 1179 3555; x_wconf 69' lang='lat' dir='ltr'><strong>potuisset-⁹¹</strong></span> <span class='ocrx_word' id='word_1_212' title='bbox 1228 3489 1364 3541; x_wconf 78' lang='lat' dir='ltr'><strong>Haec</strong></span> 
     </span>
     <span class='ocr_line' id='line_1_40' title="bbox 302 3565 1364 3618; baseline 0.002 -2"><span class='ocrx_word' id='word_1_213' title='bbox 302 3565 498 3617; x_wconf 88' lang='lat' dir='ltr'><strong>Justin.</strong></span> <span class='ocrx_word' id='word_1_214' title='bbox 522 3565 611 3615; x_wconf 80' lang='lat' dir='ltr'><strong>cit.</strong></span> <span class='ocrx_word' id='word_1_215' title='bbox 632 3565 724 3616; x_wconf 87' lang='lat' dir='ltr'><strong>lib.</strong></span> <span class='ocrx_word' id='word_1_216' title='bbox 747 3578 884 3617; x_wconf 79' lang='lat' dir='ltr'><strong>xur.</strong></span> <span class='ocrx_word' id='word_1_217' title='bbox 904 3566 958 3615; x_wconf 90' lang='lat' dir='ltr'><strong>in</strong></span> <span class='ocrx_word' id='word_1_218' title='bbox 979 3565 1104 3616; x_wconf 85' lang='lat' dir='ltr'><strong>fine.</strong></span> <span class='ocrx_word' id='word_1_219' title='bbox 1151 3565 1285 3616; x_wconf 87' lang='lat' dir='ltr'><strong>Vide</strong></span> <span class='ocrx_word' id='word_1_220' title='bbox 1307 3574 1364 3618; x_wconf 88' lang='lat' dir='ltr'><strong>et</strong></span> 
     </span>
     <span class='ocr_line' id='line_1_41' title="bbox 302 3642 1362 3707; baseline 0.004 -16"><span class='ocrx_word' id='word_1_221' title='bbox 302 3642 443 3692; x_wconf 77' lang='lat' dir='ltr'><strong>Flor-</strong></span> <span class='ocrx_word' id='word_1_222' title='bbox 468 3655 558 3693; x_wconf 84' lang='lat' dir='ltr'><strong>m.</strong></span> <span class='ocrx_word' id='word_1_223' title='bbox 581 3645 661 3695; x_wconf 83' lang='lat'><strong>11.</strong></span> <span class='ocrx_word' id='word_1_224' title='bbox 686 3647 744 3692; x_wconf 72' lang='lat' dir='ltr'><strong>et</strong></span> <span class='ocrx_word' id='word_1_225' title='bbox 763 3655 843 3692; x_wconf 75' lang='lat' dir='ltr'><strong>lv.</strong></span> <span class='ocrx_word' id='word_1_226' title='bbox 870 3644 921 3693; x_wconf 74' lang='lat'><strong>9.</strong></span> <span class='ocrx_word' id='word_1_227' title='bbox 956 3643 1247 3707; x_wconf 64' lang='lat' dir='ltr'><strong>praesertim</strong></span> <span class='ocrx_word' id='word_1_228' title='bbox 1271 3659 1362 3695; x_wconf 80' lang='lat' dir='ltr'><strong>sn-</strong></span> 
     </span>
     <span class='ocr_line' id='line_1_42' title="bbox 303 3719 1366 3781; baseline 0.002 -13"><span class='ocrx_word' id='word_1_229' title='bbox 303 3722 412 3768; x_wconf 89' lang='lat' dir='ltr'><strong>tem</strong></span> <span class='ocrx_word' id='word_1_230' title='bbox 434 3732 555 3781; x_wconf 89' lang='lat' dir='ltr'><strong>cap.</strong></span> <span class='ocrx_word' id='word_1_231' title='bbox 581 3721 662 3769; x_wconf 86' lang='lat'><strong>10.</strong></span> <span class='ocrx_word' id='word_1_232' title='bbox 684 3719 773 3768; x_wconf 86' lang='lat' dir='ltr'><strong>nbi</strong></span> <span class='ocrx_word' id='word_1_233' title='bbox 794 3720 958 3769; x_wconf 73' lang='lat' dir='ltr'><strong>virtus</strong></span> <span class='ocrx_word' id='word_1_234' title='bbox 981 3719 1212 3775; x_wconf 80' lang='lat' dir='ltr'><strong>Romana</strong></span> <span class='ocrx_word' id='word_1_235' title='bbox 1233 3719 1366 3770; x_wconf 82' lang='lat' dir='ltr'><strong>bane</strong></span> 
     </span>
     <span class='ocr_line' id='line_1_43' title="bbox 302 3793 1367 3858; baseline 0 -14"><span class='ocrx_word' id='word_1_236' title='bbox 302 3795 566 3857; x_wconf 70' lang='lat' dir='ltr'><strong>expressit</strong></span> <span class='ocrx_word' id='word_1_237' title='bbox 600 3793 801 3844; x_wconf 86' lang='lat' dir='ltr'><strong>laudem</strong></span> <span class='ocrx_word' id='word_1_238' title='bbox 843 3810 875 3845; x_wconf 91' lang='lat' dir='ltr'><strong>e</strong></span> <span class='ocrx_word' id='word_1_239' title='bbox 911 3795 1190 3846; x_wconf 87' lang='lat' dir='ltr'><strong>Barbaris:</strong></span> <span class='ocrx_word' id='word_1_240' title='bbox 1222 3795 1239 3823; x_wconf 87' lang='lat'>‘</span> <span class='ocrx_word' id='word_1_241' title='bbox 1263 3796 1367 3858; x_wconf 86' lang='lat' dir='ltr'><strong>Ite,</strong></span> 
     </span>
     <span class='ocr_line' id='line_1_44' title="bbox 301 3869 1365 3934; baseline 0 -13"><span class='ocrx_word' id='word_1_242' title='bbox 301 3876 361 3921; x_wconf 89' lang='lat' dir='ltr'><strong>et</strong></span> <span class='ocrx_word' id='word_1_243' title='bbox 381 3869 517 3920; x_wconf 89' lang='lat' dir='ltr'><strong>bene</strong></span> <span class='ocrx_word' id='word_1_244' title='bbox 555 3869 746 3928; x_wconf 85' lang='lat' dir='ltr'><strong>valete,</strong></span> <span class='ocrx_word' id='word_1_245' title='bbox 783 3870 998 3922; x_wconf 88' lang='lat' dir='ltr'><strong>Romani</strong></span> <span class='ocrx_word' id='word_1_246' title='bbox 1015 3890 1031 3934; x_wconf 89' lang='lat'>;</span> <span class='ocrx_word' id='word_1_247' title='bbox 1050 3871 1247 3921; x_wconf 79' lang='lat' dir='ltr'><strong>merito</strong></span> <span class='ocrx_word' id='word_1_248' title='bbox 1273 3885 1365 3921; x_wconf 88' lang='lat' dir='ltr'><strong>vos</strong></span> 
     </span>
     <span class='ocr_line' id='line_1_45' title="bbox 302 3944 1361 4012; baseline 0.001 -17"><span class='ocrx_word' id='word_1_249' title='bbox 302 3946 530 3999; x_wconf 84' lang='lat' dir='ltr'><strong>victores</strong></span> <span class='ocrx_word' id='word_1_250' title='bbox 558 3944 702 3996; x_wconf 73' lang='lat' dir='ltr'><strong>sama</strong></span> <span class='ocrx_word' id='word_1_251' title='bbox 739 3948 965 4012; x_wconf 82' lang='lat' dir='ltr'><strong>gentium</strong></span> <span class='ocrx_word' id='word_1_252' title='bbox 1005 3947 1251 4011; x_wconf 87' lang='lat' dir='ltr'><strong>loquitur,</strong></span> <span class='ocrx_word' id='word_1_253' title='bbox 1273 3946 1361 4012; x_wconf 89' lang='lat' dir='ltr'><strong>qui</strong></span> 
     </span>
     <span class='ocr_line' id='line_1_46' title="bbox 300 4022 1361 4087; baseline -0.001 -16"><span class='ocrx_word' id='word_1_254' title='bbox 300 4022 613 4073; x_wconf 81' lang='lat' dir='ltr'><strong>Parthorum</strong></span> <span class='ocrx_word' id='word_1_255' title='bbox 631 4024 738 4073; x_wconf 88' lang='lat' dir='ltr'><strong>tela</strong></span> <span class='ocrx_word' id='word_1_256' title='bbox 755 4022 934 4073; x_wconf 73' lang='lat' dir='ltr'><strong>fertis-³</strong></span> <span class='ocrx_word' id='word_1_257' title='bbox 968 4023 1106 4074; x_wconf 86' lang='lat' dir='ltr'><strong>Vide</strong></span> <span class='ocrx_word' id='word_1_258' title='bbox 1129 4031 1361 4087; x_wconf 87' lang='lat' dir='ltr'><strong>etsupra</strong></span> 
     </span>
     <span class='ocr_line' id='line_1_47' title="bbox 305 4096 1354 4150; baseline 0.002 -2"><span class='ocrx_word' id='word_1_259' title='bbox 305 4096 415 4148; x_wconf 86' lang='lat' dir='ltr'><strong>Od.</strong></span> <span class='ocrx_word' id='word_1_260' title='bbox 439 4111 541 4148; x_wconf 72' lang='grc' dir='ltr'><strong>ιιι.</strong></span> <span class='ocrx_word' id='word_1_261' title='bbox 562 4098 690 4148; x_wconf 88' lang='lat' dir='ltr'><strong>Not.</strong></span> <span class='ocrx_word' id='word_1_262' title='bbox 713 4098 775 4148; x_wconf 92' lang='lat' dir='ltr'><strong>ad</strong></span> <span class='ocrx_word' id='word_1_263' title='bbox 803 4112 850 4148; x_wconf 83' lang='lat' dir='ltr'><strong>v.</strong></span> <span class='ocrx_word' id='word_1_264' title='bbox 869 4104 951 4149; x_wconf 78' lang='grc'><strong>58.</strong></span> <span class='ocrx_word' id='word_1_265' title='bbox 1347 4142 1354 4150; x_wconf 91' lang='grc'><strong>.</strong></span> 
     </span>
    </p>

    <p class='ocr_par' dir='ltr' id='par_1_7' title="bbox 304 4174 1361 4317">
     <span class='ocr_line' id='line_1_48' title="bbox 371 4174 1361 4240; baseline 0 -15"><span class='ocrx_word' id='word_1_266' title='bbox 371 4174 472 4227; x_wconf 72' lang='lat' dir='ltr'><strong>Hic</strong></span> <span class='ocrx_word' id='word_1_267' title='bbox 493 4174 653 4225; x_wconf 73' lang='lat' dir='ltr'><strong>vivum</strong></span> <span class='ocrx_word' id='word_1_268' title='bbox 684 4175 801 4227; x_wconf 72' lang='lat' dir='ltr'><strong>mihi</strong></span> <span class='ocrx_word' id='word_1_269' title='bbox 835 4175 1078 4240; x_wconf 65' lang='lat' dir='ltr'><strong>cespitem,</strong></span> <span class='ocrx_word' id='word_1_270' title='bbox 1097 4176 1206 4240; x_wconf 57' lang='lat' dir='ltr'><strong>gem]</strong></span> <span class='ocrx_word' id='word_1_271' title='bbox 1240 4174 1361 4225; x_wconf 84' lang='lat' dir='ltr'><strong>Vie-</strong></span> 
     </span>
     <span class='ocr_line' id='line_1_49' title="bbox 304 4251 1361 4317; baseline 0.005 -17"><span class='ocrx_word' id='word_1_272' title='bbox 304 4255 392 4301; x_wconf 75' lang='lat' dir='ltr'><strong>tns</strong></span> <span class='ocrx_word' id='word_1_273' title='bbox 436 4251 661 4316; x_wconf 77' lang='lat' dir='ltr'><strong>denique</strong></span> <span class='ocrx_word' id='word_1_274' title='bbox 696 4267 870 4303; x_wconf 78' lang='lat' dir='ltr'><strong>amere</strong></span> <span class='ocrx_word' id='word_1_275' title='bbox 910 4253 1149 4317; x_wconf 63' lang='lat' dir='ltr'><strong>Glycera</strong></span> <span class='ocrx_word' id='word_1_276' title='bbox 1192 4251 1361 4305; x_wconf 77' lang='lat' dir='ltr'><strong>Hora-</strong></span> 
     </span>
    </p>
   </div>
   <div class='ocr_carea' id='block_1_7' title="bbox 1400 2194 2132 2249">
    <p class='ocr_par' dir='ltr' id='par_1_8' title="bbox 1400 2194 2132 2249">
     <span class='ocr_line' id='line_1_50' title="bbox 1400 2194 2132 2249; baseline -0.008 0"><span class='ocrx_word' id='word_1_277' title='bbox 1400 2234 1413 2249; x_wconf 81' lang='lat'><strong>.</strong></span> <span class='ocrx_word' id='word_1_278' title='bbox 1443 2195 1509 2245; x_wconf 86' lang='lat' dir='ltr'><strong>ad</strong></span> <span class='ocrx_word' id='word_1_279' title='bbox 1559 2194 1734 2249; x_wconf 86' lang='lat' dir='ltr'><strong>hostes</strong></span> <span class='ocrx_word' id='word_1_280' title='bbox 1771 2195 2132 2246; x_wconf 85' lang='lat' dir='ltr'><strong>indicavimus.</strong></span> 
     </span>
    </p>
   </div>
   <div class='ocr_carea' id='block_1_8' title="bbox 1441 1045 2510 1804">
    <p class='ocr_par' dir='ltr' id='par_1_9' title="bbox 1441 1045 2509 1637">
     <span class='ocr_line' id='line_1_51' title="bbox 1444 1045 2507 1113; baseline -0.004 -15"><span class='ocrx_word' id='word_1_281' title='bbox 1444 1049 1566 1111; x_wconf 84' lang='lat' dir='ltr'><strong>tius,</strong></span> <span class='ocrx_word' id='word_1_282' title='bbox 1581 1062 1729 1098; x_wconf 84' lang='lat' dir='ltr'><strong>sacra</strong></span> <span class='ocrx_word' id='word_1_283' title='bbox 1750 1052 1921 1112; x_wconf 86' lang='lat' dir='ltr'><strong>parat,</strong></span> <span class='ocrx_word' id='word_1_284' title='bbox 1936 1047 2118 1113; x_wconf 84' lang='lat' dir='ltr'><strong>quibus</strong></span> <span class='ocrx_word' id='word_1_285' title='bbox 2135 1046 2243 1110; x_wconf 85' lang='lat' dir='ltr'><strong>ejus</strong></span> <span class='ocrx_word' id='word_1_286' title='bbox 2260 1045 2507 1107; x_wconf 83' lang='lat' dir='ltr'><strong>animum,</strong></span> 
     </span>
     <span class='ocr_line' id='line_1_52' title="bbox 1441 1121 2507 1189; baseline 0 -17"><span class='ocrx_word' id='word_1_287' title='bbox 1441 1125 1654 1189; x_wconf 85' lang='lat' dir='ltr'><strong>placata</strong></span> <span class='ocrx_word' id='word_1_288' title='bbox 1676 1124 1904 1188; x_wconf 82' lang='lat' dir='ltr'><strong>Venere,</strong></span> <span class='ocrx_word' id='word_1_289' title='bbox 1924 1123 2273 1175; x_wconf 80' lang='lat' dir='ltr'><strong>demereatur.</strong></span> <span class='ocrx_word' id='word_1_290' title='bbox 2304 1121 2396 1171; x_wconf 85' lang='lat' dir='ltr'><strong>Sui</strong></span> <span class='ocrx_word' id='word_1_291' title='bbox 2419 1136 2507 1172; x_wconf 84' lang='lat' dir='ltr'><strong>ve-</strong></span> 
     </span>
     <span class='ocr_line' id='line_1_53' title="bbox 1443 1198 2506 1263; baseline -0.004 -12"><span class='ocrx_word' id='word_1_292' title='bbox 1443 1216 1503 1251; x_wconf 89' lang='lat' dir='ltr'><strong>ro</strong></span> <span class='ocrx_word' id='word_1_293' title='bbox 1536 1199 1774 1251; x_wconf 85' lang='lat' dir='ltr'><strong>ardorem</strong></span> <span class='ocrx_word' id='word_1_294' title='bbox 1807 1201 1993 1251; x_wconf 88' lang='lat' dir='ltr'><strong>amoris</strong></span> <span class='ocrx_word' id='word_1_295' title='bbox 2030 1206 2087 1250; x_wconf 89' lang='lat' dir='ltr'><strong>et</strong></span> <span class='ocrx_word' id='word_1_296' title='bbox 2123 1198 2506 1263; x_wconf 85' lang='lat' dir='ltr'><strong>impatientiam</strong></span> 
     </span>
     <span class='ocr_line' id='line_1_54' title="bbox 1444 1277 2506 1344; baseline -0.004 -16"><span class='ocrx_word' id='word_1_297' title='bbox 1444 1278 1664 1329; x_wconf 89' lang='lat' dir='ltr'><strong>denotat</strong></span> <span class='ocrx_word' id='word_1_298' title='bbox 1696 1280 1780 1329; x_wconf 80' lang='lat' dir='ltr'><strong>vel</strong></span> <span class='ocrx_word' id='word_1_299' title='bbox 1812 1294 1878 1330; x_wconf 87' lang='lat' dir='ltr'><strong>ex</strong></span> <span class='ocrx_word' id='word_1_300' title='bbox 1917 1293 1980 1329; x_wconf 93' lang='lat' dir='ltr'><strong>eo</strong></span> <span class='ocrx_word' id='word_1_301' title='bbox 2016 1277 2153 1344; x_wconf 89' lang='lat' dir='ltr'><strong>quod</strong></span> <span class='ocrx_word' id='word_1_302' title='bbox 2177 1292 2318 1327; x_wconf 86' lang='lat' dir='ltr'><strong>aram</strong></span> <span class='ocrx_word' id='word_1_303' title='bbox 2342 1289 2372 1325; x_wconf 91' lang='lat' dir='ltr'><strong>e</strong></span> <span class='ocrx_word' id='word_1_304' title='bbox 2394 1290 2506 1325; x_wconf 84' lang='lat' dir='ltr'><strong>ces·</strong></span> 
     </span>
     <span class='ocr_line' id='line_1_55' title="bbox 1444 1356 2509 1423; baseline -0.003 -17"><span class='ocrx_word' id='word_1_305' title='bbox 1444 1356 1556 1423; x_wconf 90' lang='lat' dir='ltr'><strong>pite</strong></span> <span class='ocrx_word' id='word_1_306' title='bbox 1588 1362 1845 1423; x_wconf 82' lang='lat' dir='ltr'><strong>exstruat,</strong></span> <span class='ocrx_word' id='word_1_307' title='bbox 1865 1356 2012 1408; x_wconf 82' lang='lat' dir='ltr'><strong>brevi</strong></span> <span class='ocrx_word' id='word_1_308' title='bbox 2034 1356 2243 1422; x_wconf 89' lang='lat' dir='ltr'><strong>quidem</strong></span> <span class='ocrx_word' id='word_1_309' title='bbox 2265 1362 2321 1406; x_wconf 90' lang='lat' dir='ltr'><strong>et</strong></span> <span class='ocrx_word' id='word_1_310' title='bbox 2346 1367 2509 1417; x_wconf 83' lang='lat' dir='ltr'><strong>expe·</strong></span> 
     </span>
     <span class='ocr_line' id='line_1_56' title="bbox 1445 1429 2507 1499; baseline -0.005 -16"><span class='ocrx_word' id='word_1_311' title='bbox 1445 1432 1561 1484; x_wconf 85' lang='lat' dir='ltr'><strong>dita</strong></span> <span class='ocrx_word' id='word_1_312' title='bbox 1591 1433 1824 1496; x_wconf 82' lang='lat' dir='ltr'><strong>ratione3</strong></span> <span class='ocrx_word' id='word_1_313' title='bbox 1859 1433 1997 1499; x_wconf 89' lang='lat' dir='ltr'><strong>quod</strong></span> <span class='ocrx_word' id='word_1_314' title='bbox 2019 1432 2131 1483; x_wconf 85' lang='lat' dir='ltr'><strong>fieri</strong></span> <span class='ocrx_word' id='word_1_315' title='bbox 2150 1432 2355 1484; x_wconf 88' lang='lat' dir='ltr'><strong>solitum</strong></span> <span class='ocrx_word' id='word_1_316' title='bbox 2378 1429 2507 1499; x_wconf 80' lang='lat' dir='ltr'><strong>dun·</strong></span> 
     </span>
     <span class='ocr_line' id='line_1_57' title="bbox 1445 1504 2506 1574; baseline -0.003 -16"><span class='ocrx_word' id='word_1_317' title='bbox 1445 1512 1593 1560; x_wconf 78' lang='lat' dir='ltr'><strong>taxat</strong></span> <span class='ocrx_word' id='word_1_318' title='bbox 1615 1509 1668 1559; x_wconf 86' lang='lat' dir='ltr'><strong>in</strong></span> <span class='ocrx_word' id='word_1_319' title='bbox 1693 1508 1876 1561; x_wconf 81' lang='lat' dir='ltr'><strong>subitis</strong></span> <span class='ocrx_word' id='word_1_320' title='bbox 1894 1508 2067 1574; x_wconf 79' lang='lat' dir='ltr'><strong>rebus,</strong></span> <span class='ocrx_word' id='word_1_321' title='bbox 2084 1515 2141 1560; x_wconf 92' lang='lat' dir='ltr'><strong>et</strong></span> <span class='ocrx_word' id='word_1_322' title='bbox 2159 1522 2352 1561; x_wconf 84' lang='lat' dir='ltr'><strong>moram</strong></span> <span class='ocrx_word' id='word_1_323' title='bbox 2369 1504 2506 1559; x_wconf 82' lang='lat' dir='ltr'><strong>band</strong></span> 
     </span>
     <span class='ocr_line' id='line_1_58' title="bbox 1444 1583 1752 1637; baseline 0.003 -2"><span class='ocrx_word' id='word_1_324' title='bbox 1444 1583 1752 1637; x_wconf 81' lang='lat' dir='ltr'><strong>ferentibus.</strong></span> 
     </span>
    </p>

    <p class='ocr_par' dir='ltr' id='par_1_10' title="bbox 1443 1659 2510 1804">
     <span class='ocr_line' id='line_1_59' title="bbox 1510 1659 2510 1727; baseline -0.004 -16"><span class='ocrx_word' id='word_1_325' title='bbox 1510 1665 1574 1712; x_wconf 80' lang='lat'><strong>14</strong></span> <span class='ocrx_word' id='word_1_326' title='bbox 1616 1661 1875 1727; x_wconf 66' lang='lat' dir='ltr'><strong>Verbenas]</strong></span> <span class='ocrx_word' id='word_1_327' title='bbox 1910 1660 2120 1711; x_wconf 85' lang='lat' dir='ltr'><strong>Herbas</strong></span> <span class='ocrx_word' id='word_1_328' title='bbox 2143 1659 2395 1723; x_wconf 41' lang='lat' dir='ltr'><strong>in-sacris</strong></span> <span class='ocrx_word' id='word_1_329' title='bbox 2429 1672 2510 1708; x_wconf 83' lang='lat' dir='ltr'><strong>as-</strong></span> 
     </span>
     <span class='ocr_line' id='line_1_60' title="bbox 1443 1733 2510 1804; baseline -0.004 -16"><span class='ocrx_word' id='word_1_330' title='bbox 1443 1738 1618 1788; x_wconf 82' lang='lat' dir='ltr'><strong>suetas</strong></span> <span class='ocrx_word' id='word_1_331' title='bbox 1651 1746 1856 1804; x_wconf 83' lang='lat' dir='ltr'><strong>parate.</strong></span> <span class='ocrx_word' id='word_1_332' title='bbox 1910 1737 2132 1804; x_wconf 80' lang='lat' dir='ltr'><strong>Proprie</strong></span> <span class='ocrx_word' id='word_1_333' title='bbox 2172 1733 2399 1785; x_wconf 85' lang='lat' dir='ltr'><strong>verbena</strong></span> <span class='ocrx_word' id='word_1_334' title='bbox 2427 1740 2510 1784; x_wconf 87' lang='lat' dir='ltr'><strong>est</strong></span> 
     </span>
    </p>
   </div>
   <div class='ocr_carea' id='block_1_9' title="bbox 1404 1810 2507 1880">
    <p class='ocr_par' dir='ltr' id='par_1_11' title="bbox 1404 1810 2507 1880">
     <span class='ocr_line' id='line_1_61' title="bbox 1404 1810 2507 1880; baseline -0.003 -18"><span class='ocrx_word' id='word_1_335' title='bbox 1404 1810 1413 1819; x_wconf 85' lang='lat'><strong><em>&#39;</em></strong></span> <span class='ocrx_word' id='word_1_336' title='bbox 1442 1813 1607 1863; x_wconf 88' lang='lat' dir='ltr'><strong>herba</strong></span> <span class='ocrx_word' id='word_1_337' title='bbox 1640 1813 1899 1880; x_wconf 63' lang='lat' dir='ltr'><strong>quadam,</strong></span> <span class='ocrx_word' id='word_1_338' title='bbox 1934 1813 2073 1865; x_wconf 79' lang='lat' dir='ltr'><strong>Gau.</strong></span> <span class='ocrx_word' id='word_1_339' title='bbox 2113 1814 2173 1862; x_wconf 83' lang='lat' dir='ltr'><strong>de</strong></span> <span class='ocrx_word' id='word_1_340' title='bbox 2211 1812 2261 1860; x_wconf 78' lang='lat' dir='ltr'><strong>la</strong></span> <span class='ocrx_word' id='word_1_341' title='bbox 2293 1824 2507 1860; x_wconf 72' lang='lat' dir='ltr'><strong>nomene.</strong></span> 
     </span>
    </p>
   </div>
   <div class='ocr_carea' id='block_1_10' title="bbox 1441 1885 2511 3543">
    <p class='ocr_par' dir='ltr' id='par_1_12' title="bbox 1441 1885 2511 3543">
     <span class='ocr_line' id='line_1_62' title="bbox 1443 1885 2509 1940; baseline -0.005 -2"><span class='ocrx_word' id='word_1_342' title='bbox 1443 1889 1530 1939; x_wconf 88' lang='lat' dir='ltr'><strong>De</strong></span> <span class='ocrx_word' id='word_1_343' title='bbox 1553 1889 1650 1939; x_wconf 87' lang='lat' dir='ltr'><strong>bac</strong></span> <span class='ocrx_word' id='word_1_344' title='bbox 1674 1890 1813 1940; x_wconf 90' lang='lat' dir='ltr'><strong>Plin.</strong></span> <span class='ocrx_word' id='word_1_345' title='bbox 1856 1902 1994 1939; x_wconf 76' lang='lat' dir='ltr'><strong>xxv·</strong></span> <span class='ocrx_word' id='word_1_346' title='bbox 2032 1892 2083 1939; x_wconf 81' lang='lat'><strong>9.</strong></span> <span class='ocrx_word' id='word_1_347' title='bbox 2115 1888 2132 1915; x_wconf 90' lang='lat'>‘</span> <span class='ocrx_word' id='word_1_348' title='bbox 2153 1886 2336 1936; x_wconf 83' lang='lat' dir='ltr'><strong>Herba</strong></span> <span class='ocrx_word' id='word_1_349' title='bbox 2367 1885 2509 1934; x_wconf 83' lang='lat' dir='ltr'><strong>nulla</strong></span> 
     </span>
     <span class='ocr_line' id='line_1_63' title="bbox 1443 1961 2507 2029; baseline -0.005 -14"><span class='ocrx_word' id='word_1_350' title='bbox 1443 1963 1689 2015; x_wconf 80' lang='lat' dir='ltr'><strong>Romanoe</strong></span> <span class='ocrx_word' id='word_1_351' title='bbox 1709 1964 1996 2015; x_wconf 86' lang='lat' dir='ltr'><strong>nobilitatis</strong></span> <span class='ocrx_word' id='word_1_352' title='bbox 2019 1963 2138 2029; x_wconf 85' lang='lat' dir='ltr'><strong>plus</strong></span> <span class='ocrx_word' id='word_1_353' title='bbox 2158 1961 2335 2023; x_wconf 87' lang='lat' dir='ltr'><strong>habet,</strong></span> <span class='ocrx_word' id='word_1_354' title='bbox 2354 1975 2507 2026; x_wconf 85' lang='lat' dir='ltr'><strong>qnam</strong></span> 
     </span>
     <span class='ocr_line' id='line_1_64' title="bbox 1441 2039 2510 2093; baseline -0.002 -4"><span class='ocrx_word' id='word_1_355' title='bbox 1441 2039 1809 2092; x_wconf 84' lang='lat' dir='ltr'><strong>hierabotane:</strong></span> <span class='ocrx_word' id='word_1_356' title='bbox 1843 2039 2008 2093; x_wconf 87' lang='lat' dir='ltr'><strong>nostri</strong></span> <span class='ocrx_word' id='word_1_357' title='bbox 2049 2040 2388 2089; x_wconf 78' lang='lat' dir='ltr'><strong>verbenacam</strong></span> <span class='ocrx_word' id='word_1_358' title='bbox 2419 2052 2510 2088; x_wconf 68' lang='lat' dir='ltr'><strong>vo-</strong></span> 
     </span>
     <span class='ocr_line' id='line_1_65' title="bbox 1442 2112 2509 2184; baseline -0.003 -17"><span class='ocrx_word' id='word_1_359' title='bbox 1442 2125 1584 2169; x_wconf 87' lang='lat' dir='ltr'><strong>cant.</strong></span> <span class='ocrx_word' id='word_1_360' title='bbox 1637 2118 1772 2170; x_wconf 80' lang='lat' dir='ltr'><strong>Haec</strong></span> <span class='ocrx_word' id='word_1_361' title='bbox 1807 2124 1912 2183; x_wconf 80' lang='lat' dir='ltr'><strong>est,</strong></span> <span class='ocrx_word' id='word_1_362' title='bbox 1946 2132 2098 2184; x_wconf 77' lang='lat' dir='ltr'><strong>quam</strong></span> <span class='ocrx_word' id='word_1_363' title='bbox 2128 2118 2332 2182; x_wconf 78' lang='lat' dir='ltr'><strong>legatos</strong></span> <span class='ocrx_word' id='word_1_364' title='bbox 2369 2112 2509 2164; x_wconf 82' lang='lat' dir='ltr'><strong>ferre</strong></span> 
     </span>
     <span class='ocr_line' id='line_1_66' title="bbox 2205 2190 2508 2245; baseline -0.017 0"><span class='ocrx_word' id='word_1_365' title='bbox 2205 2193 2324 2245; x_wconf 86' lang='lat' dir='ltr'><strong>Hac</strong></span> <span class='ocrx_word' id='word_1_366' title='bbox 2359 2190 2508 2243; x_wconf 86' lang='lat' dir='ltr'><strong>Jovis</strong></span> 
     </span>
     <span class='ocr_line' id='line_1_67' title="bbox 1442 2270 2510 2335; baseline -0.005 -14"><span class='ocrx_word' id='word_1_367' title='bbox 1442 2284 1622 2322; x_wconf 78' lang='lat' dir='ltr'><strong>mensa</strong></span> <span class='ocrx_word' id='word_1_368' title='bbox 1681 2273 1940 2333; x_wconf 78' lang='lat' dir='ltr'><strong>verritur3</strong></span> <span class='ocrx_word' id='word_1_369' title='bbox 1992 2270 2174 2322; x_wconf 90' lang='lat' dir='ltr'><strong>domus</strong></span> <span class='ocrx_word' id='word_1_370' title='bbox 2218 2276 2510 2335; x_wconf 78' lang='lat' dir='ltr'><strong>purgantur</strong></span> 
     </span>
     <span class='ocr_line' id='line_1_68' title="bbox 1442 2343 2510 2412; baseline -0.006 -14"><span class='ocrx_word' id='word_1_371' title='bbox 1442 2346 1869 2412; x_wconf 81' lang='lat' dir='ltr'><strong>lustranturque.’</strong></span> <span class='ocrx_word' id='word_1_372' title='bbox 1914 2346 2126 2397; x_wconf 83' lang='lat' dir='ltr'><strong>Servius</strong></span> <span class='ocrx_word' id='word_1_373' title='bbox 2160 2345 2236 2397; x_wconf 89' lang='lat' dir='ltr'><strong>ait</strong></span> <span class='ocrx_word' id='word_1_374' title='bbox 2272 2358 2384 2394; x_wconf 86' lang='lat' dir='ltr'><strong>esse</strong></span> <span class='ocrx_word' id='word_1_375' title='bbox 2409 2343 2510 2392; x_wconf 87' lang='lat' dir='ltr'><strong>vir-</strong></span> 
     </span>
     <span class='ocr_line' id='line_1_69' title="bbox 1445 2420 2511 2491; baseline -0.003 -20"><span class='ocrx_word' id='word_1_376' title='bbox 1445 2423 1591 2491; x_wconf 78' lang='lat' dir='ltr'><strong>gulta</strong></span> <span class='ocrx_word' id='word_1_377' title='bbox 1611 2437 1729 2489; x_wconf 75' lang='lat' dir='ltr'><strong>quae</strong></span> <span class='ocrx_word' id='word_1_378' title='bbox 1753 2437 1957 2488; x_wconf 88' lang='lat' dir='ltr'><strong>semper</strong></span> <span class='ocrx_word' id='word_1_379' title='bbox 1980 2423 2171 2471; x_wconf 86' lang='lat' dir='ltr'><strong>virent.</strong></span> <span class='ocrx_word' id='word_1_380' title='bbox 2226 2421 2306 2470; x_wconf 84' lang='lat' dir='ltr'><strong>Ex</strong></span> <span class='ocrx_word' id='word_1_381' title='bbox 2328 2420 2511 2469; x_wconf 88' lang='lat' dir='ltr'><strong>Dona-</strong></span> 
     </span>
     <span class='ocr_line' id='line_1_70' title="bbox 1445 2494 2510 2567; baseline -0.003 -20"><span class='ocrx_word' id='word_1_382' title='bbox 1445 2503 1501 2547; x_wconf 90' lang='lat' dir='ltr'><strong>to</strong></span> <span class='ocrx_word' id='word_1_383' title='bbox 1520 2498 1751 2567; x_wconf 28' lang='lat' dir='ltr'><strong>&#39;verbena</strong></span> <span class='ocrx_word' id='word_1_384' title='bbox 1764 2497 1911 2563; x_wconf 81' lang='lat' dir='ltr'><strong>quasi</strong></span> <span class='ocrx_word' id='word_1_385' title='bbox 1932 2497 2159 2548; x_wconf 83' lang='lat' dir='ltr'><strong>berbena</strong></span> <span class='ocrx_word' id='word_1_386' title='bbox 2179 2495 2389 2557; x_wconf 84' lang='lat' dir='ltr'><strong>dicitur,</strong></span> <span class='ocrx_word' id='word_1_387' title='bbox 2406 2494 2510 2544; x_wconf 76' lang='lat' dir='ltr'><strong>est&#39;-</strong></span> 
     </span>
     <span class='ocr_line' id='line_1_71' title="bbox 1445 2571 2507 2639; baseline -0.005 -15"><span class='ocrx_word' id='word_1_388' title='bbox 1445 2588 1547 2639; x_wconf 85' lang='lat' dir='ltr'><strong>qne</strong></span> <span class='ocrx_word' id='word_1_389' title='bbox 1568 2573 1732 2624; x_wconf 79' lang='lat' dir='ltr'><strong>herba</strong></span> <span class='ocrx_word' id='word_1_390' title='bbox 1753 2589 1783 2624; x_wconf 91' lang='lat' dir='ltr'><strong>e</strong></span> <span class='ocrx_word' id='word_1_391' title='bbox 1815 2587 1948 2638; x_wconf 89' lang='lat' dir='ltr'><strong>puro</strong></span> <span class='ocrx_word' id='word_1_392' title='bbox 1967 2574 2085 2624; x_wconf 88' lang='lat' dir='ltr'><strong>loco</strong></span> <span class='ocrx_word' id='word_1_393' title='bbox 2107 2571 2361 2634; x_wconf 86' lang='lat' dir='ltr'><strong>decerpta</strong></span> <span class='ocrx_word' id='word_1_394' title='bbox 2390 2584 2507 2629; x_wconf 86' lang='lat' dir='ltr'><strong>cum</strong></span> 
     </span>
     <span class='ocr_line' id='line_1_72' title="bbox 1445 2646 2509 2701; baseline -0.006 -1"><span class='ocrx_word' id='word_1_395' title='bbox 1445 2656 1589 2700; x_wconf 88' lang='lat' dir='ltr'><strong>terra</strong></span> <span class='ocrx_word' id='word_1_396' title='bbox 1610 2649 1929 2701; x_wconf 72' lang='lat' dir='ltr'><strong>adhaerente.</strong></span> <span class='ocrx_word' id='word_1_397' title='bbox 1978 2648 2232 2700; x_wconf 83' lang='lat' dir='ltr'><strong>Simiiiter</strong></span> <span class='ocrx_word' id='word_1_398' title='bbox 2253 2646 2390 2697; x_wconf 74' lang='lat' dir='ltr'><strong>Ptin.</strong></span> <span class='ocrx_word' id='word_1_399' title='bbox 2408 2659 2509 2699; x_wconf 83' lang='lat' dir='ltr'><strong>xx.</strong></span> 
     </span>
     <span class='ocr_line' id='line_1_73' title="bbox 1443 2721 2509 2791; baseline -0.006 -14"><span class='ocrx_word' id='word_1_400' title='bbox 1443 2729 1495 2777; x_wconf 79' lang='lat'><strong>2.</strong></span> <span class='ocrx_word' id='word_1_401' title='bbox 1574 2726 1590 2755; x_wconf 90' lang='lat'>‘</span> <span class='ocrx_word' id='word_1_402' title='bbox 1618 2726 1880 2777; x_wconf 68' lang='lat' dir='ltr'><strong>verbena».</strong></span> <span class='ocrx_word' id='word_1_403' title='bbox 1937 2725 2144 2778; x_wconf 89' lang='lat' dir='ltr'><strong>nomine</strong></span> <span class='ocrx_word' id='word_1_404' title='bbox 2188 2721 2509 2791; x_wconf 71' lang='lat' dir='ltr'><strong>significatur</strong></span> 
     </span>
     <span class='ocr_line' id='line_1_74' title="bbox 1443 2799 2509 2869; baseline -0.005 -16"><span class='ocrx_word' id='word_1_405' title='bbox 1443 2817 1658 2867; x_wconf 74' lang='lat' dir='ltr'><strong>gramen</strong></span> <span class='ocrx_word' id='word_1_406' title='bbox 1697 2818 1763 2853; x_wconf 87' lang='lat' dir='ltr'><strong>ex</strong></span> <span class='ocrx_word' id='word_1_407' title='bbox 1801 2818 1924 2854; x_wconf 84' lang='lat' dir='ltr'><strong>arce</strong></span> <span class='ocrx_word' id='word_1_408' title='bbox 1962 2802 2059 2869; x_wconf 83' lang='lat' dir='ltr'><strong>(sl.</strong></span> <span class='ocrx_word' id='word_1_409' title='bbox 2097 2799 2238 2865; x_wconf 66' lang='lat' dir='ltr'><strong>area)</strong></span> <span class='ocrx_word' id='word_1_410' title='bbox 2269 2814 2388 2851; x_wconf 88' lang='lat' dir='ltr'><strong>cum</strong></span> <span class='ocrx_word' id='word_1_411' title='bbox 2416 2813 2509 2849; x_wconf 87' lang='lat' dir='ltr'><strong>sua</strong></span> 
     </span>
     <span class='ocr_line' id='line_1_75' title="bbox 1445 2877 2511 2943; baseline -0.006 -13"><span class='ocrx_word' id='word_1_412' title='bbox 1445 2888 1587 2930; x_wconf 87' lang='lat' dir='ltr'><strong>terra</strong></span> <span class='ocrx_word' id='word_1_413' title='bbox 1614 2879 1886 2943; x_wconf 84' lang='lat' dir='ltr'><strong>evulsum,’</strong></span> <span class='ocrx_word' id='word_1_414' title='bbox 1907 2882 2009 2933; x_wconf 68' lang='grc' dir='ltr'><strong>διο.</strong></span> <span class='ocrx_word' id='word_1_415' title='bbox 2074 2877 2292 2929; x_wconf 78' lang='lat' dir='ltr'><strong>Constat</strong></span> <span class='ocrx_word' id='word_1_416' title='bbox 2331 2889 2395 2926; x_wconf 94' lang='lat' dir='ltr'><strong>eo</strong></span> <span class='ocrx_word' id='word_1_417' title='bbox 2424 2878 2511 2924; x_wconf 76' lang='lat' dir='ltr'><strong>no&#39;-</strong></span> 
     </span>
     <span class='ocr_line' id='line_1_76' title="bbox 1443 2952 2507 3016; baseline -0.006 -11"><span class='ocrx_word' id='word_1_418' title='bbox 1443 2956 1581 3006; x_wconf 91' lang='lat' dir='ltr'><strong>mine</strong></span> <span class='ocrx_word' id='word_1_419' title='bbox 1604 2957 1806 3006; x_wconf 89' lang='lat' dir='ltr'><strong>censeri</strong></span> <span class='ocrx_word' id='word_1_420' title='bbox 1846 2971 1934 3007; x_wconf 86' lang='lat' dir='ltr'><strong>eas</strong></span> <span class='ocrx_word' id='word_1_421' title='bbox 1964 2967 2142 3015; x_wconf 80' lang='lat' dir='ltr'><strong>omnes</strong></span> <span class='ocrx_word' id='word_1_422' title='bbox 2164 2952 2369 3007; x_wconf 84' lang='lat' dir='ltr'><strong>herbas,</strong></span> <span class='ocrx_word' id='word_1_423' title='bbox 2392 2965 2507 3016; x_wconf 65' lang='lat' dir='ltr'><strong>que</strong></span> 
     </span>
     <span class='ocr_line' id='line_1_77' title="bbox 1442 3027 2508 3103; baseline -0.007 -21"><span class='ocrx_word' id='word_1_424' title='bbox 1442 3031 1497 3082; x_wconf 91' lang='lat' dir='ltr'><strong>in</strong></span> <span class='ocrx_word' id='word_1_425' title='bbox 1531 3033 1693 3083; x_wconf 85' lang='lat' dir='ltr'><strong>sacris</strong></span> <span class='ocrx_word' id='word_1_426' title='bbox 1723 3032 2052 3083; x_wconf 85' lang='lat' dir='ltr'><strong>adhibentur.</strong></span> <span class='ocrx_word' id='word_1_427' title='bbox 2101 3028 2289 3094; x_wconf 73' lang='lat' dir='ltr'><strong>Virgil.</strong></span> <span class='ocrx_word' id='word_1_428' title='bbox 2322 3027 2508 3103; x_wconf 66' lang='lat' dir='ltr'><strong>Eclog5</strong></span> 
     </span>
     <span class='ocr_line' id='line_1_78' title="bbox 1443 3104 2510 3173; baseline -0.006 -14"><span class='ocrx_word' id='word_1_429' title='bbox 1443 3122 1575 3160; x_wconf 86' lang='lat' dir='ltr'><strong>vm.</strong></span> <span class='ocrx_word' id='word_1_430' title='bbox 1612 3113 1696 3161; x_wconf 81' lang='lat'><strong>65.</strong></span> <span class='ocrx_word' id='word_1_431' title='bbox 1747 3108 2155 3173; x_wconf 74' lang='lat' dir='ltr'><strong>‘verbenasque</strong></span> <span class='ocrx_word' id='word_1_432' title='bbox 2199 3104 2351 3155; x_wconf 79' lang='lat' dir='ltr'><strong>adole</strong></span> <span class='ocrx_word' id='word_1_433' title='bbox 2391 3104 2510 3168; x_wconf 85' lang='lat' dir='ltr'><strong>pin-</strong></span> 
     </span>
     <span class='ocr_line' id='line_1_79' title="bbox 1445 3179 2509 3250; baseline -0.008 -14"><span class='ocrx_word' id='word_1_434' title='bbox 1445 3200 1572 3250; x_wconf 74' lang='lat' dir='ltr'><strong>gues</strong></span> <span class='ocrx_word' id='word_1_435' title='bbox 1592 3192 1647 3236; x_wconf 95' lang='lat' dir='ltr'><strong>et</strong></span> <span class='ocrx_word' id='word_1_436' title='bbox 1669 3186 1896 3237; x_wconf 82' lang='lat' dir='ltr'><strong>mascula</strong></span> <span class='ocrx_word' id='word_1_437' title='bbox 1913 3183 2100 3237; x_wconf 63' lang='lat' dir='ltr'><strong>thura?</strong></span> <span class='ocrx_word' id='word_1_438' title='bbox 2150 3182 2256 3233; x_wconf 90' lang='lat' dir='ltr'><strong>Ubi</strong></span> <span class='ocrx_word' id='word_1_439' title='bbox 2276 3194 2375 3247; x_wconf 90' lang='lat' dir='ltr'><strong>per</strong></span> <span class='ocrx_word' id='word_1_440' title='bbox 2393 3179 2509 3244; x_wconf 81' lang='lat' dir='ltr'><strong>epi-</strong></span> 
     </span>
     <span class='ocr_line' id='line_1_80' title="bbox 1446 3254 2506 3326; baseline -0.008 -16"><span class='ocrx_word' id='word_1_441' title='bbox 1446 3260 1669 3323; x_wconf 85' lang='lat' dir='ltr'><strong>thetum,</strong></span> <span class='ocrx_word' id='word_1_442' title='bbox 1715 3262 1733 3290; x_wconf 79' lang='lat'>⁸</span> <span class='ocrx_word' id='word_1_443' title='bbox 1753 3258 2007 3326; x_wconf 56' lang='lat' dir='ltr'><strong>pingues!</strong></span> <span class='ocrx_word' id='word_1_444' title='bbox 2052 3258 2236 3310; x_wconf 80' lang='lat' dir='ltr'><strong>volunt</strong></span> <span class='ocrx_word' id='word_1_445' title='bbox 2287 3254 2506 3304; x_wconf 87' lang='lat' dir='ltr'><strong>indicari</strong></span> 
     </span>
     <span class='ocr_line' id='line_1_81' title="bbox 1446 3330 2507 3387; baseline -0.008 -2"><span class='ocrx_word' id='word_1_446' title='bbox 1446 3335 1653 3387; x_wconf 81' lang='lat' dir='ltr'><strong>olivam.</strong></span> <span class='ocrx_word' id='word_1_447' title='bbox 1695 3334 1915 3386; x_wconf 82' lang='lat' dir='ltr'><strong>Terent.</strong></span> <span class='ocrx_word' id='word_1_448' title='bbox 1953 3348 2033 3385; x_wconf 75' lang='grc' dir='ltr'><strong>ιν.</strong></span> <span class='ocrx_word' id='word_1_449' title='bbox 2072 3337 2123 3382; x_wconf 77' lang='lat'><strong>4.</strong></span> <span class='ocrx_word' id='word_1_450' title='bbox 2154 3338 2205 3382; x_wconf 82' lang='grc'><strong>5.</strong></span> <span class='ocrx_word' id='word_1_451' title='bbox 2256 3330 2272 3359; x_wconf 91' lang='lat'>‘</span> <span class='ocrx_word' id='word_1_452' title='bbox 2298 3331 2380 3379; x_wconf 83' lang='lat' dir='ltr'><strong>Ex</strong></span> <span class='ocrx_word' id='word_1_453' title='bbox 2416 3341 2507 3378; x_wconf 86' lang='lat' dir='ltr'><strong>ara</strong></span> 
     </span>
     <span class='ocr_line' id='line_1_82' title="bbox 1443 3401 2506 3471; baseline -0.008 -12"><span class='ocrx_word' id='word_1_454' title='bbox 1443 3409 1564 3460; x_wconf 87' lang='lat' dir='ltr'><strong>hine</strong></span> <span class='ocrx_word' id='word_1_455' title='bbox 1588 3423 1731 3460; x_wconf 86' lang='lat' dir='ltr'><strong>sume</strong></span> <span class='ocrx_word' id='word_1_456' title='bbox 1749 3410 2002 3461; x_wconf 81' lang='lat' dir='ltr'><strong>verbenas</strong></span> <span class='ocrx_word' id='word_1_457' title='bbox 2017 3406 2145 3459; x_wconf 67' lang='lat' dir='ltr'><strong>tibi!</strong></span> <span class='ocrx_word' id='word_1_458' title='bbox 2186 3405 2348 3471; x_wconf 87' lang='lat' dir='ltr'><strong>Atqui</strong></span> <span class='ocrx_word' id='word_1_459' title='bbox 2365 3401 2506 3469; x_wconf 83' lang='lat' dir='ltr'><strong>apud</strong></span> 
     </span>
     <span class='ocr_line' id='line_1_83' title="bbox 1445 3479 2505 3543; baseline -0.009 -7"><span class='ocrx_word' id='word_1_460' title='bbox 1445 3485 1809 3543; x_wconf 85' lang='lat' dir='ltr'><strong>Menandrum,</strong></span> <span class='ocrx_word' id='word_1_461' title='bbox 1863 3483 2001 3534; x_wconf 90' lang='lat' dir='ltr'><strong>unde</strong></span> <span class='ocrx_word' id='word_1_462' title='bbox 2057 3482 2363 3532; x_wconf 87' lang='lat' dir='ltr'><strong>sententiam</strong></span> <span class='ocrx_word' id='word_1_463' title='bbox 2414 3479 2505 3528; x_wconf 87' lang='lat' dir='ltr'><strong>ille</strong></span> 
     </span>
    </p>
   </div>
   <div class='ocr_carea' id='block_1_11' title="bbox 1408 3555 2505 3620">
    <p class='ocr_par' dir='ltr' id='par_1_13' title="bbox 1408 3555 2505 3620">
     <span class='ocr_line' id='line_1_84' title="bbox 1408 3555 2505 3620; baseline -0.009 -9"><span class='ocrx_word' id='word_1_464' title='bbox 1408 3560 1711 3611; x_wconf 64' lang='lat' dir='ltr'><strong>&#39;transtulit</strong></span> <span class='ocrx_word' id='word_1_465' title='bbox 1756 3565 1814 3610; x_wconf 89' lang='lat' dir='ltr'><strong>et</strong></span> <span class='ocrx_word' id='word_1_466' title='bbox 1863 3556 2043 3620; x_wconf 80' lang='lat' dir='ltr'><strong>verba,</strong></span> <span class='ocrx_word' id='word_1_467' title='bbox 2095 3555 2335 3606; x_wconf 83' lang='lat' dir='ltr'><strong>verbenae</strong></span> <span class='ocrx_word' id='word_1_468' title='bbox 2385 3561 2505 3603; x_wconf 88' lang='lat' dir='ltr'><strong>sunt</strong></span> 
     </span>
    </p>
   </div>
   <div class='ocr_carea' id='block_1_12' title="bbox 1439 3628 2508 4304">
    <p class='ocr_par' dir='ltr' id='par_1_14' title="bbox 1439 3628 2508 4304">
     <span class='ocr_line' id='line_1_85' title="bbox 1440 3628 2506 3701; baseline -0.009 -15"><span class='ocrx_word' id='word_1_469' title='bbox 1440 3637 1618 3701; x_wconf 78' lang='lat' dir='ltr'><strong>myrti.</strong></span> <span class='ocrx_word' id='word_1_470' title='bbox 1682 3635 1886 3686; x_wconf 84' lang='lat' dir='ltr'><strong>Plinius</strong></span> <span class='ocrx_word' id='word_1_471' title='bbox 1925 3646 2129 3699; x_wconf 87' lang='lat' dir='ltr'><strong>quoqne</strong></span> <span class='ocrx_word' id='word_1_472' title='bbox 2156 3631 2294 3680; x_wconf 84' lang='lat' dir='ltr'><strong>dixit</strong></span> <span class='ocrx_word' id='word_1_473' title='bbox 2328 3628 2346 3657; x_wconf 88' lang='lat'>‘</span> <span class='ocrx_word' id='word_1_474' title='bbox 2368 3642 2506 3692; x_wconf 78' lang='lat' dir='ltr'><strong>myr-</strong></span> 
     </span>
     <span class='ocr_line' id='line_1_86' title="bbox 1444 3705 2506 3773; baseline -0.011 -9"><span class='ocrx_word' id='word_1_475' title='bbox 1444 3709 1925 3773; x_wconf 61' lang='lat' dir='ltr'><strong>teamverbenaml</strong></span> <span class='ocrx_word' id='word_1_476' title='bbox 1973 3711 2114 3771; x_wconf 82' lang='lat' dir='ltr'><strong>Ergo</strong></span> <span class='ocrx_word' id='word_1_477' title='bbox 2125 3721 2221 3770; x_wconf 92' lang='lat' dir='ltr'><strong>per</strong></span> <span class='ocrx_word' id='word_1_478' title='bbox 2238 3705 2506 3755; x_wconf 85' lang='lat' dir='ltr'><strong>catachre-</strong></span> 
     </span>
     <span class='ocr_line' id='line_1_87' title="bbox 1445 3781 2505 3850; baseline -0.011 -10"><span class='ocrx_word' id='word_1_479' title='bbox 1445 3791 1525 3841; x_wconf 89' lang='lat' dir='ltr'><strong>sin</strong></span> <span class='ocrx_word' id='word_1_480' title='bbox 1545 3790 1786 3839; x_wconf 81' lang='lat' dir='ltr'><strong>verbenae</strong></span> <span class='ocrx_word' id='word_1_481' title='bbox 1806 3786 2139 3850; x_wconf 81' lang='lat' dir='ltr'><strong>appellantur</strong></span> <span class='ocrx_word' id='word_1_482' title='bbox 2153 3782 2303 3843; x_wconf 86' lang='lat' dir='ltr'><strong>rami,</strong></span> <span class='ocrx_word' id='word_1_483' title='bbox 2325 3781 2505 3844; x_wconf 76' lang='lat' dir='ltr'><strong>virgae,</strong></span> 
     </span>
     <span class='ocr_line' id='line_1_88' title="bbox 1443 3857 2502 3929; baseline -0.011 -12"><span class='ocrx_word' id='word_1_484' title='bbox 1443 3866 1676 3929; x_wconf 85' lang='lat' dir='ltr'><strong>frondes,</strong></span> <span class='ocrx_word' id='word_1_485' title='bbox 1709 3879 1739 3914; x_wconf 89' lang='lat' dir='ltr'><strong>e</strong></span> <span class='ocrx_word' id='word_1_486' title='bbox 1772 3865 1936 3924; x_wconf 83' lang='lat' dir='ltr'><strong>lauro,</strong></span> <span class='ocrx_word' id='word_1_487' title='bbox 1973 3866 2162 3923; x_wconf 86' lang='lat' dir='ltr'><strong>myrto,</strong></span> <span class='ocrx_word' id='word_1_488' title='bbox 2196 3857 2351 3915; x_wconf 85' lang='lat' dir='ltr'><strong>oliva,</strong></span> <span class='ocrx_word' id='word_1_489' title='bbox 2386 3870 2502 3911; x_wconf 87' lang='lat' dir='ltr'><strong>rore</strong></span> 
     </span>
     <span class='ocr_line' id='line_1_89' title="bbox 1443 3934 2508 4005; baseline -0.009 -11"><span class='ocrx_word' id='word_1_490' title='bbox 1443 3944 1659 4000; x_wconf 82' lang='lat' dir='ltr'><strong>marino,</strong></span> <span class='ocrx_word' id='word_1_491' title='bbox 1694 3942 1914 4005; x_wconf 74' lang='lat' dir='ltr'><strong>aliaeque</strong></span> <span class='ocrx_word' id='word_1_492' title='bbox 1950 3936 2130 3988; x_wconf 85' lang='lat' dir='ltr'><strong>felices</strong></span> <span class='ocrx_word' id='word_1_493' title='bbox 2159 3934 2340 3985; x_wconf 79' lang='lat' dir='ltr'><strong>herbae</strong></span> <span class='ocrx_word' id='word_1_494' title='bbox 2388 3935 2508 3991; x_wconf 83' lang='lat' dir='ltr'><strong>reli·</strong></span> 
     </span>
     <span class='ocr_line' id='line_1_90' title="bbox 1441 4012 2504 4085; baseline -0.009 -15"><span class='ocrx_word' id='word_1_495' title='bbox 1441 4021 1582 4085; x_wconf 74' lang='lat' dir='ltr'><strong>gioni</strong></span> <span class='ocrx_word' id='word_1_496' title='bbox 1603 4026 1658 4070; x_wconf 88' lang='lat' dir='ltr'><strong>et</strong></span> <span class='ocrx_word' id='word_1_497' title='bbox 1678 4019 1837 4069; x_wconf 87' lang='lat' dir='ltr'><strong>sacris</strong></span> <span class='ocrx_word' id='word_1_498' title='bbox 1863 4015 2182 4067; x_wconf 80' lang='lat' dir='ltr'><strong>servientes:</strong></span> <span class='ocrx_word' id='word_1_499' title='bbox 2209 4012 2293 4062; x_wconf 81' lang='lat' dir='ltr'><strong>his</strong></span> <span class='ocrx_word' id='word_1_500' title='bbox 2315 4025 2504 4075; x_wconf 90' lang='lat' dir='ltr'><strong>nempe</strong></span> 
     </span>
     <span class='ocr_line' id='line_1_91' title="bbox 1439 4087 2502 4156; baseline -0.012 -8"><span class='ocrx_word' id='word_1_501' title='bbox 1439 4112 1556 4148; x_wconf 86' lang='lat' dir='ltr'><strong>aras</strong></span> <span class='ocrx_word' id='word_1_502' title='bbox 1598 4095 1945 4156; x_wconf 67' lang='lat' dir='ltr'><strong>coronabantg</strong></span> <span class='ocrx_word' id='word_1_503' title='bbox 1996 4090 2187 4141; x_wconf 88' lang='lat' dir='ltr'><strong>deinde</strong></span> <span class='ocrx_word' id='word_1_504' title='bbox 2228 4089 2345 4139; x_wconf 81' lang='lat' dir='ltr'><strong>thus</strong></span> <span class='ocrx_word' id='word_1_505' title='bbox 2381 4087 2502 4137; x_wconf 91' lang='lat' dir='ltr'><strong>ado-</strong></span> 
     </span>
     <span class='ocr_line' id='line_1_92' title="bbox 1440 4163 2503 4240; baseline -0.011 -12"><span class='ocrx_word' id='word_1_506' title='bbox 1440 4175 1654 4238; x_wconf 76' lang='lat' dir='ltr'><strong>lebant3</strong></span> <span class='ocrx_word' id='word_1_507' title='bbox 1687 4180 1871 4240; x_wconf 74' lang='lat' dir='ltr'><strong>postea</strong></span> <span class='ocrx_word' id='word_1_508' title='bbox 1907 4171 2134 4239; x_wconf 27' lang='lat' dir='ltr'><strong>vinum-e</strong></span> <span class='ocrx_word' id='word_1_509' title='bbox 2155 4174 2340 4233; x_wconf 77' lang='lat' dir='ltr'><strong>patera</strong></span> <span class='ocrx_word' id='word_1_510' title='bbox 2369 4163 2503 4239; x_wconf 71' lang='lat' dir='ltr'><strong>liba·</strong></span> 
     </span>
     <span class='ocr_line' id='line_1_93' title="bbox 1440 4251 1587 4304; baseline 0 0"><span class='ocrx_word' id='word_1_511' title='bbox 1440 4251 1587 4304; x_wconf 76' lang='lat' dir='ltr'><strong>bant.</strong></span> 
     </span>
    </p>
   </div>
  </div>
 </body>
</html>
