3059 4909
564 388 696 454 250

1094 495 1117 536 Ι

1285 401 1352 461 Q.
1398 399 1716 449 nonam
1773 397 2036 448 resecr

908 546 1306 645 Ludumque
1338 513 1684 649 Εοιῐιιιιαῖ,
1714 563 2086 656 gravesque

1000 649 1394 732 Principum
1425 619 1787 725 amicitiae,
1817 657 1889 711 et
1917 666 2102 713 arma

805 749 1135 816 Nondum
1160 750 1456 835 expiatis
1484 755 1688 814 uncta
1715 750 2093 826 cruoribuS,
2718 746 2762 809 5

564 922 733 977 tiones,
761 926 807 971 et
834 921 1060 972 Fortuna
1080 917 1261 984 jocum,
1293 926 1342 971 et
1366 920 1561 970 Ducum
1594 920 1912 970 consensiones
1934 918 2226 983 Reipublicae
2253 918 2515 977 damnosus,
2546 920 2596 966 et
2630 931 2763 966 arms

566 989 773 1036 umam
806 988 1008 1037 lustrato
1040 987 1272 1049 unguine
1301 1000 1549 1050 conspersa
1579 985 1836 1044 describis,-
1866 990 2194 1047 argumentans
2228 998 2343 1034 nne
2372 953 2687 1047 periciam
2715 986 2764 1030 et

1507 1113 1603 1134 ‘O‘
1606 1113 1851 1134 mm„

566 1212 608 1247 c.
631 1197 917 1248 civium-6
953 1198 1132 1249 Bentl.
1153 1197 1357 1248 emend.
1381 1198 1535 1250 tincta
1553 1197 1818 1259 cruoribus,
1840 1195 2130 1248 Schradero
2148 1195 2313 1245 minus
2336 1193 2624 1258 probante;
2645 1208 2761 1243 uam

570 1263 754 1312 contra
770 1263 911 1313 illum
934 1261 1135 1313 faciunt
1158 1277 1260 1313 non
1282 1263 1436 1314 modo
1455 1263 1611 1314 codd.
1635 1277 1833 1327 omnes,
1857 1262 1948 1312 sed
1978 1262 2137 1313 etiam
2160 1276 2267 1312 mos
2290 1259 2621 1310 librariorum
2646 1259 2767 1309 trita

1557 1414 1608 1465 N
1614 1412 1772 1464 01·AE

570 1527 627 1571 ta
648 1521 862 1586 Imperii
885 1521 1091 1575 fortuna
1124 1539 1227 1575 non
1254 1525 1506 1591 caperet:
1528 1528 1628 1577 &c.

568 1607 629 1649 et
655 1600 810 1663 paulo
834 1607 978 1664 postz
1016 1610 1031 1632 ⁸
1051 1603 1328 1668 Pompeius
1361 1605 1426 1655 ab
1449 1604 1628 1669 Italis,

569 1676 792 1726 Senatus
814 1676 880 1727 ab
898 1679 1025 1729 urbe
1034 1678 1243 1744 fugatur
1264 1697 1278 1731 ι
1312 1696 1461 1747 quam
1482 1697 1629 1748 paene

570 1766 788 1803 vacuam
821 1761 962 1804 metu
987 1756 1163 1807 Caesar
1195 1746 1473 1823 ingressus,
1494 1761 1630 1811 Con·

568 1829 729 1879 sulem
748 1831 933 1896 seipse
955 1831 1100 1887 facit.
1151 1835 1404 1886 AErarium
1426 1852 1629 1902 qnoque

572 1914 825 1972 sanctum,
837 1911 957 1975 quia
970 1912 1166 1962 tardius
1189 1913 1497 1977 aperiebant
1515 1914 1630 1963 Tri·

574 1984 718 2050 buui,
748 1987 911 2050 jussit
945 1986 1185 2053 effringit
1220 2004 1537 2055 censumque
1574 1997 1633 2042 et

574 2063 939 2125 patrimonium
964 2065 1150 2130 Populi
1170 2066 1389 2116 Romani
1403 2073 1526 2116 aute
1550 2080 1630 2116 ra-

573 2138 688 2207 puit
710 2154 862 2203 quam
884 2141 1203 2204 Imperium!
1267 2143 1432 2193 Hisce
1453 2150 1630 2193 tamen

573 2219 677 2263 tam
725 2215 966 2266 violentae
1007 2218 1311 2281 cupiditatis
1357 2220 1629 2270 conatibus

572 2289 606 2341 J
612 2290 718 2340 uris
739 2293 962 2356 speciem
994 2296 1323 2357 praetexebat
1344 2298 1539 2360 Caesar,
1563 2297 1631 2348 de

572 2365 722 2416 Bello
746 2367 899 2419 Civili
924 2383 963 2419 ι.
984 2374 1064 2421 22.
1089 2372 1318 2423 scribens
1340 2390 1355 2423 ι
1388 2374 1406 2403 ‘
1424 2374 1494 2425 Se
1526 2389 1629 2424 non

570 2442 814 2493 maleficii
849 2459 1010 2498 causa
1047 2461 1113 2497 ex
1153 2451 1420 2514 provincia
1455 2466 1632 2517 egres-

574 2533 705 2582 sum,
726 2519 818 2570 sed
846 2523 921 2572 uti
952 2538 1008 2574 se
1046 2539 1077 2574 a
1109 2529 1436 2578 contumeliis
1468 2527 1634 2579 inimi·

572 2608 749 2644 corum
773 2595 1112 2663 defenderet;
1145 2608 1203 2654 ut
1229 2603 1487 2656 Tribunos
1522 2607 1630 2671 ple-

572 2671 652 2722 bis
673 2687 739 2723 ea
759 2688 816 2724 re
839 2689 907 2725 ex
939 2676 1155 2729 civitate
1189 2681 1363 2744 pulsos
1402 2681 1453 2730 in
1488 2697 1631 2734 susm

573 2748 881 2813 dignitatem
903 2754 1230 2816 restitueret;
1266 2763 1326 2807 ut
1358 2772 1415 2808 se
1447 2765 1502 2809 et
1528 2761 1630 2810 Po-

572 2826 753 2889 pulum
777 2828 1060 2880 Romanum
1098 2844 1379 2894 paucorum
1403 2834 1633 2885 factione

573 2913 873 2965 oppressum
896 2905 957 2953 iu
994 2905 1286 2958 libertatem
1313 2910 1635 2963 vindicaret!

576 2978 648 3029 Et
668 2981 804 3043 apud
828 2981 1041 3033 Sueten.
1057 2984 1163 3036 Jul.
1188 3000 1305 3049 cap.
1320 2991 1402 3038 80.
1426 2988 1636 3040 Asinius

574 3057 689 3117 ipse
721 3058 890 3107 Pollio
925 3066 1150 3110 testatur
1173 3062 1450 3128 Caesarem,
1474 3066 1639 3117 Phar-

574 3133 729 3181 salica
754 3148 915 3183 caesos
936 3136 1047 3185 scie
1070 3145 1372 3189 cernentem
1394 3140 1639 3193 adversa·

576 3208 695 3266 rios,
735 3210 789 3259 in
824 3210 937 3262 haec
979 3214 1212 3277 erupisse
1252 3219 1443 3269 verba:
1480 3220 1497 3247 ⁸
1522 3219 1640 3271 Hoc

574 3285 882 3336 voluerunt:
921 3290 1079 3338 tantis
1096 3291 1248 3341 rebus
1269 3294 1426 3356 gestis
1442 3295 1502 3345 C.
1523 3296 1641 3346 Cae-

576 3375 660 3411 sar
684 3364 1053 3415 condemnatus
1077 3381 1261 3426 essem,
1281 3370 1382 3419 nisi
1405 3371 1470 3422 ab
1493 3387 1640 3422 exer-

575 3440 687 3490 citu
710 3442 957 3492 auxilinm
983 3445 1285 3507 petiissem!

640 3521 668 3565 8
703 3517 975 3583 Luciumque
993 3521 1243 3587 For-tum]
1289 3524 1420 3577 Quae
1445 3527 1639 3591 gaudet

572 3608 658 3643 res
702 3596 904 3659 quietas
942 3598 1186 3662 miscere3
1222 3602 1308 3651 hos
1344 3609 1634 3669 attenuare,

571 3671 689 3720 illos
727 3672 831 3722 imo
868 3673 1050 3724 tollere
1089 3674 1156 3726 de
1198 3677 1395 3741 gradu3
1427 3687 1633 3730 vertere

571 3747 842 3799 funeribus
876 3751 1177 3816 triumphos.
1245 3755 1380 3805 Vide
1416 3771 1574 3822 supra
1596 3773 1635 3807 ι.

572 3824 679 3875 od.
699 3829 779 3875 34.
802 3833 857 3876 et
878 3831 960 3877 35.
976 3837 1031 3877 et
1057 3830 1197 3879 Flor.
1219 3838 1342 3880 ante
1366 3833 1454 3881 cit.
1475 3834 1635 3883 ‘Tur-

573 3916 642 3966 pe
664 3903 841 3953 dictu:
876 3905 1031 3954 modo
1047 3906 1290 3970 princeps
1312 3915 1636 3975 patrum,pa·

570 3977 649 4026 'cis
671 3977 897 4043 bellique
921 3978 1216 4030 moderator
1238 3996 1334 4046 per
1351 3983 1634 4049 triumpha-

574 4060 685 4102 tum
709 4068 740 4101 a
759 4067 816 4102 se
840 4068 1003 4115 mare,
1028 4054 1200 4104 lacera
1222 4062 1276 4105 et
1297 4057 1481 4107 inermi
1500 4074 1634 4110 nave

574 4127 845 4192 fugiebat)

644 4207 918 4268 Gravesque
941 4205 1224 4270 Principum
1243 4203 1504 4274 amicitias]
1525 4213 1635 4262 Tri·

580 4282 891 4332 umviratum
914 4296 1122 4347 nempe,
1142 4297 1241 4349 quo
1264 4284 1388 4335 nibil
1411 4301 1634 4353 unquam

1706 1524 1810 1576 suit
1864 1525 2012 1576 bonis
2066 1537 2126 1573 ac
2169 1521 2496 1586 Reipublicae
2541 1517 2764 1584 gravius.

1707 1604 1841 1653 Cato
1862 1601 2076 1652 dicebat
2109 1614 2211 1650 non
2244 1613 2310 1647 ex
2344 1597 2631 1648 inimicitiis
2657 1596 2769 1647 οη-

1706 1680 1836 1730 saris
1857 1686 1914 1730 et
1935 1678 2196 1741 Pompeii,
2225 1676 2319 1727 sed
2351 1690 2417 1726 ex
2447 1676 2680 1740 ipsorum
2710 1681 2766 1723 et

1709 1757 1883 1808 Crassi
1923 1756 2177 1806 societate
2208 1759 2265 1804 et
2298 1751 2546 1809 amicitia,
2584 1763 2767 1814 prove-

1708 1837 1848 1887 nisse
1876 1836 2048 1886 omnia
2082 1835 2400 1900 Reipublicae
2434 1832 2585 1881 mala.
2654 1830 2766 1880 Hos

1710 1913 1882 1978 igitur·
1912 1913 2189 1976 Principes
2231 1910 2496 1973 intellige:
2534 1907 2619 1958 vel
2663 1904 2767 1956 Au·

1709 1996 1935 2053 gustum,
1954 1988 2223 2053 Lepidum,
2245 1994 2301 2038 et
2321 1984 2607 2036 Antonium
2629 1998 2646 2044 ς
2682 1980 2769 2047 qui

1711 2074 1859 2117 certe
1876 2080 2052 2117 omnes
2075 2079 2182 2116 rem
2206 2079 2347 2113 suam
2379 2076 2482 2112 non
2504 2060 2768 2125 publicam

1707 2147 2007 2208 querentes
2028 2141 2244 2212 Imperii
2268 2139 2561 2202 Populique
2582 2135 2768 2186 Roma·

1711 2220 1763 2269 ni
1786 2220 2082 2269 libertatem
2107 2215 2522 2282 pessumdedere.
2573 2214 2768 2263 Lucan.

1712 2311 1750 2348 ι.
1783 2301 1866 2348 98.
1904 2298 2164 2360 ‘Tempus
2202 2294 2267 2344 ad
2313 2292 2535 2356 Augusti
2584 2290 2771 2339 mansit

1711 2373 1994 2426 concordia
2016 2372 2247 2423 discors:
2287 2371 2504 2433 Paxque
2535 2365 2640 2416 fuit
2668 2379 2768 2414 uon

1711 2459 1898 2518 sponte
1920 2449 2166 2500 Ducum!

1745 2549 1754 2554 -
1776 2533 1808 2578 4
1830 2528 1981 2577 Arma
2004 2528 2230 2577 Nondum
2249 2523 2456 2589 expiatis
2476 2526 2621 2572 num
2636 2534 2770 2570 cm-

1710 2604 1866 2668 n’bns]
1900 2604 2049 2654 Bella
2072 2603 2285 2652 vixdum
2312 2602 2442 2651 bene
2477 2599 2671 2663 sopita,
2693 2611 2770 2647 re-

1711 2682 2078 2732 crudescentes
2123 2678 2355 2744 quotidie
2404 2676 2771 2730 dissensiones,

1712 2757 1730 2786 ‘
1749 2773 1846 2809 nec
1867 2758 2013 2808 finita
2048 2771 2164 2807 cum
2200 2755 2338 2805 bello
2371 2755 2598 2819 partium
2622 2752 2776 2815 odia,’

1713 2841 1774 2884 ut
1810 2834 1884 2884 ait
1918 2834 2055 2883 Flor.
2080 2832 2168 2881 cit.
2186 2830 2489 2880 Theodorus
2507 2827 2774 2878 Mart-ilius

1715 2913 1965 2976 explicat,
2008 2911 2151 2960 cives
2193 2906 2506 2959 armilustrio
2549 2904 2773 2954 noudum

1717 2987 1977 3050 expiatos,
2022 2984 2247 3035 nondum
2291 2990 2410 3034 acto
2451 2995 2632 3043 censu,
2676 2994 2773 3031 nec

1716 3065 1883 3114 lustro
1915 3061 2162 3118 condito:
2198 3067 2323 3110 tunc
2356 3059 2596 3108 nimirum
2634 3056 2774 3108 cives

1715 3153 1896 3190 omues
1931 3139 1984 3189 in
2021 3138 2269 3201 Campum
2299 3134 2549 3185 Martium
2590 3132 2776 3183 armati

1719 3215 2114 3270 conveniebant,
2152 3214 2324 3278 ibique
2356 3210 2642 3274 sacrificiis,
2665 3211 2772 3260 sive

1716 3290 2498 3344 Solitum-ilibuslustrabantur.
2562 3288 2776 3353 Dionys.

1719 3370 1987 3420 Halicarn.
2027 3368 2210 3432 Antiq.
2251 3368 2399 3417 Rom.
2432 3366 2519 3416 lib.
2542 3379 2622 3415 ιν.
2651 3365 2775 3415 scri-

1719 3447 1829 3500 bit:
1863 3448 1879 3475 ‘
1900 3446 2135 3496 Servium
2161 3444 2385 3493 Tullium
2418 3442 2559 3492 cives
2595 3455 2772 3490 omues

1715 3524 1768 3571 in
1793 3522 2066 3572 maximum
2094 3528 2213 3570 ante
2246 3519 2425 3568 urbem
2458 3531 2699 3581 campum
2722 3515 2770 3565 in

1717 3599 1873 3648 armis
1917 3597 2192 3646 convenire
2229 3595 2425 3659 jussos,
2468 3601 2520 3644 et
2565 3595 2617 3643 in
2673 3593 2770 3641 suis

1716 3688 1946 3740 quosque
1968 3672 2233 3723 ordinibus
2265 3673 2597 3733 constitutos»,
2630 3671 2771 3734 expi-

1717 3765 1849 3811 asse,
1873 3758 2035 3809 tauro,
2061 3750 2244 3807 ariete,
2262 3755 2317 3797 et
2339 3748 2503 3805 hirco,
2526 3755 2609 3797 ter
2626 3761 2773 3797 exer·

1717 3826 1873 3875 citum
1896 3824 2279 3884 circumductis,
2301 3838 2523 3887 moxque
2547 3825 2769 3874 immola-

1719 3904 1818 3952 tis:
1858 3912 2014 3966 atque
2051 3916 2208 3950 ceusu
2250 3909 2463 3965 peracto
2497 3916 2610 3950 eam
2650 3915 2767 3965 pur·

1717 3978 1873 4042 gandi
1909 3979 2160 4028 rationem
2197 3976 2335 4042 apud
2369 3977 2632 4026 Romanos
2654 3980 2767 4027 hac-

1719 4064 1866 4105 tenus
1898 4056 2221 4106 observatam
2244 4056 2310 4104 ab
2338 4054 2398 4103 iis
2422 4056 2510 4118 qui
2533 4054 2766 4104 sacratis-

1714 4134 1898 4183 simum
1952 4132 2189 4182 obtinent
2244 4132 2627 4197 Magistratum,
2669 4133 2768 4180 lus·

1718 4216 1957 4273 trumque
1975 4207 2324 4272 appellatam'
2363 4207 2499 4257 Haec
2523 4223 2644 4258 vero
2658 4209 2762 4271 jam

1717 4289 1913 4354 potitus
1928 4302 2095 4338 rerum
2109 4285 2372 4351 Augustus
2388 4288 2625 4352 religiose
2640 4300 2761 4351 prae·
