3059 4909
489 359 499 365 ’
557 369 686 435 182
1275 383 1343 443 q.
1390 379 1709 430 noum-11
1760 378 2064 428 nacci.

819 509 1008 593 Quid
1035 508 1404 575 Tiridatem
1433 513 1699 586 terreat,
1733 507 1932 572 unice
2591 579 2596 584 ᾖ
2711 502 2750 563 5

816 615 1132 679 Securus,
1222 611 1283 676 O
1316 632 1472 696 quse
1499 611 1804 676 sontibus
1831 607 2114 698 integris·

903 714 1203 793 GaudeS‚
1235 715 1498 797 apricos
1524 717 1711 778 necte
1740 710 1965 786 flores»,

994 816 1209 880 Necte
1239 836 1393 880 meo
1429 814 1685 878 Lamiae
1719 830 2068 888 coronam,

821 916 1133 1000 Pimplea
1163 917 1417 983 dulcis:
1463 918 1553 980 nil
1583 917 1727 981 sine
1758 922 1826 980 te
1855 914 1988 977 mei

571 1125 810 1186 timeatur,
835 1130 1002 1191 quidve
1026 1129 1235 1178 Tiridati
1255 1127 1567 1187 formidinem
1586 1126 1809 1175 incutiat.
1878 1127 1924 1174 Ο
1943 1124 2158 1186 Pimplea
2179 1125 2358 1189 suat-is,
2380 1140 2486 1188 φια-
2502 1125 2758 1188 pai-issou-

571 1193 695 1243 iibus
729 1194 995 1258 delectaris,
1016 1195 1199 1257 apricos
1226 1193 1378 1257 flores
1409 1193 1598 1255 colliga,
1633 1191 1853 1241 corollam
1891 1196 2000 1240 texe
2021 1206 2121 1239 meo
2142 1189 2341 1240 Lamioe.
2403 1189 2596 1254 Absque
2620 1196 2667 1240 te
2687 1191 2757 1239 ni-

1502 1316 1867 1337 Ommum

573 1404 798 1450 vett.-4
833 1400 1046 1449 Ascens.
1067 1407 1122 1449 et
1147 1400 1350 1449 Bonfin,
1371 1413 1468 1449 oroe
1490 1404 1537 1448 et
1564 1400 1711 1459 Quid,
1731 1401 1909 1460 &sce—5
1946 1401 1960 1427 ‘
1981 1398 2315 1448 Mithridatem
2337 1396 2544 1462 quidam
2581 1398 2760 1448 Lamb.

462 1503 470 1512 .
571 1479 688 1513 cum
710 1465 884 1527 litura,
904 1466 992 1513 lib.
1020 1473 1123 1514 vet.
1144 1464 1372 1514 Turneb.
1395 1464 1531 1513 Adv.
1554 1477 1715 1512 xxvi.
1735 1468 1816 1512 36.
1839 1464 1919 1527 [et
1941 1463 2179 1525 Venett.]
2229 1464 2299 1512 Et
2325 1466 2398 1511 sic
2421 1463 2541 1513 ded.
2564 1463 2762 1512 Bersm.

570 1528 668 1579 Ro.
690 1529 869 1591 Steph.
933 1529 1037 1578 Sed
1059 1544 1226 1593 neque
1251 1530 1317 1578 de
1350 1543 1538 1590 magno
1562 1530 1652 1576 illo
1672 1528 1999 1582 Mithridate,
2022 1527 2179 1576 Ponti
2204 1529 2265 1577 R.
2290 1529 2399 1590 jam
2440 1543 2467 1576 a
2508 1527 2763 1591 Pompeio
2794 1533 2798 1538 '

570 1592 731 1650 victo,
754 1607 919 1657 neque
937 1593 1002 1641 de
1023 1594 1353 1654 Mithridate,
1378 1592 1637 1642 Armeniae
1664 1606 1809 1655 rege,
1836 1593 1923 1656 qui
1947 1591 2148 1641 demum
2170 1592 2265 1640 sub
2287 1592 2495 1641 Tiberio
2517 1593 2766 1653 innotuit,

573 1671 742 1721 neque
765 1658 989 1721 denique
1015 1660 1079 1707 de
1096 1658 1423 1712 Mithridate,
1446 1672 1568 1719 rege
1582 1657 1913 1712 Parthorum,
1931 1666 2052 1705 ante
2074 1657 2275 1706 cladem
2292 1656 2465 1705 Crassi
2482 1658 2590 1721 jam
2609 1658 2766 1706 truci-

576 1721 720 1783 dato,
737 1723 955 1779 cogitari
981 1722 1065 1771 hic
1090 1730 1282 1786 potest.
1349 1723 1697 1770 Mithradatem
1717 1722 1843 1772 edit.
1864 1722 2069 1769 Rouillii
2097 1721 2260 1784 Lugd.
2284 1725 2428 1770 1559.
2452 1729 2505 1770 et
2526 1719 2766 1785 quaedam‘

576 1785 712 1842 aliae,
749 1787 948 1836 solenni
987 1788 1255 1836 varietate.
1320 1787 1614 1849 Tyridatem,
1658 1785 1938 1848 Pir-idam,
1976 1787 2279 1848 Tyradutem‚
2316 1786 2596 1849 Tyridaten,
2642 1788 2768 1835 Tiri-

574 1852 736 1908 daten,
765 1852 1066 1901 varietates.
1132 1851 1347 1914 Optime
1372 1859 1499 1914 puto
1522 1849 1680 1898 scribi
1707 1851 1980 1913 Teridaten,
2011 1849 2287 1913 Τηριδάτην,
2320 1859 2377 1898 ut
2402 1860 2480 1899 est
2503 1866 2588 1915 ap.
2612 1852 2772 1901 Dion.

575 1915 649 1963 Et
669 1915 744 1963 sic
762 1918 824 1966 Τ.
846 1916 1034 1965 Faber.
1056 1922 1111 1964 et
1135 1914 1343 1965 Dacer.'
1378 1915 1516 1965 dani.
1582 1915 1892 1963 Metridatem
1914 1915 2064 1964 Harl.
2088 1919 2135 1963 2.
2206 1917 2327 1970 Quis
2353 1915 2609 1964 Tiridatem
2633 1917 2769 1980 conj.

575 1978 782 2030 Marcil.
822 1980 1043 2030 Ascens.
1059 1988 1115 2029 et
1132 1981 1310 2045 Steph.
1335 1983 1514 2029 terreat
1537 1979 1692 2043 unice,
1708 1978 2023 2030 Securum—9
2045 1982 2060 2007 ‘
2080 1979 2270 2043 Piplea,
2282 1979 2363 2029 vel
2383 1980 2598 2043 Pimplea
2617 1981 2771 2044 vulgo

1558 2105 1769 2160 NOTAE

578 2204 715 2253 Ursa
747 2205 921 2269 Major
965 2212 1020 2256 et
1059 2207 1254 2271 Minor,
1289 2221 1414 2272 quas
1454 2207 1635 2258 Graeci

579 2280 777 2343 ἄρκτους
822 2291 1143 2346 nuncupant.
1227 2283 1309 2334 Ab
1350 2286 1429 2333 his
1476 2285 1635 2333 Polus

579 2355 826 2406 Areticus
857 2359 1070 2424 dicitur,
1109 2374 1171 2409 ea
1204 2375 1320 2425 pars
1351 2362 1484 2410 orbis
1519 2375 1634 2424 quse

1715 2207 2001 2258 nobilitatis
2042 2207 2265 2257 unanimi
2300 2206 2685 2269 conspiratione
2719 2206 2769 2254 in

1716 2287 1886 2333 locum
1904 2286 2010 2348 ejus
2030 2283 2201 2334 fuerat
2218 2284 2553 2345 subrogatus:
2577 2290 2632 2332 at
2654 2297 2768 2332 cnm

1715 2360 1945 2409 audisset
1984 2361 2202 2409 maximo
2235 2359 2542 2424 Scytharum
2583 2359 2774 2408 auxilio

581 2435 665 2483 axi
686 2442 742 2485 et
759 2435 1003 2500 Aquiloni
1027 2439 1313 2502 propinqua
1331 2446 1428 2488 est.
1474 2438 1633 2486 ovid.

578 2511 725 2561 Fast.
761 2525 844 2562 ιιι.
878 2517 989 2562 107.
1039 2512 1056 2540 ‘
1081 2515 1209 2562 Esse
1258 2513 1388 2563 diras
1429 2513 1637 2575 Arctos,

581 2601 795 2650 quarum
835 2589 1106 2653 Cynosura
1145 2596 1354 2655 petatur
1394 2589 1639 2652 Sidoniis,

581 2663 810 2713 Helicen
829 2666 992 2715 Graia
1015 2668 1194 2723 carina
1214 2674 1357 2720 notet
1376 2667 1412 2715 ?'

645 2744 680 2788 4
703 2739 889 2788 Geh'doe
909 2740 1027 2804 oroe]
1060 2741 1142 2790 Ad
1167 2750 1443 2806 utrumque
1467 2744 1637 2803 polum

582 2815 767 2864 saevire
789 2816 953 2879 frigus
979 2831 1131 2867 nemo
1155 2818 1335 2866 nescit.
1402 2818 1483 2866 Ad
1510 2818 1642 2867 Arc-

583 2889 763 2950 ticum‚
818 2904 959 2941 mare
1012 2895 1340 2956 congelatum
1389 2908 1475 2941 seu
1531 2895 1640 2958 gla-

583 2967 735 3031 ciale,
784 2967 920 3031 quod
957 2970 1074 3017 anni
1112 2979 1263 3033 parte
1295 2971 1517 3020 maxima
1557 2986 1643 3033 ge-

581 3043 635 3089 lu
688 3049 983 3091 concretum
1035 3046 1122 3109 sit,
1181 3046 1418 3095 omnibus
1462 3046 1640 3095 auditu

583 3117 763 3165 saltem
808 3120 1090 3180 cognitum.
1154 3121 1291 3170 Vide
1328 3123 1455 3171 Not.
1488 3136 1645 3186 supra

587 3193 690 3242 od.
718 3206 861 3243 xxn.
890 3210 960 3242 vs.
980 3200 1057 3246 17.
1078 3203 1134 3245 et
1156 3212 1263 3262 seq.
1311 3199 1484 3247 Terrae
1510 3197 1642 3249 Arc-

585 3268 705 3318 ticae
730 3284 908 3318 versus
928 3270 1150 3321 Boream
1175 3280 1294 3322 sunt
1318 3273 1644 3337 Spitzberga,

588 3345 952 3411 Gronelaudia,
979 3349 1129 3398 Nova
1156 3349 1348 3414 Dama,
1367 3351 1647 3399 Estotilan·

586 3422 692 3486 dia,
715 3425 813 3472 διο.
882 3424 993 3482 Has
1017 3440 1138 3474 vero
1162 3427 1368 3475 omniuo
1396 3426 1645 3475 Boreales

583 3512 689 3546 non
709 3498 911 3549 videtur
932 3500 1169 3552 habuisse
1196 3502 1249 3550 in
1281 3503 1451 3551 animo
1477 3502 1642 3551 Hora·

585 3577 720 3640 tius;
742 3578 831 3626 sed
857 3579 1028 3641 potius
1053 3580 1216 3643 magis
1236 3582 1464 3644 cognitas
1481 3582 1642 3643 ipsius

584 3667 715 3717 aevo,
739 3660 792 3704 et
815 3657 965 3717 paulo
990 3656 1152 3705 minus
1167 3657 1644 3720 Septemtrionales,

585 3742 772 3794 nempe
789 3730 1135 3795 Britanniam,
1158 3733 1408 3796 scotiam,
1429 3734 1644 3783 Germa·

586 3806 742 3864 niam,
765 3806 1008 3866 Daciam,
1029 3808 1318 3870 Scythiam,
1338 3814 1437 3860 διο.

652 3879 928 3941 Metuatur]
944 3882 1176 3944 Respicit
1191 3882 1417 3936 fortasse
1432 3885 1496 3935 ad
1516 3886 1645 3936 duas

587 3956 760 4005 clades
777 3956 829 4003 in
848 3955 1132 4008 Germania
1149 3969 1391 4025 acceptas
1408 3978 1424 4023 ς
1447 3961 1514 4011 de
1535 3962 1647 4025 qui·

587 4029 683 4078 bns
704 4031 918 4081 Sueten.
944 4031 1138 4085 Octav.
1162 4050 1209 4085 c.
1232 4040 1313 4085 23.

653 4111 682 4153 5
712 4105 842 4161 Quid
869 4106 1129 4159 Tiridatem
1152 4113 1353 4175 terreat]
1379 4112 1455 4174 Is,
1476 4112 1648 4177 ejecto

587 4181 641 4231 in
675 4183 882 4233 exilium
919 4185 1145 4237 Phraate
1178 4186 1485 4238 Parthorum
1507 4203 1651 4252 rege,

1718 2435 1996 2485 Phraatem
2034 2436 2208 2500 juvari
2247 2434 2311 2484 ad
2364 2436 2798 2500 recuperandum¹

1717 2511 2006 2576 imperium,
2043 2513 2112 2561 ita
2151 2512 2460 2575 perterritus
2499 2520 2582 2561 est
2613 2519 2673 2561 ut
2708 2511 2771 2559 ad

1720 2585 2006 2651 Augustum
2067 2590 2247 2638 relicta
2289 2588 2512 2637 ‘Parthia
2566 2587 2772 2649 fugerit.

1722 2662 1853 2712 Haec
1874 2662 1985 2712 fuse
2006 2663 2199 2714 Justin.
2222 2663 2309 2712 lib.
2327 2676 2463 2713 xur.
2487 2663 2583 2712 sub
2607 2663 2776 2712 finem.

1720 2738 1823 2787 Dio
1846 2739 1934 2788 lib.
1956 2753 2025 2788 m.
2049 2745 2101 2788 et
2123 2749 2217 2788 Lu·-
2240 2740 2511 2789 Plutarch.
2535 2741 2586 2788 in
2611 2738 2777 2790 Anto·

1721 2817 1827 2882 nio,
1850 2820 1950 2865 ὅτε.

1794 2895 1943 2944 Unice
1964 2892 2191 2957 Securus]
2216 2892 2439 2945 Quidam
2461 2907 2657 2954 vocem,
2674 2893 2774 2941 uni-

1720 2985 1791 3032 ce,
1827 2969 2060 3020 referunt
2095 2970 2160 3018 ad
2198 2969 2409 3036 verbum
2453 2973 2660 3018 terreat.-
2694 2968 2777 3017 alii

1712 3047 1939 3110 jungunt
1973 3060 2089 3093 cum
2135 3046 2228 3092 hac
2273 3056 2425 3107 voce,
2461 3043 2693 3093 Securum
2726 3044 2773 3092 id

1725 3129 1823 3185 est,
1840 3122 2173 3185 singulariter
2190 3113 2360 3184 ego'et
2376 3120 2599 3169 maxime
2618 3120 2778 3183 abjeci

1725 3213 1937 3261 magnas
1974 3211 2124 3247 curas
2165 3197 2228 3246 de
2263 3185 2572 3260 Republica,
2595 3205 2650 3246 et
2683 3198 2781 3245 Im·

1728 3274 1883 3336 periis
1921 3281 2216 3323 exterarum
2251 3275 2499 3338 gentium,
2522 3280 2582 3322 ut
2615 3273 2779 3322 Musis

1729 3365 1920 3399 vacem.

1790 3430 1822 3474 6
1859 3426 1905 3472 0
1943 3440 2047 3488 quae
2072 3424 2294 3485 fontibus
2331 3424 2537 3486 integris
2573 3425 2781 3486 Gaudes,

1720 3502 1827 3565 Esau]
1852 3503 1900 3552 Ο
1923 3505 2094 3565 Musa,
2113 3509 2256 3552 tuum
2281 3510 2363 3552 est
2379 3503 2591 3552 laudare
2615 3518 2781 3552 meum

1726 3577 1980 3639 Lamism3
2018 3593 2157 3628 meos
2176 3585 2390 3628 conatus
2411 3593 2590 3642 parum
2612 3580 2781 3628 valere

1722 3646 1994 3718 intellig03
2047 3655 2207 3703 virum
2251 3656 2525 3704 immortali
2574 3654 2780 3719 dignum

1724 3728 1917 3778 honore
1942 3743 1972 3776 a
1996 3735 2048 3778 te
2072 3729 2326 3779 celebrari
2349 3730 2607 3780 convenit.
2647 3731 2781 3793 Ergo

1726 3805 1864 3868 quod
1900 3805 2019 3853 mihi
2057 3805 2358 3869 imprudens
2393 3820 2697 3868 sumseram‚
2727 3817 2781 3855 tu

1727 3879 1821 3929 tibi
1845 3894 2071 3929 assumas
2086 3893 2291 3945 aequum
2314 3886 2413 3929 est.
2677 3883 2686 3886 “

1792 3960 1825 4004 7
1857 3955 2060 4019 Apricos
2080 3961 2211 4004 necte
2235 3954 2413 4019 flores]
2447 3956 2622 4005 Necte
2641 3970 2782 4006 coro·

1729 4047 1835 4081 ram
1881 4048 1947 4081 ex
1994 4032 2203 4096 optimis
2246 4030 2458 4080 floribus
2501 4032 2553 4079 in
2607 4032 2783 4094 aprico
2869 4051 2872 4056 ·

1728 4108 2079 4170 nascentibus,
2100 4107 2286 4171 quibus
2322 4121 2540 4156 exornes
2565 4122 2660 4171 pro
2682 4121 2780 4155 me-

1729 4186 1841 4235 ritis
1865 4198 2034 4233 meum
2059 4183 2277 4233 amicum
2297 4184 2482 4233 AElium
2507 4183 2768 4250 Lamiam.»
