3059 4909
600 352 731 420 428
1319 391 1382 449 Q.
1430 391 1749 444 noRA’ru
1804 400 2067 452 rancor

945 522 1168 591 Falsis
1198 530 1531 615 impulerit
1567 540 1976 625 criminibuS,
2005 549 2204 614 nimis

1027 626 1238 695 Casto
1270 634 1772 730 Bellerophonti
2696 665 2775 728 15

1115 733 1455 805 Maturare
1484 763 1743 825 necem,
1765 750 2019 823 refert.-

944 830 1191 901 Narrat
1211 859 1406 921 paene
1434 845 1663 911 datum
1696 850 1902 918 Pelea
1927 855 2234 937 Tartaro,

940 932 1360 1018 Magnessam
1393 945 1818 1034 Hippolyten
1848 954 2002 1050 dum
2025 958 2192 1042 fugit
2223 963 2605 1033 abstinens:

1029 1037 1118 1103 Et
1144 1060 1424 1122 peccare
1455 1048 1773 1119 docentes

1108 1140 1353 1211 Fallax
1380 1147 1696 1219 historias
1725 1165 1967 1238 monet,
2693 1178 2774 1242 20

587 1345 783 1390 mortem
803 1348 1059 1401 accelerare
1089 1354 1443 1421 Bellerophonti
1475 1363 1671 1414 nimium
1697 1368 1884 1429 pudico.
1954 1372 2125 1433 Refert
2145 1376 2340 1427 Peleum
2373 1385 2559 1430 tantum
2585 1397 2680 1431 non
2699 1384 2770 1432 in-

585 1404 850 1473 terfectum,
870 1427 975 1461 cum
997 1420 1258 1480 temperans
1276 1427 1520 1477 eluctatur·
1531 1429 1850 1496 Hippolytum
1869 1450 1896 1485 e
1917 1438 2189 1500 Magnesia.
2214 1465 2219 1470 ·
2258 1444 2533 1498 Quinetiam
2559 1450 2773 1510 deceptor

584 1476 751 1519 narrat
769 1472 994 1528 historias
1010 1483 1184 1533 crivnen
1206 1490 1455 1543 adnuittere
1473 1496 1736 1547 suadentes.
1787 1498 1884 1549 Sed
1905 1501 2156 1556 incassum.
2206 1508 2402 1558 Etenim
2414 1511 2613 1575 rupibus
2629 1513 2774 1563 Icaria·

1483 1637 1851 1664 OOOONOOW

508 1718 514 1721 ’
581 1707 861 1777 protheum,
885 1720 1139 1774 variantes
1161 1743 1242 1792 ap.
1268 1734 1423 1785 eund.
1445 1737 1585 1789 Jani.
1654 1742 1849 1794 Proetou
1871 1744 2216 1812 Cuning.—l5
2252 1752 2632 1817 Bellerophonti,
2669 1756 2771 1806 Bel·

578 1774 802 1833 lorosouti
835 1784 1093 1838 variantes
1131 1806 1217 1856 ap.
1260 1795 1527 1851 Jani.——18
1560 1806 1846 1867 Magnesam
1887 1812 2092 1874 quidam
2140 1815 2290 1865 codd.
2331 1833 2418 1881 ap.
2463 1821 2768 1870 ‹flumem-—

580 1840 645 1886 20
677 1840 855 1893 Pellax
874 1850 1011 1913 conj.
1032 1853 1206 1906 Bentl.
1240 1873 1551 1927 receperunt
1583 1871 1775 1922 Sanad.
1808 1882 1864 1923 et
1900 1876 2037 1926 Sivr.
2071 1892 2174 1934 non
2210 1883 2382 1932 tamen
2406 1884 2570 1934 Kidd.
2599 1900 2766 1948 quam·

580 1904 655 1950 vis
687 1905 863 1958 Bentl.
899 1912 1007 1964 fere
1042 1922 1290 1989 sequitur.
1357 1929 1373 1956 ‘
1400 1929 1628 1985 Omnino
1660 1935 2027 1998 significantius
2059 1951 2140 1993 est
2164 1944 2359 2010 Pellam,
2387 1958 2442 1996 et
2467 1949 2591 2000 alibi
2614 1951 2764 2001 etiam

580 1980 675 2028 pro
713 1984 779 2019 eo
800 1975 981 2039 fallax,
1020 1997 1086 2031 ex
1121 1986 1587 2053 interpretamento
1623 1999 1758 2049 liaud
1793 2002 1968 2062 dubie,
2004 2007 2233 2072 irrepsit,
2269 2020 2327 2061 ut
2360 2014 2508 2077 Virg.
2550 2014 2666 2066 AEn.
2702 2030 2773 2067 Π..

575 2034 658 2079 90.
700 2035 787 2084 ubi
832 2041 935 2091 vid.
977 2047 1152 2111 Heyn.
1224 2055 1326 2105 Sed
1367 2065 1538 2110 tamen
1582 2071 1636 2113 et
1666 2064 1831 2124 fallax
1870 2069 2001 2120 bene
2043 2072 2238 2123 habet.’
2281 2078 2418 2127 Jani.
2476 2087 2632 2132 movet
2673 2095 2762 2144 pn
2822 2147 2830 2155 .

571 2103 726 2146 mouet
750 2104 879 2168 conj.
903 2108 1110 2164 Marcii.
1135 2123 1190 2165 et
1213 2119 1288 2169 sic
1313 2129 1419 2172 tres
1441 2126 1596 2177 codd.
1617 2130 1892 2195 Torrentii‚
1927 2134 2080 2186 Bodl.
2103 2142 2150 2187 l.
2174 2154 2260 2203 ap.
2285 2141 2463 2193 Bentl.
2488 2145 2619 2194 Exc.
2643 2146 2760 2196 Sax.

573 2159 685 2210 Alt.
707 2165 753 2214 1.
787 2168 942 2223 Dess.
965 2178 1018 2225 2.
1051 2178 1228 2232 Bentl.
1268 2185 1489 2254 Cuning.
1529 2193 1718 2246 Sanad.
1747 2196 1882 2248 Sivr.
1903 2199 2048 2264 Jani,
2071 2202 2282 2268 Bipont.
2305 2207 2517 2257 Mitsch.
2544 2210 2759 2261 wetzel.

1555 2320 1766 2373 NOTAE

558 2386 682 2450 jura
706 2391 917 2462 violare,
938 2400 1298 2473 hospitemque
1333 2412 1445 2475 ipse
1484 2419 1620 2481 peri·
1705 2435 1756 2474 v.
1776 2421 1935 2476 ovid.
1961 2427 2092 2477 Met.
2119 2442 2198 2480 x1.
2232 2431 2537 2495 Apollodor.
2562 2436 2653 2487 lib.
2671 2452 2754 2489 ιιι.

564 2478 707 2516 mere
750 2471 931 2540 nollet,
972 2478 1039 2527 ad
1098 2483 1226 2533 alios
1277 2489 1617 2544 occidendum
1696 2500 1795 2548 διο.

566 2545 860 2599 transmisit.
942 2553 1077 2606 Vide
1121 2558 1340 2613 Homer.
1385 2565 1539 2626 Iliad.
1563 2574 1615 2619 Ζ.
1762 2578 1824 2623 18
1859 2576 2162 2640 Magnessam
2184 2583 2499 2652 Hippolyten]
2524 2588 2754 2640 Uxorem

564 2616 874 2682 Apollodor.
897 2628 983 2681 lib.
1005 2646 1068 2682 11.
1090 2637 1189 2685 ὅτε.
1695 2649 1878 2703 Acasti
1912 2656 2071 2720 Regis
2107 2661 2415 2727 Magnesiae,
2446 2680 2564 2729 quae
2600 2669 2753 2718 Thes-

626 2700 688 2746 14
720 2699 968 2765 Impulerit
1008 2711 1261 2764 Maturare
1295 2721 1474 2784 necem]
1530 2724 1614 2773 Ne
1693 2729 1835 2778 saliae
1879 2733 2040 2796 regio.
2109 2737 2249 2787 Hinc
2300 2754 2608 2807 cognomen,
2653 2760 2752 2810 quo

558 2775 804 2834 temporis
827 2793 969 2829 mora
992 2789 1047 2834 et
1070 2792 1419 2858 cunctatione,
1440 2797 1613 2850 Belle·
1689 2804 2026 2869 distinguitur
2080 2812 2145 2863 ab
2198 2814 2492 2881 Hippolyta
2538 2820 2751 2872 Amazo-

556 2848 825 2911 rophontis
859 2855 1174 2923 innocentia,
1197 2882 1227 2915 a
1250 2882 1453 2921 severo
1471 2875 1612 2938 cogi·
1689 2894 1818 2931 num.
1833 2884 2050 2948 Regina.

553 2923 649 2972 tati
696 2925 938 2979 facinoris
985 2934 1220 3000 infamia*
1247 2943 1609 3015 detegeretur,
1752 2962 1815 3007 19
1851 2961 2054 3013 Pet-caro
2087 2943 2301 3017 docentes
2336 2970 2508 3021 Fallax
2527 2973 2759 3026 historias·

552 2998 863 3069 tandemque
887 3022 986 3058 non
1008 3013 1117 3064 sine
1132 3020 1277 3080 gravi
1298 3021 1609 3079 dedecores
1683 3035 1863 3099 mouet]
1913 3038 2168 3091 Quoniam
2208 3045 2426 3106 periculi
2463 3052 2746 3117 mortisque

550 3074 662 3124 viro
699 3076 809 3140 ipsa
841 3085 1197 3142 mulctaretur.
1267 3097 1353 3148 De

1374 3102 1608 3155 Bellero·
1682 3117 1853 3162 metus
1876 3129 2054 3178 parum
2088 3121 2273 3185 valuit,
2296 3124 2398 3173 alia
2412 3125 2527 3189 jam
2549 3130 2746 3181 ratione

549 3150 739 3212 phonte
752 3156 863 3217 jam
886 3173 925 3208 1.
946 3161 1050 3212 od.
1072 3169 1156 3218 27.
1181 3170 1233 3219 in
1254 3171 1374 3225 fine.
1682 3185 1849 3251 Gygis
1882 3191 2105 3243 animum
2128 3196 2351 3259 impellit
2375 3201 2564 3253 Chloes
2587 3205 2744 3257 inter·

1869 3433 1970 3469 non
2007 3422 2287 3488 injucunde
2323 3442 2421 3479 nec
2456 3432 2740 3487 infeliciter

1376 3482 1510 3549 fugit
1534 3504 1596 3541 ac
1672 3490 2006 3552 admiserunt.
2071 3500 2250 3565 Ipsum
2282 3504 2469 3556 Jovem
2517 3518 2736 3563 comme-

1377 3559 1479 3612 nim
1503 3578 1598 3614 ex·
1671 3580 1840 3619 morat
1863 3571 2148 3639 Alcmenae,
2191 3580 2413 3645 Danaes,
2440 3591 2507 3633 et.
2519 3587 2733 3638 aliarum

1386 3651 1477 3686 suo
1500 3655 1595 3703 pu-
1674 3659 1876 3697 amores
1897 3661 2273 3721 consectatum,
2295 3662 2395 3710 διο.
2465 3663 2627 3715 Forte
2646 3667 2732 3716 ad-

1387 3764 1391 3768 ,
1444 3714 1592 3766 Jovis
1670 3719 1750 3770 dit
1771 3723 2014 3777 Paridem
2038 3736 2095 3778 et
2118 3731 2394 3799 Helenam,
2424 3740 2527 3789 «Sec.
2611 3742 2730 3793 Pec-

534 3761 739 3823 quidem
777 3767 1065 3833 Hospitalis
1101 3776 1227 3829 iram
1263 3785 1455 3836 veritus
1485 3789 1595 3855 ille,
1667 3801 2026 3867 condocentes]
2063 3807 2222 3858 Certe
2239 3811 2728 3883 nihilmagis‚quam

532 3836 803 3891 Centauris
824 3844 1096 3913 inermem,
1122 3853 1383 3923 dubioque
1404 3869 1589 3927 procul
1669 3878 1983 3944 exemplum,
2003 3881 2180 3933 vitium
2200 3888 2401 3940 sinadet.
2426 3891 2577 3945 Viam
2593 3897 2725 3946 enim

527 3911 945 3971 interficiendum
970 3927 1176 3977 tradere
1200 3934 1474 3996 cogitavit.
1512 3940 1589 3993 At

524 3987 790 4044 innocenti
827 4013 983 4062 opem·
1021 4006 1252 4059 tulerunt
1284 4014 1393 4072 Dii,
1428 4018 1583 4071 misso
1665 4043 1765 4093 que
1787 4046 1817 4079 a
1840 4040 1969 4085 nota
1987 4037 2217 4089 criminis
2243 4056 2404 4109 prope
2431 4045 2722 4102 immunem.

526 4066 797 4132 Vulcan03
831 4088 861 4122 a
884 4092 987 4140 quo
1010 4092 1229 4146 accepto
1266 4088 1454 4143 Peleus
1477 4096 1584 4159 gla·
1664 4105 1820 4168 Apud
1856 4109 1966 4160 Cic.
1999 4112 2271 4167 ‘Historia
2303 4119 2550 4186 magistra
2571 4126 2722 4178 vitaz?

524 4139 613 4189 dio
636 4142 920 4198 Centauros
942 4150 1244 4223 debellavit,
1260 4171 1584 4235 mortemque
1661 4180 1793 4231 Sunt
1827 4186 1913 4247 qui
1953 4188 2126 4254 legant
2158 4191 2389 4246 historias
2419 4205 2596 4266 movet,
2622 4216 2714 4268 nec

525 4219 705 4274 evasit.
740 4223 873 4275 Vide
886 4226 1096 4281 Pindar.
1124 4235 1275 4288 Nem.
1298 4241 1403 4292 od.
1420 4259 1499 4297 tv.
1522 4256 1581 4301 et
1663 4255 1905 4312 absurde.
2116 4259 2121 4266 ⁴

541 3459 700 3520 patri,
722 3461 841 3512 dum
871 3476 1043 3520 castus
1080 3485 1338 3530 amantem

539 3536 734 3597 repulit
766 3529 1111 3607 Hippolyten.
1182 3553 1313 3605 Hoec
1344 3573 1373 3607 e

535 3611 853 3664 candescens
891 3622 1029 3671 velut
1064 3624 1354 3684 insidiatum

534 3684 647 3735 dori
664 3688 910 3751 juvenem
930 3696 1117 3750 detulit
1137 3703 1246 3754 viro
1265 3722 1377 3759 suo.

1665 3954 1896 4006 ostendit
1917 3960 2066 4022 quasi
2095 3963 2271 4014 tritam
2306 3973 2360 4017 et
2397 3967 2627 4036 facilem,
2648 3983 2723 4026 at-
