3059 4909
535 388 664 454 478
1250 398 1320 459 Q.
1366 396 1685 446 nonA'rn
1738 388 2001 443 emec!

1374 635 1571 701 ODE
1635 633 1870 700 XIX.

1347 805 1450 851 AD
1497 799 1943 849 TELEPHUM·

544 919 781 972 Murena
812 928 1117 987 auguratum
1151 922 1360 987 adepto,
1380 921 1632 970 Horatius
1653 918 1934 982 Telephum
1958 912 2179 964 Poe'tam
2205 912 2449 961 Graecum
2476 915 2635 974 atque
2658 922 2740 957 so-

611 1000 778 1053 dalem
813 1017 958 1052 suum
993 1003 1249 1063 hortatur,
1273 1001 1345 1051 uti
1372 1001 1566 1050 relictis
1589 1000 1759 1049 doctis
1787 996 1932 1060 nugis
1954 997 2146 1044 acriter
2170 1007 2342 1044 secum
2380 998 2563 1055 potare
2601 988 2741 1038 velit.

610 1082 723 1150 (An
746 1082 1067 1133 occasionem
1087 1080 1232 1130 dedit
1253 1094 1400 1130 coena
1423 1080 1535 1145 ipsa
1557 1079 1814 1143 auguralis
1838 1078 2113 1137 Muraenae,
2137 1074 2220 1124 cni
2244 1087 2301 1122 se
2324 1070 2488 1134 fingat
2509 1083 2626 1119 cum
2646 1068 2739 1117 Τε-

612 1165 765 1230 lepho
790 1163 1106 1213 adhibitum?
1143 1161 1317 1226 Geni.)

891 1259 1116 1340 Quin
1128 1276 1288 1324 rum
1319 1259 1522 1323 distet
1551 1258 1637 1322 ab
1675 1256 1925 1322 Inacho

980 1362 1263 1440 CodruS,
1288 1380 1413 1445 pro
1444 1360 1664 1442 patria
1689 1378 1819 1423 non
1848 1355 2125 1422 timidus
2158 1355 2348 1431 mori,

897 1465 1173 1541 Natum,
1203 1470 1275 1527 et
1303 1480 1512 1546 genus
1542 1460 1765 1537 AEaci,
1801 1513 1806 1519 .

984 1565 1072 1630 Et
1097 1573 1395 1651 pugnata
1423 1582 1619 1629 sacro
1649 1563 1832 1627 bella
1860 1562 1987 1626 sub
2021 1560 2200 1625 llio.
2186 1580 2201 1596 ·

627 1719 783 1774 Quom
804 1719 943 1778 longe
974 1721 1177 1766 remotus
1204 1714 1264 1764 ab
1287 1713 1465 1765 Inacho
1498 1714 1567 1763 sit
1605 1714 1788 1762 Codrus
1821 1728 1909 1777 pro
1940 1714 2103 1777 patria
2133 1713 2397 1763 occumbere
2431 1728 2529 1761 non
2561 1713 2758 1768 veritus,

556 1783 729 1846 refers,
759 1786 902 1847 oeque
936 1783 1130 1845 stirpem
1167 1781 1328 1843 (Ἐπὶ,
1363 1784 1413 1830 et
1450 1778 1709 1829 certamina
1743 1780 1987 1829 commissa
2020 1781 2082 1829 ud
2123 1779 2313 1840 stojan·
2346 1784 2614 1828 sacratam.-
2648 1779 2759 1827 siles

1470 1906 1741 1927 &mun
1748 1907 1837 1927 ”O

560 2011 568 2018 ·
626 1992 746 2042 Ode
768 1991 971 2042 decima
992 1997 1181 2056 quarta
1202 1991 1343 2042 Libri
1365 1992 1509 2041 tertii
1534 1992 1585 2040 in
1610 1991 1707 2040 Ed.
1744 1991 1933 2041 Sanad.
2000 1992 2044 2040 E
2048 1990 2334 2057 pigraphe'
2320 2005 2373 2039 in
2397 1990 2484 2040 ed.
2507 1989 2644 2039 Sivr.
2678 1990 2757 2038 Aa

563 2058 837 2106 Cantor-em.
839 2061 933 2106 -1
963 2057 1129 2119 Lipss.
1150 2061 1195 2106 1.
1217 2060 1267 2106 3.
1292 2070 1411 2107 am.
1440 2070 1519 2120 pr.
1547 2056 1689 2119 Lips.
1712 2061 1761 2108 2.
1781 2065 1840 2111 et
1861 2056 2034 2107 Plant.
2057 2056 2272 2120 Raphel.
2297 2058 2441 2105 1694.
2465 2062 2523 2104 ut
2548 2053 2757 2104 emend.

558 2121 785 2186 Cuning.
807 2121 972 2170 distat.
975 2125 1073 2170 -2
1106 2121 1252 2171 Unus
1268 2122 1574 2170 Bcrsmauni
1598 2128 1653 2170 et
1676 2121 1815 2185 Lips.
1840 2125 1888 2171 2.
1912 2137 1942 2170 a
1965 2137 2032 2170 m.
2058 2136 2137 2186 pr.
2162 2135 2253 2170 novt
2276 2121 2472 2170 tintidus
2486 2135 2576 2183 pro
2593 2119 2758 2184 putria

1549 2234 1769 2284 NOTAE

626 2330 857 2381 Mettum
877 2332 1012 2381 idem
1033 2330 1170 2397 quod
1191 2346 1228 2381 1.
1254 2324 1360 2383 Οὐ.
1381 2337 1428 2381 3.

627 2412 649 2456 l
707 2408 950 2463 Quantam
991 2409 1154 2473 distet,
1198 2409 1308 2473 εγω]
1362 2409 1621 2473 Telephus

560 2480 732 2534 Poeta
767 2485 975 2534 Horatii
1007 2484 1290 2549 familiaris,
1329 2485 1439 2549 ejus
1473 2492 1621 2535 certe

561 2562 734 2610 rivalis
756 2563 809 2611 in
831 2576 1006 2612 amore
1037 2562 1238 2627 Lydiae,
1262 2578 1326 2612 ex
1349 2577 1391 2612 1.
1414 2560 1518 2612 od.
1539 2565 1618 2612 13.

562 2637 620 2686 Is
643 2637 947 2687 Graecorum
963 2638 1199 2702 antiquas
1216 2638 1458 2687 historias
1481 2638 1621 2688 evol·

564 2727 688 2762 vere
732 2719 806 2762 et·
831 2713 1005 2776 eloqui
1048 2714 1270 2763 amabat.
1351 2714 1621 2778 Ejusmodi

562 2789 738 2854 itaque
775 2803 858 2837 res
904 2790 1272 2852 intempestive
1317 2797 1374 2840 et
1422 2791 1623 2854 prolixe

563 2871 860 2913 narrantem
904 2864 1207 2928 interpellat
1251 2865 1521 2928 Horatius,
1572 2866 1623 2914 in

564 2938 755 3001 medio,
777 2944 835 2987 ut
869 2939 1093 3000 videtur,
1130 2942 1396 3002 convivio;
1431 2942 1495 2991 ad
1518 2957 1625 2991 ser-

567 3030 744 3066 mones
769 3014 998 3066 traducit
1034 3019 1151 3066 loco
1179 3026 1233 3066 et
1265 3020 1484 3082 tempori
1519 3034 1625 3068 ma-

565 3093 646 3156 gis
671 3106 955 3155 congruos:
990 3091 1278 3158 invitatque
1301 3095 1367 3142 ad
1390 3095 1625 3145 laetitiam

566 3168 868 3233 pleniorem,
884 3168 951 3217 ob
967 3167 1163 3218 factum
1187 3184 1434 3233 augurem
1461 3172 1625 3221 Licin.

508 3299 512 3304 ,
567 3246 843 3296 Murenam
869 3245 1132 3310 utriusque
1157 3248 1392 3296 amicum.

636 3320 879 3378 Quantum
913 3323 1059 3372 distet
1099 3323 1159 3371 ab
1205 3323 1381 3372 Inacho
1418 3324 1627 3390 Codrus]

569 3395 619 3446 Ο
644 3397 891 3461 Telephe,
912 3397 1192 3461 diligenter
1228 3413 1466 3448 numeras
1501 3406 1656 3466 quot.

569 3474 689 3523 anni
735 3472 1048 3524 effluxerunt
1082 3475 1146 3524 ab
1185 3475 1378 3524 Inacho
1412 3476 1628 3540 Argivo·

567 3564 681 3599 rum
717 3552 881 3614 primo
917 3552 1060 3615 Rege
1097 3551 1162 3601 ad
1200 3552 1422 3602 Codrum
1464 3553 1626 3603 Athe·

568 3628 822 3677 niensium
875 3625 1072 3694 Regem
1123 3630 1392 3680 ultimum:
1451 3646 1628 3680 verum

569 3703 723 3753 modo
744 3705 1079 3768 quaerendum
1110 3714 1253 3756 esset
1282 3706 1454 3771 potius
1492 3708 1628 3756 unde

572 3786 628 3827 et
651 3794 752 3844 quo
777 3782 947 3844 pretio
966 3795 1266 3832 >mercemur
1297 3782 1469 3832 vinum
1494 3784 1629 3849 opti-

571 3868 727 3903 mum.

636 3933 715 3980 Ab
750 3932 926 3981 Inacho
961 3933 1168 3997 Codrus]
1215 3934 1436 3984 Inachus
1479 3935 1631 4000 Argis

573 4008 771 4069 primus
803 4007 1096 4072 imperavit,
1117 4010 1444 4061 circmfinem
1473 4027 1632 4062 anno-

570 4101 685 4136 rum
707 4085 928 4136 Abrahae
952 4088 1290 4141 Patriarchae.
1336 4090 1416 4139 Ex
1440 4089 1635 4141 Euseb.

573 4162 766 4212 Chron.
792 4161 859 4212 Α.
882 4163 962 4212 Μ.
978 4167 1124 4214 8344.
1190 4165 1271 4215 Ex
1292 4165 1441 4215 Beda
1461 4165 1527 4217 A.
1550 4166 1629 4217 Μ.

573 4241 722 4288 2508.
753 4238 860 4289 Alii
882 4239 1038 4290 etiarn
1061 4240 1231 4293 aliter.
1264 4242 1345 4292 De
1362 4241 1452 4292 illo
1468 4242 1630 4311 Apol-

1701 2332 1807 2397 lod,
1840 2336 1925 2384 lib.
1961 2349 2025 2384 ιι.
2094 2335 2239 2384 Inter
2274 2334 2526 2387 Inachum
2562 2339 2620 2382 et
2662 2333 2761 2381 Co·

1700 2410 1850 2461 drum
1872 2413 2284 2462 intercesserunt
2305 2411 2422 2459 anni
2441 2408 2761 2474 septingenti

1700 2494 1756 2536 et
1778 2489 2112 2552 septuaginta
2135 2488 2378 2553 quinque,
2400 2492 2488 2535 aut
2508 2500 2613 2537 non
2637 2486 2762 2535 mul·

1703 2569 1757 2612 to
1779 2577 1949 2612 secus.

1765 2643 1798 2688 2
1824 2639 1924 2687 Pro
1953 2639 2115 2703 patria
2141 2654 2236 2688 non
2268 2638 2460 2688 timidus
2480 2637 2628 2700 mori]
2665 2637 2759 2686 Co·

1704 2713 1826 2763 drus
1850 2715 1961 2764 Rex
1987 2714 2380 2764 Atheniensium
2403 2729 2517 2763 cum
2542 2729 2607 2762 ex
2633 2711 2760 2762 Ora-

1704 2789 1824 2839 culo
1846 2789 2117 2839 didicisset
2138 2805 2227 2838 eos
2250 2788 2364 2838 fore
2388 2789 2614 2838 victores
2634 2789 2686 2837 in
2702 2804 2761 2836 eo

1703 2866 1843 2916 bello
1864 2867 1999 2932 quod
2025 2881 2139 2915 eum
2159 2866 2500 2916 Doriensibus
2521 2867 2600 2913 sui
2625 2880 2762 2929 gere·

1707 2943 1851 3000 bant,
1887 2958 2100 3009 quorum
2150 2945 2272 2994 Dux
2289 2970 2296 2977 ·
2313 2943 2612 3003 cecidisset,
2654 2945 2764 2992 hos·

1707 3018 1831 3067 tium
1858 3026 2031 3068 castra
2054 3019 2140 3068 vili
2174 3019 2352 3069 habitu
2382 3019 2532 3079 adiit,
2553 3017 2765 3067 militem

1696 3095 1875 3159 jurgio
1929 3095 2213 3158 lacessivit,
2246 3101 2400 3159 atque
2442 3092 2765 3144 vulneratum

1710 3171 1774 3221 ad
1798 3173 1875 3221 sui
1898 3171 2096 3222 caedem
2117 3173 2437 3235 provocavit.
2501 3170 2658 3224 Quod
2682 3172 2764 3221 ubi

1709 3247 1995 3297 Dorienses
2018 3262 2266 3313 accepere
2288 3255 2474 3313 sponte
2511 3262 2569 3297 se
2609 3248 2766 3298 victos

1709 3321 1933 3373 confessi
1972 3325 2347 3375 abscesserunt.
2412 3324 2549 3373 Vide
2570 3324 2761 3377 Justin.

1708 3399 1802 3449 lib.
1828 3414 1890 3449 ιι.
1909 3401 2027 3449 Val.
2041 3401 2186 3450 Max.
2208 3413 2260 3449 v.
2279 3405 2328 3449 6.
2350 3404 2447 3451 διο.
2483 3401 2563 3449 Ex
2580 3400 2761 3450 Enseb.

1708 3477 1895 3526 Chron.
1934 3475 2000 3527 A.
2026 3477 2104 3526 M.
2141 3481 2289 3526 4180.
2342 3479 2357 3504 ‘
2379 3477 2581 3528 Codrus
2613 3477 2762 3540 juxta

1706 3567 2010 3617 responsum
2030 3554 2257 3617 seipsum
2281 3555 2432 3603 morti
2456 3554 2673 3603 tradens
2696 3554 2764 3601 in-

1707 3629 1967 3679 terimitur
2022 3630 2158 3679 bello
2210 3630 2673 3694 Peloponnesiaco,
2717 3630 2761 3677 in

1709 3721 1812 3770 quo
1852 3706 2248 3757 Heraclidarum
2289 3721 2502 3772 regnum
2539 3707 2763 3756 destruc·

1709 3791 1817 3832 tum
1852 3790 1954 3846 est,
1990 3783 2125 3847 quod
2161 3788 2274 3834 382.
2298 3785 2445 3833 annis
2465 3797 2762 3848 persevera-

1706 3856 1888 3908 verat!

1773 3940 1803 3985 3
1832 3937 1995 3985 Genus
2017 3935 2182 3999 AEuoi]
2223 3937 2420 3986 Narras
2451 3950 2570 4000 qum
2614 3934 2763 4000 perti·

1708 4019 1837 4063 nent
1857 4012 1921 4061 ad
1938 4012 2123 4064 Jovem
2146 4014 2290 4063 AEaci
2315 4020 2536 4078 patrem,
2550 4013 2636 4061 vel
2656 4026 2763 4076 qun

1708 4089 1776 4139 ad
1815 4090 1983 4153 ipsum
2018 4091 2249 4153 AEaeutn,
2282 4091 2500 4155 ejusque
2531 4099 2761 4154 posteros

1707 4166 1948 4229 Pelenm,
2002 4164 2275 4231 Achillem,
2328 4167 2610 4232 Pyrrhum,
2669 4167 2759 4216 &c-

1708 4242 1955 4307 Apollod.
1975 4242 2066 4292 lib.
2092 4254 2177 4291 ιιι.
