3059 4909
483 376 615 447 542
1400 387 1803 457 nxcunsus

484 534 664 602 pella*¹
696 532 896 599 profert
933 532 1302 598 cuningamius
1333 533 1428 584 1.1.
1476 546 1576 583 nec
1617 531 1839 596 dubitat,
1867 530 1995 596 quin
2033 530 2191 581 ineo
2231 535 2288 581 et
2321 522 2573 582 Graecum
2609 531 2732 580 alia.

486 631 639 682 quen
662 615 881 666 Poetam
897 616 1232 680 Lyricum,'et
1254 615 1531 665 Horatium
1553 615 1639 664 ille
1662 615 1731 664 sit
1749 613 1996 664 imitatus.
2032 611 2257 674 Deinde,
2278 613 2403 663 licet
2425 612 2703 664 Diomedes
2729 654 2732 659 Α

489 697 889 754 Grammaticus,
923 701 1107 760 p.5lo.
1131 703 1186 746 et
1208 699 1323 745 624.
1359 695 1579 745 Putscli.
1622 694 1841 759 primum
1880 694 2042 744 nostri
2086 691 2341 747 Carminis
2365 706 2588 744 -versum
2629 694 2704 743 ita·

487 777 701 829 laudet:
736 778 1074 828 ‘Miserarum
1099 784 1199 840 est,
1223 791 1320 827 uec
1356 776 1515 826 amori
1558 775 1685 826 dare
1720 775 1957 826 ludumz’
1992 781 2047 825 et
2069 790 2121 840 p.
2139 780 2255 825 624.
2298 775 2504 842 quidem
2544 774 2706 825 addat

488 859 671 910 etiam:
708 859 725 887 ‘
746 871 923 909 omues
948 866 1055 909 tres
1080 860 1239 924 pedes
1272 857 1443 909 Ionici
1477 863 1599 908 suut
1619 857 1653 918 ;’
1688 865 1860 907 tamen
1899 856 2231 921 sagacissime
2268 855 2565 921 suspicatur
2601 857 2705 906 Cu-

487 939 802 1007 niugamius‚
822 941 962 991 locos
1001 939 1271 990 mendosos
1310 952 1443 1002 esse,
1480 936 1892 1002 legendumque:
1929 938 1945 966 ‘
1966 936 2274 987 Miserarum
2298 942 2401 998 est,
2422 950 2520 986 nec
2543 937 2707 986 amori

491 1020 617 1072 dare
637 1021 836 1085 ludum,
858 1036 1022 1086 neque
1040 1019 1237 1081 dulci3'
1272 1021 1289 1049 ‘
1309 1034 1484 1071 omnes
1506 1026 1730 1084 quatuor
1754 1018 1914 1083 pedes
1938 1018 2050 1084 (vel
2075 1018 2230 1079 uude,
2250 1020 2269 1048 ‘
2285 1032 2463 1066 omues
2486 1016 2650 1081 pedes
2667 1015 2707 1082 ⁷)

492 1101 657 1151 Ionici
680 1106 800 1151 sunt
816 1117 833 1162 ς
848 1100 864 1122 ’
897 1116 1012 1166 quae
1051 1100 1118 1151 ab
1156 1101 1534 1164 interpolatore
1556 1106 1759 1150 mutata
1783 1100 1907 1163 sint,
1928 1099 2065 1164 quod
2100 1099 2152 1147 iu
2177 1098 2403 1161 vulgatis
2426 1096 2582 1147 codd.
2602 1097 2708 1162 pri·

492 1196 630 1233 mum
655 1197 857 1232 versum
880 1181 1195 1233 Trimetrum
1219 1196 1331 1232 esse
1358 1182 1592 1233 vidisset.
1654 1181 1943 1231 verissima
1967 1194 2096 1230 sane
2128 1179 2382 1244 suscipio!
2454 1177 2590 1228 Nam
2613 1180 2647 1227 Ι.
2670 1179 2715 1231 l.

494 1279 547 1328 p.
571 1266 685 1312 624.
720 1262 861 1312 idem
886 1262 1186 1320 Diomedes,
1221 1269 1235 1291 ⁴
1256 1262 1374 1315 Ode
1398 1260 1529 1315 xiil
1563 1261 1749 1327 iuquit,
1782 1263 1797 1290 ‘
1816 1261 2054 1312 lonicum
2079 1268 2297 1312 metrum
2320 1259 2499 1317 habet,
2535 1266 2592 1309 et
2615 1273 2710 1323 per

496 1344 723 1408 singulos
748 1358 924 1395 versus
948 1342 1250 1408 scanditur,’
1282 1342 1333 1395 li.
1353 1355 1403 1392 e.
1434 1356 1614 1392 onnes
1638 1342 1689 1391 in
1709 1356 1773 1392 ea
1792 1356 1971 1392 versus
2009 1342 2202 1392 similes
2234 1342 2370 1390 iuter
2394 1355 2451 1390 se
2475 1355 2537 1393 ae
2559 1354 2710 1404 pares

497 1431 639 1487 suut,
660 1425 763 1487 vel‘,
783 1424 902 1474 Ode
927 1424 1235 1474 Monocolos
1251 1429 1307 1473 et
1327 1422 1736 1486 Monostrophos
1762 1429 1840 1472 est
1863 1439 1875 1470 ε
1913 1438 2015 1488 quo
2057 1437 2206 1473 sensu
2245 1438 2297 1487 p.
2321 1426 2435 1475 328.
2468 1420 2675 1472 dixerat
2693 1437 2709 1470 ε

497 1513 513 1537 ·
531 1505 703 1569 Epod.
722 1517 867 1555 xvn.
887 1503 1007 1554 Ode
1023 1504 1312 1555 Iambicum
1334 1510 1554 1554 metrum
1576 1504 1754 1568 habet,
1771 1511 1825 1554 et
1844 1518 1936 1568 per
1958 1505 2185 1568 singulos
2203 1518 2381 1553 vorsus
2398 1501 2711 1565 scanditur3’

497 1593 683 1637 contra
715 1600 768 1650 p.
786 1589 901 1635 519.
933 1586 948 1613 ‘
968 1586 1188 1636 Carmen
1224 1586 1540 1650 sapphicum
1582 1593 1639 1636 et
1671 1584 1943 1636 Alcaicum
1983 1600 2080 1650 per
2117 1591 2557 1650 quatuor-versus
2591 1598 2713 1648 pro-

500 1664 698 1729 currit‚’
721 1666 771 1716 11.
791 1681 838 1716 ε.
860 1666 1271 1730 Tetrastrophon
1298 1672 1396 1717 est.
1461 1665 1581 1717 Jam
1606 1666 2022 1731 Monostrophon
2052 1667 2301 1717 constitui
2336 1666 2557 1717 Carmen
2593 1679 2714 1714 nos*

500 1755 640 1799 trum
662 1761 763 1798 uon
783 1754 983 1811 potest„
993 1746 1093 1796 nisi
1116 1760 1293 1796 omnes
1317 1759 1498 1796 versus
1519 1746 1621 1794 siut
1642 1744 1976 1799 Tetrametri.
2045 1746 2287 1811 Denique
2307 1745 2510 1796 Marius
2532 1744 2742 1797 Victo-'

501 1830 661 1894 rinus,
693 1844 745 1893 p.
768 1832 915 1878 2496.
937 1831 1084 1878 2507.
1110 1834 1165 1878 et
1179 1831 1325 1878 2538.
1344 1827 1563 1892 primum
1586 1841 1789 1878 versum
1808 1828 1988 1878 laudat
2007 1829 2423 1878 Tetrametrnm:
2459 1828 2475 1855 ‘
2494 1826 2716 1875 Misera·

502 1926 614 1960 rum
635 1944 650 1961 .
670 1944 686 1961 .
705 1944 719 1960 .
737 1909 912 1960 dulci!
976 1910 1045 1958 Et
1079 1909 1218 1974 quod
1258 1909 1397 1959 idem
1432 1909 1734 1960 Victorinus
1756 1923 1809 1973 p.
1828 1913 1976 1959 2618.
2012 1909 2079 1959 de
2100 1909 2249 1973 liujus
2272 1907 2525 1959 Carminis
2546 1914 2714 1959 metro

502 1993 727 2049 locutus,
752 1990 924 2041 addit:
958 1989 974 2017 ‘
997 1990 1273 2055 Digestum
1309 1998 1485 2040 autem
1520 2005 1585 2040 ex
1625 1990 1826 2043 duobus
1856 1989 2129 2043 Trimetris
2151 1988 2462 2055 conjunctis,
2487 2003 2590 2047 uno
2612 1988 2718 2041 Te·

502 2077 754 2123 trametro
770 2072 816 2125 ei
838 2071 1113 2136 subjecto,’
1134 2071 1208 2134 id,
1220 2086 1337 2123 cum
1362 2078 1623 2138 repugnet
1646 2071 1776 2123 locis
1793 2079 1917 2123 ante
1937 2072 2181 2128 laudatis,
2196 2069 2555 2137 interpolatori
2578 2068 2715 2119 haud

505 2153 661 2205 dubie
680 2152 1015 2203 tribuendum
1039 2159 1141 2215 est,
1161 2152 1251 2217 qui
1275 2152 1339 2202 ob
1364 2153 1630 2216 vulgatam
1670 2151 1819 2202 Odes
1854 2153 1908 2202 in
1941 2152 2093 2203 codd.
2114 2150 2352 2214 formam,
2386 2152 2470 2200 vel
2493 2147 2720 2199 diffluxit

506 2233 772 2284 Diomedis
798 2231 957 2281 verba
987 2231 1063 2296 (v.
1091 2230 1339 2297 Cuuing.)
1376 2232 1475 2288 vel,
1501 2233 1636 2297 quod
1678 2233 1852 2284 malim
1887 2248 2004 2297 ego,
2038 2233 2207 2283 omnia
2240 2233 2375 2297 haec,
2405 2232 2421 2260 ‘
2442 2231 2718 2294 Digestum

507 2313 720 2377 autem‚’
741 2315 839 2365 &m
862 2311 928 2363 de
952 2327 1045 2364 suo
1069 2312 1288 2363 addidit.
1357 2313 1603 2365 Similiter
1638 2314 1798 2366 credo
1836 2310 2044 2367 Acroni‘
2062 2321 2122 2364 et
2156 2313 2566 2364 Commentatori
2589 2312 2719 2363 Cru—

509 2395 696 2460 quiauo
730 2391 902 2443 afficta
938 2406 1053 2442 esse
1092 2393 1157 2461 ab
1193 2394 1591 2459 interpolatore,
1618 2410 1740 2461 qum
1770 2394 1838 2446 de
1873 2394 2074 2446 duobus
2109 2395 2338 2447 versibus
2359 2394 2636 2449 Trimetris
2658 2407 2720 2442 ac

507 2476 667 2526 tertio
688 2475 1018 2525 Tetrametro
1042 2474 1178 2539 apud
1202 2488 1290 2523 eos
1310 2474 1574 2538 leguntur,
1599 2489 1715 2525 cum
1737 2483 1879 2539 ante,
1900 2484 1957 2526 ut
1991 2491 2149 2540 supra
2167 2476 2409 2538 vidimus,
2437 2488 2717 2545 ,numerum

507 2558 701 2623 potins,
722 2571 870 2623 quam
892 2562 1135 2617 metrum,
1157 2555 1209 2604 in
1234 2555 1476 2605 Carmine
1494 2569 1627 2612 esse,
1648 2556 1848 2609 diserte
1866 2555 2164 2607 dixissent.0

576 2639 820 2688 Ceterum
854 2638 980 2686 illud
1005 2652 1210 2717 quoque
1234 2636 1595 2701 attingendum
1622 2637 1848 2703 videtur,
1872 2638 2008 2702 quod
2029 2645 2253 2688 metrum
2276 2637 2427 2702 hujus
2464 2637 2720 2688 Carminis

509 2718 808 2769 Sotadicum
846 2717 910 2768 ab
952 2717 1159 2768 Acrone
1205 2723 1261 2768 et
1297 2719 1588 2768 Comment.
1628 2718 1842 2784 Cruquii
1881 2720 2086 2771 dicitur.
2150 2719 2369 2771 Sotades
2410 2719 2720 2778 Maronites,

512 2799 696 2859 I’oe‘ta,
721 2806 900 2848 auctor
922 2798 1022 2849 fuit
1044 2799 1605 2862 impudentissimorum
1630 2814 1692 2850 ac
1722 2798 2233 2865 flagitiosissimorum
2268 2801 2588 2862 carminum,
2608 2814 2722 2864 qua».

510 2881 622 2945 ipse
655 2880 671 2907 ‘
691 2878 956 2929 Cinaedos’
991 2879 1269 2944 inscripsit.
1336 2880 1403 2931 V.
1423 2881 1570 2931 Suitl.
1593 2881 1717 2932 item
1740 2883 1915 2933 Strab.
1940 2896 2057 2934 xm
2080 2898 2132 2947 p.
2155 2887 2273 2934 648.
2295 2885 2478 2948 πρῶτος
2495 2879 2607 2945 ἦρξε
2634 2882 2724 2929 τοῦ

511 2961 867 3021 κιναιδολογεῖιι.
924 2958 1009 3010 Cf.
1043 2961 1278 3011 Martial.
1317 2975 1379 3011 u.
1403 2965 1485 3013 86.
1549 2961 1823 3012 Praeterea
1864 2961 2055 3028 ἄκαιρον
2089 2963 2368 3028 vapheten,
2408 2964 2725 3028 importunum

512 3041 822 3093 maledicendi
841 3041 1096 3104 licentium,
1121 3041 1167 3089 ei
1191 3041 1374 3091 trihuit
1397 3039 1587 3092 Athen.
1612 3055 1730 3093 xm.
1752 3048 1804 3094 4.
1871 3044 1989 3096 Quo
2025 3044 2219 3094 factum
2252 3053 2356 3108 est,
2389 3053 2450 3095 ut
2484 3044 2725 3094 obscoena

514 3122 711 3190 quaevis
748 3137 809 3172 ac
843 3122 1015 3186 turpia
1051 3123 1290 3171 Carmina
1327 3121 1628 3174 dicerentur
1662 3124 1888 3175 Sotaden
1929 3129 2012 3176 vel
2053 3125 2329 3176 Sotadica:
2366 3126 2590 3178 Quintil.
2613 3139 2650 3176 1.
2672 3130 2730 3176 8.

513 3203 883 3255 verumetiam
916 3202 1131 3255 subinde
1169 3219 1199 3253 a
1228 3204 1383 3254 metri
1421 3220 1613 3269 genere
1647 3206 1985 3270 appellantur
2016 3206 2262 3257 Sotadica
2296 3207 2573 3266 Carmina3
2607 3221 2726 3255 nam

515 3286 652 3352 pede
684 3285 866 3334 lonico
901 3300 931 3334 a
963 3284 1179 3348 majore,
1213 3284 1306 3335 ἀπὸ
1326 3285 1536 3348 μείζονος
1563 3287 1573 3353 Ι
1599 3315 1633 3324 -
1654 3315 1688 3325 -
1707 3311 1816 3339 υυ
1842 3287 1851 3352 Ι
1881 3287 2155 3352 plurimum
2178 3302 2326 3338 usum
2360 3302 2470 3337 esse
2490 3286 2725 3337 Sotaden

516 3369 589 3418 ait
607 3365 889 3417 Diomedes
914 3381 964 3429 p.
988 3371 1101 3415 511.
1125 3367 1340 3418 Putsch.
1410 3368 1614 3430 Nempe
1639 3382 1817 3417 versus
1839 3367 2073 3418 Sotadici
2094 3365 2206 3418 fere
2240 3375 2485 3419 constant
2508 3367 2726 3435 pedibus

517 3447 710 3498 Ionicis
736 3462 767 3497 a
790 3448 1006 3513 maj0re‚
1029 3449 1279 3512 subjectis
1302 3449 1494 3498 lambis
1520 3449 1601 3498 vel
1625 3450 1918 3513 Trochaeis3
1952 3456 2029 3513 ut,

995 3548 1216 3596 Carmen
1239 3545 1427 3610 lepidos
1452 3536 1911 3597 Pierides-dabunt
1934 3535 2150 3598 sorores.

518 3644 772 3710 Exempla
807 3643 956 3707 plura
996 3657 1042 3692 v.
1064 3654 1147 3706 ap.
1171 3642 1473 3694 Diomedd.
1498 3644 1533 3693 l.
1568 3644 1707 3697 Mar.
1732 3645 1936 3697 Victor.
1959 3661 2009 3713 p.
2028 3649 2176 3698 2601.
2217 3651 2272 3696 et
2306 3644 2483 3695 Bentl.
2548 3645 2726 3701 Quam

582 3865 607 3900 ὃ
640 3865 721 3913 De
745 3864 911 3928 Nupt.
936 3866 1126 3925 Philet.
1147 3867 1236 3917 lib.
1259 3883 1336 3920 iv,
1362 3886 1410 3920 c.
1433 3872 1529 3921 ult.
1725 3868 1871 3919 Mala
1891 3869 2012 3920 vino
2031 3868 2239 3919 lavere:
2276 3872 2367 3914 aut
2391 3864 2674 3913 exanimari

584 3936 606 3962 θ
641 3929 784 3993 [Alia
808 3931 1095 3980 scandendi
1118 3934 1254 3982 ratio'
1270 3942 1366 3991 est,
1384 3943 1441 3985 ut
1465 3937 1578 3985 nul·
1726 3935 2030 3986 Metuentes
2054 3939 2252 3997 patrnae
2273 3928 2495 3980 verbera
2516 3930 2729 3994 linguae.

520 3994 624 4043 lum
646 3993 847 4044 scilicet
870 3997 1174 4046 vocabulum
1199 4000 1250 4047 in
1276 3996 1377 4048 fine
1403 4015 1581 4050 versus
1663 4010 1748 4058 Sic
1784 4011 1887 4061 erit
1917 4011 2035 4062 Ode
2064 4009 2273 4059 Dicolos
2305 4005 2727 4067 TetrastrophoS,

521 4059 830 4135 dissecet-ur,
865 4066 880 4088 ‘
904 4061 1071 4110 Finiat
1093 4071 1151 4111 ut
1183 4077 1388 4114 sensum
1412 4074 1582 4117 metro
1607 4110 1614 4115 .
1663 4074 1795 4124 binis
1816 4083 2057 4127 constans
2081 4072 2332 4123 Dimetris
2354 4070 2730 4136 Trimetrisque
2759 4110 2764 4113 .

522 4124 808 4175 distinctile
833 4127 1120 4190 puuctum‚’
1155 4128 1252 4177 hoc
1273 4130 1424 4179 modo
1446 4146 1459 4181 ι
1662 4139 1843 4207 binis]

651 4198 965 4249 Miserarum
986 4208 1082 4260 est,
1110 4217 1276 4267 neque
1300 4205 1478 4256 Amori

649 4264 797 4315 Dare
820 4265 1016 4323 ludum,
1042 4281 1204 4332 noque
1230 4268 1367 4320 dulci
