3059 4909
925 402 1340 452 οΑιιΜιΝυΜ
1394 404 1540 454 mn.
1588 402 1703 453 ln.
1748 390 1857 455 27.

2362 388 2492 457 513

358 542 463 592 lum
487 557 638 593 omne
662 548 871 594 vertant
888 544 947 594 in
969 543 1191 595 bostium
1217 559 1421 597 uxores.
1485 546 1590 599 Sed
1615 555 1674 598 ut
1695 553 1752 597 tu
1785 555 1838 599 te
1873 549 2016 612 navi,
2036 548 2114 601 ita
2134 551 2252 601 olim
2278 557 2425 602 tauro
2444 567 2499 603 se

360 621 584 673 credidit
599 624 808 688 Europa
821 644 836 687 3
860 625 1009 689 cujus
1032 626 1233 676 consilii
1250 626 1415 689 ipsam
1439 628 1771 679 vehementer
1788 630 2046 694 poenituit.
2114 632 2322 684 Summa
2337 633 2500 698 igitur

362 705 616 761 Carminis
638 712 883 757 venustas
906 707 1131 757 maxime
1155 709 1386 758 cernitur
1412 699 1473 759 'in
1506 709 2019 763 honorificentissima
2038 713 2274 764 Galatea
2293 728 2500 779 compa·

360 785 560 837 ratione
584 801 701 836 cnm
723 786 934 852 Europa
958 789 1094 853 regis
1112 788 1238 848 filia,
1255 790 1364 854 pia,
1385 797 1552 852 casta,
1567 806 1680 856 quae
1704 792 1770 842 ob
1791 790 2007 842 formam
2031 802 2086 844 et
2107 795 2352 845 virtutem
2367 809 2501 845 uxor

353 867 504 919 Jovls
526 866 673 917 facta
695 875 751 917 et
773 883 957 918 nomen
982 869 1273 921 immortale
1308 879 1388 920 est
1427 878 1600 921 nacta.
1671 873 1864 922 Verum
1898 873 1941 923 si
1974 874 2089 937 quis
2118 875 2286 924 locum
2319 880 2502 925 66-71·

358 950 508 1001 malit
529 949 595 999 ad
619 950 722 999 vim
745 952 1036 1014 argumenti
1057 950 1256 1003 referre
1278 967 1428 1017 quam
1451 952 1516 1002 ad
1540 953 1932 1004 exornationem
1957 954 2267 1006 narrationis
2300 964 2354 1005 et
2388 958 2499 1006 lau·

356 1029 451 1081 des
476 1030 721 1095 Europa,
755 1032 819 1090 is,
841 1047 958 1083 mea
979 1033 1264 1096 sen-tentia,
1299 1033 1493 1085 rectius
1530 1034 1800 1084 consilium
1823 1035 2063 1085 carminis
2086 1037 2247 1086 totins
2276 1038 2423 1099 ponit
2446 1039 2499 1085 in

356 1123 440 1172 eo,
460 1119 517 1162 ut
541 1112 708 1162 Poeta
729 1110 1006 1163 Galateam
1025 1113 1336 1165 timidiorem
1357 1121 1414 1164 et
1436 1113 1764 1165 dubitantem
1787 1115 1851 1164 ad
1877 1115 2130 1168 audacter
2153 1118 2496 1181 navigandum

356 1191 615 1258 hortetur.
683 1194 813 1244 Rem
837 1193 961 1245 viris
981 1194 1497 1260 doctisjudicandam
1523 1197 1778 1262 relinquo.
1813 1196 1965 1248 Zetus.
1971 1197 1994 1263 )

639 1269 1026 1476 Immone?

643 1329 1026 1488 thcatssx(³¹

1093 1274 1361 1376 serecin
1448 1312 1539 1375 tis
1569 1330 1767 1375 omen

1027 1274 1444 1602 tf

1088 1292 1362 1581 {nisus
1392 1410 1606 1491 canis,
1630 1390 1748 1479 adt
1778 1415 1863 1479 ab
1890 1370 2046 1498 agro
2153 1422 2158 1429 ’

642 1493 845 1579 Βᾶνει
867 1433 1115 1581 ᾶᾶὁιιιι·
1201 1494 1330 1615 §lu
1383 1537 1423 1580 a
1452 1482 1834 1596 Ldnuvmo,

1157 1593 1486 1702 Foe‘taque
1517 1592 1798 1703 vtilpes·
1781 1669 1799 1702 ,

359 1766 627 1816 Scelerum
643 1767 1121 1830 deducataagurim

865 1768 1305 1833 augurimparrae
1325 1776 1518 1819 cantum
1536 1770 1778 1828 iterantis,
1799 1777 1848 1821 et
1869 1772 2002 1822 oanis
2026 1766 2251 1835 gravida,
2282 1776 2357 1822 cel
2389 1774 2500 1836 lupa

291 1831 404 1892 rufa
424 1830 618 1882 veniens
635 1832 696 1882 ab
719 1846 837 1895 agro
859 1832 1129 1898 Ῑιαιιυοὶιιο,
1149 1839 1198 1884 et
1224 1835 1385 1899 vulpes
1404 1837 1585 1885 catulos
1601 1836 1766 1886 enixa.
1831 1836 2024 1900 Anguis
2056 1852 2231 1901 quoque
2263 1840 2390 1887 viam
2421 1838 2498 1886 ia-

1228 1962 1495 1985 “eom“
1498 1964 1530 1982 θ
1535 1965 1594 1985 Ν

322 2042 481 2093 Ode
520 2057 658 2094 nona
692 2043 841 2095 Libri
884 2045 1053 2112 quarti
1101 2047 1156 2097 in
1195 2047 1295 2097 Ed.
1335 2046 1527 2097 Sanad.
1585 2047 1756 2111 Vulgo
1789 2046 2108 2104 inscribitur,
2136 2046 2219 2096 Aa
2250 2046 2502 2096 Galateam

290 2109 645 2170 navigaturam.
647 2114 739 2160 —l
799 2111 1048 2161 Nonnulli
1087 2126 1171 2176 ap.
1208 2112 1329 2164 sani
1361 2112 1573 2176 parrhoe.
1661 2113 1803 2175 Lips.
1840 2116 1892 2162 4.
1935 2112 2202 2162 retinentis.
2204 2116 2301 2160 —2
2347 2113 2504 2160 Ducit

288 2174 500 2222 emend.
533 2175 755 2251 Cuning.
776 2184 833 2227 et
854 2178 931 2227 sic
950 2177 1142 2227 Sanad.
1164 2184 1216 2226 et
1240 2178 1472 2227 FranciS.
1502 2183 1589 2226 aut
1620 2191 1878 2240 praegnans
1895 2178 2027 2226 cauis
2049 2176 2270 2238 Cuniug.
2303 2175 2495 2226 Sanad.

288 2242 344 2286 et
369 2239 606 2291 Francia.
631 2256 853 2306 proeguas
885 2242 1094 2308 quidam
1117 2242 1353 2293 scribunt
1382 2242 1467 2291 bic
1503 2250 1557 2290 et
1581 2244 1726 2292 alias.
1728 2247 1824 2291 -8
1860 2243 2026 2292 Rauca
2056 2242 2108 2291 in
2145 2241 2400 2290 nonnullis
2422 2240 2501 2289 fu-

1291 2356 1506 2408 NOTAE

323 2454 329 2459 '
357 2453 593 2504 Metram
617 2460 699 2503 est
720 2453 858 2505 idem
884 2456 1019 2517 quod
1043 2468 1082 2505 1.
1105 2455 1208 2506 od.
1225 2460 1272 2506 2.

354 2532 382 2578 1
421 2529 602 2593 Impios
618 2545 794 2593 parrae,
814 2533 919 2596 qm]
955 2531 1087 2582 Haec
1111 2531 1228 2582 Ode
1249 2548 1355 2596 prae

289 2608 484 2657 ceteris
506 2607 743 2657 involuta
766 2608 983 2658 multum
1008 2608 1201 2672 negotii
1226 2624 1358 2661 sem-

1436 2455 1654 2505 dederat
1679 2454 1881 2504 alaudae
1903 2487 1915 2503 .
1937 2490 1951 2505 .
1980 2489 1993 2504 .
2028 2453 2192 2504 cirros
2216 2452 2348 2502 Pico
2374 2466 2499 2517 quo-

1437 2548 1539 2597 que
1589 2530 1818 2589 Martio‚’
1859 2534 1958 2581 &m
2023 2529 2138 2580 Lib.
2170 2543 2296 2578 vero
2333 2542 2502 2579 xvm.

1437 2623 1557 2672 cap.
1580 2613 1660 2657 29.
1696 2606 1971 2657 manifeste
1995 2622 2055 2656 ac
2079 2604 2278 2655 diserte
2300 2605 2505 2669 scribit,

293 2698 391 2746 per
402 2683 796 2747 Interpretibus
813 2681 1112 2735 facessivit:
1138 2684 1359 2734 multum
1434 2684 1450 2712 ‘
1472 2698 1621 2733 avem
1647 2697 1868 2747 parram,
1890 2683 2092 2733 oriente
2111 2682 2264 2739 Sirio,
2282 2681 2393 2745 ipso
2417 2680 2504 2730 die

296 2774 503 2824 quoque
524 2759 683 2809 habet
700 2759 974 2823 gravitatis
990 2766 1045 2808 et
1062 2758 1363 2823 elegantiae.

297 2836 429 2887 Qum
454 2843 513 2885 et
531 2835 700 2899 qualis
723 2835 793 2884 sit
821 2835 1044 2885 Galatea
1069 2836 1171 2892 illa,
1195 2844 1248 2885 et
1272 2851 1367 2886 cur

292 2911 372 2962 ita
387 2910 628 2961 studiose
645 2911 712 2959 ad
735 2925 847 2960 eam
869 2912 1067 2961 scribat
1090 2911 1365 2975 Horatius,

292 2987 433 3036 hand
468 2996 651 3037 notum
671 2994 773 3037 est.
1216 3043 1233 3061 ·

359 3064 545 3128 Impius
575 3078 733 3126 parre
753 3064 1007 3114 recinentis
1026 3080 1160 3116 omen
1180 3066 1367 3130 Ducat,

294 3141 403 3205 qm]
436 3141 596 3204 Impii
635 3145 736 3190 iter
765 3138 959 3192 facturi
992 3142 1140 3192 triste
1165 3144 1363 3208 quodli-

297 3217 389 3267 bet
412 3217 701 3281 auspicium
724 3218 972 3282 habeant,
993 3232 1089 3282 pro
1111 3232 1203 3268 suo
1226 3221 1362 3269 malo

297 3295 488 3344 merito
510 3311 522 3341 ι
577 3294 675 3343 tibi
721 3308 862 3350 vero,
904 3295 1151 3358 Galatea,
1194 3293 1365 3346 fausta

295 3384 643 3436 quecumque
668 3368 860 3420 adsint.

372 3446 568 3509 Parroe]
622 3447 850 3509 Ingratae
892 3454 948 3496 et
989 3446 1224 3499 infaustae
1266 3449 1367 3500 fuit

299 3527 443 3576 vocis
465 3541 620 3590 parra
636 3524 745 3573 avis
766 3540 780 3573 ε
805 3539 918 3589 quae
937 3539 1060 3574 vero
1079 3524 1238 3576 fuerit
1262 3528 1366 3588 illa,

299 3603 516 3652 minime
539 3601 720 3667 liquet.
774 3600 1101 3652 Quibusdam
1121 3618 1360 3666 mesange,

300 3680 420 3728 aliis
454 3693 687 3738 oanaeau,
719 3676 837 3725 aliis
871 3678 1024 3728 aliter
1056 3682 1369 3743 appellatur.

301 3756 447 3804 Plin.
492 3755 582 3804 lib.
606 3767 687 3805 11.
725 3757 805 3804 37.
850 3754 966 3804 init.
1015 3758 1032 3785 ‘
1055 3756 1366 3808 volucribus

302 3831 487 3894 apices
505 3830 696 3878 diversi
713 3829 922 3894 quidem
938 3832 1147 3896 generis
1165 3849 1179 3882 τ
1215 3834 1371 3884 Pboe-

306 3906 412 3956 nici
461 3906 749 3968 plumarum
789 3907 964 3956 serie'.
986 3939 1002 3957 .
1026 3943 1039 3958 .
1063 3939 1076 3955 .
1101 3909 1368 3959 Phasianae

307 3982 626 4034 corniculis:
650 3992 910 4047 praeterea
931 3985 1128 4049 parrae'
1161 3987 1276 4050 (alii
1299 3995 1378 4036 ta·

303 4074 425 4111 men
446 4059 645 4123 legunt,
657 4059 845 4126 parvoe)
867 4061 884 4089 ‘
897 4077 1011 4124 quae
1036 4061 1101 4112 ab
1123 4063 1212 4112 illo
1231 4064 1372 4126 gale·

305 4139 411 4187 rita
447 4136 712 4199 appellata
734 4138 1009 4201 quondam,
1041 4144 1224 4203 postea
1245 4136 1390 4190 Gal-‘

304 4213 413 4263 lien
455 4212 708 4261 vocabulo
747 4212 908 4263 etiam
950 4214 1140 4281 legioni
1182 4230 1367 4269 numen

438 4291 615 4356 Delph.
638 4298 688 4343 et
711 4294 823 4344 γαν.
841 4295 976 4346 Clas.

1328 4296 1509 4348 Horat.

1438 2772 1540 2807 non
1564 2773 1833 2822 apparere,
1855 2756 2019 2808 donec
2043 2756 2290 2807 occidat!

1509 2831 1806 2896 Reciaentis]
1862 2833 2114 2885 Quaedam
2173 2847 2294 2882 aves
2343 2838 2506 2881 cantu

1441 2926 1591 2961 omen
1638 2909 1917 2967 faciebant,
1953 2917 2012 2960 nt
2051 2902 2260 2973 noctua,
2300 2923 2508 2970 corvus,

1439 2990 1645 3051 cornix,
1687 2990 1856 3052 picus,
1892 3004 2086 3053 parra3
2128 2989 2247 3039 binc
2279 2978 2508 3050 oscines,⁸

1442 3066 1587 3129 quasi
1622 3065 1879 3115 oricinesz
1912 3066 2027 3116 aliae
2067 3066 2244 3115 velatu
2276 3072 2338 3115 et·
2368 3065 2542 3126 aliis„

1443 3143 1580 3192 unde
1619 3143 1768 3192 alites
1814 3156 1875 3191 ac
1920 3149 2175 3206 praepetes
2215 3142 2407 3202 dictae,
2444 3148 2505 3191 ut

1442 3220 1632 3285 aquila,
1656 3219 1847 3280 vultur,
1884 3219 2085 3275 milvus,
2119 3218 2388 3281 accipiter,
2413 3216 2508 3265 ali-

1441 3311 1588 3362 aeque
1612 3298 1773 3345 altum
1797 3295 2044 3344 volantes.
2092 3291 2278 3355 virgil.
2302 3291 2504 3340 AEneid.

1442 3380 1531 3422 ni.
1567 3376 1581 3399 ⁸
1607 3372 1678 3421 Et
1703 3370 1963 3419 volucrum
1982 3368 2204 3432 linguas,
2222 3374 2278 3416 et
2303 3381 2504 3430 praepe-

1443 3449 1514 3498 tis
1538 3449 1710 3497 omina
1727 3443 1944 3510 penum?

1507 3530 1540 3575 2
1577 3525 1848 3586 Praegnans
1882 3521 2031 3581 canis,
2063 3525 2166 3581 aut,
2202 3518 2310 3583 ξω]
2344 3519 2505 3568 Vete-

1441 3617 1523 3652 res
1546 3598 1892 3665 superstitiosi
1907 3599 2069 3646 multa
2087 3595 2293 3661 quidem
2309 3596 2503 3646 omino-

1443 3693 1499 3727 sa
1542 3675 1908 3726 existimabant
1943 3673 2086 3723 nulla
2116 3679 2206 3722 aut
2237 3672 2340 3721 levi
2376 3673 2503 3729 rati-

1444 3768 1580 3815 one;
1618 3762 1676 3803 nt
1711 3752 1753 3800 si
1784 3750 1907 3815 quid
1946 3752 2079 3799 male
2112 3756 2360 3810 cesserat,
2383 3763 2501 3797 cum

1445 3848 1488 3882 v.
1514 3848 1569 3896 g.
1583 3843 1858 3895 praegnans
1874 3827 2018 3877 canis
2039 3825 2367 3886 occurrisset,
2381 3824 2503 3873 inde

1444 3909 1604 3959 talem
1627 3920 1895 3956 occursum
1933 3904 2183 3966 deinceps
2208 3903 2504 3952 babuerunt

1445 3983 1712 4033 infelicem
1743 3987 1799 4032 et
1827 3980 1949 4030 mali
1980 3980 2177 4030 ominis.
2245 3979 2504 4039 Ejusmodi

1446 4060 1668 4124 plurima
1709 4055 1913 4121 profert
1965 4057 2048 4107 bic
2098 4055 2266 4106 Poeta
2308 4063 2504 4106 noster.

1447 4137 1583 4187 Vide
1607 4135 1763 4187 Alex.
1789 4134 1854 4184 ab
1877 4133 2028 4186 Alex.
2055 4148 2108 4186 ν.
2133 4139 2212 4185 13.
2234 4138 2335 4184 &c.

1513 4219 1544 4265 8
1578 4212 1846 4277 Lanuvino]
1887 4214 1992 4265 Pro
2020 4213 2253 4280 quolibet
2276 4212 2504 4276 positum

2259 4299 2289 4343 2
2324 4294 2375 4343 K
