3059 4909
566 366 705 435 -158
760 358 767 367 '
1098 439 1115 446 ,
1262 374 1387 448 ‘'o.
1433 384 1752 437 nolimu
1801 386 2064 438 succi

832 532 1016 599 Bimi
1049 552 1204 601 cum
1229 539 1466 620 patera
1489 534 1655 599 meri
1682 553 1699 599 ε

925 633 1235 702 Mactata
1260 636 1485 702 veniet
1511 634 1726 701 lenior
1755 634 2012 701 hostia.

574 784 693 835 milii
712 782 885 850 qfferte
904 798 1010 835 οιιιιι
1029 789 1211 835 cratere
1230 784 1333 835 viiii
1352 784 1487 836 binii.

2694 534 2783 602 15

1556 785 1677 835 pm
1696 784 1984 834 immolatam
2002 784 2244 837 mavum
2264 784 2428 835 mitior
2436 784 2534 850 fiee
2556 784 2777 851 Glycera.

1571 912 1789 964 NOTAE

640 1014 702 1060 15
738 1011 874 1061 Binis·
921 1027 1026 1063 cum
1065 1017 1238 1078 patera
1279 1012 1425 1077 meri]
1474 1012 1634 1071 Remi,

1716 1017 1773 1063 et
1795 1018 1936 1064 serta
1957 1012 2215 1062 duntaxat
2233 1017 2619 1062 memorantur:
2650 1013 2667 1041 ‘
2690 1011 2781 1077 Ip-

570 1088 628 1139 'id
664 1097 767 1151 est,
801 1089 1018 1140 duorum
1051 1105 1327 1142 annorumi
1362 1093 1427 1140 du
1464 1091 1548 1141 vin
1576 1093 1636 1141 ds
1717 1103 1776 1139 sa
1811 1089 2050 1153 Paphum
2087 1087 2321 1138 sublimis
2358 1088 2484 1152 abit,
2518 1089 2776 1156 sedesque

574 1165 929 1226 demseuilles.
995 1165 1333 1218 Affectubant
1352 1174 1559 1218 veteres
1581 1167 1635 1217 in
1719 1165 1897 1215 revisit
1932 1165 2078 1215 Iaaeta
2111 1180 2246 1220 suus,
2280 1164 2369 1214 ubi
2409 1167 2663 1229 templum
2685 1167 2779 1230 illi,

574 1241 736 1291 sacris
781 1248 928 1292 vetus
971 1243 1167 1307 vinum,
1207 1250 1454 1310 tanquam
1499 1244 1635 1308 opti-

573 1331 732 1375 mum.
780 1318 906 1369 item
952 1334 1150 1384 merum,
1185 1327 1241 1371 et
1285 1334 1467 1385 purum
1517 1320 1631 1370 sine

574 1407 725 1458 aqnoe
739 1393 1074 1445 admixtione.
1103 1386 1470 1461 Qu'apropter‘
1484 1396 1632 1446 Grae·

574 1483 637 1518 ca
658 1469 779 1519 vina
796 1469 955 1521 libere
987 1469 1154 1538 nefas,
1184 1473 1423 1538 quoniam
1446 1487 1629 1539 aquam

570 1542 854 1607 babeantg'
886 1558 952 1595 ex
974 1547 1115 1597 Plin.
1140 1563 1264 1600 nv.
1290 1553 1368 1600 19.

638 1625 703 1669 16
733 1619 954 1672 Mactata
982 1625 1139 1675 veniet
1160 1625 1310 1675 lenior
1330 1623 1509 1689 hostia]
1547 1625 1629 1675 An

564 1694 749 1747 Venus
759 1713 889 1749 soeva
909 1701 1195 1765 Cupidinum
1206 1707 1360 1752 mater
1373 1718 1394 1761 ;
1418 1716 1484 1752 an
1504 1702 1634 1767 Gly-

571 1786 696 1823 cera
699 1771 960 1838 proterva?
998 1776 1150 1827 Hunc
1164 1784 1262 1842 ego
1276 1777 1468 1842 potius,
1480 1791 1632 1843 quam
1654 1815 1666 1826 .

569 1849 711 1900 illam
740 1851 960 1917 intelligi
991 1853 1057 1905 ab
1082 1853 1302 1907 Horatio
1323 1855 1633 1916 censuerim,

569 1927 818 1977 leniorem
855 1926 1103 1994 futuram,
1148 1946 1266 1997 quae
1311 1931 1443 1981 dura
1486 1931 1632 1996 prins

571 2018 700 2069 erga
714 2006 857 2056 illum
881 2011 937 2057 et
957 2006 1169 2058 immitis
1184 2005 1375 2059 fuerat.
1416 2007 1633 2057 Scilicet

568 2078 667 2130 hoc
681 2088 862 2146 sperat
874 2095 969 2146 per
977 2083 1204 2133 Veneris‘
1211 2082 1460 2145 favorem,
1477 2095 1630 2146 quem

569 2170 719 2207 sacro
743 2164 959 2222 peracto
976 2158 1140 2208 ambit
1157 2165 1213 2209 et
1229 2158 1326 2208 sibi
1349 2158 1628 2208 conciliare

568 2233 773 2284 nititur.
837 2231 1048 2283 Atenim
1086 2234 1224 2300 quod
1258 2234 1388 2283 illud
1434 2234 1628 2284 sucrifi-

569 2307 737 2357 cinm?
770 2308 902 2361 Qnae
933 2310 1103 2359 hostia
1137 2310 1444 2360 mactanda?
1474 2310 1631 2361 hostia

569 2383 775 2448 quidem
819 2391 875 2434 et
920 2384 1131 2436 victima
1183 2383 1446 2450 differunt,
1489 2385 1653 2456 quod⁸

566 2456 683 2510 'haec
717 2461 888 2512 minor
924 2462 1008 2527 sit,
1039 2463 1129 2514 illa
1160 2463 1346 2528 major.
1403 2464 1628 2514 Mactata

569 2551 724 2602 porro
745 2537 954 2603 dicitur,
985 2539 1132 2604 quasi
1156 2541 1321 2604 magis
1341 2546 1516 2601 aucta,
1537 2554 1629 2590 cu·

562 2615 647 2679 jus
670 2614 834 2679 capiti
866 2615 1107 2666 nimirum
1138 2617 1381 2681 imposita
1417 2631 1482 2666 ex
1515 2616 1634 2667 bor·

569 2691 672 2741 deo
684 2694 835 2742 'tosto
855 2692 1011 2758 mola,
1023 2693 1129 2743 sale
1149 2708 1452 2757 conspersa,
1475 2693 1629 2743 thure

568 2769 758 2820 suffitu.
826 2770 962 2820 Sunt
983 2771 1070 2835 qui
1092 2771 1351 2820 Venerem
1383 2770 1631 2833 sanguine

568 2859 669 2896 non
694 2846 889 2911 placari
912 2858 1009 2895 nec
1030 2859 1167 2895 caesa
1187 2845 1398 2895 victima
1427 2845 1631 2909 pridem

567 2921 772 2970 solitam
820 2919 1175 2982 contendant5
1218 2935 1282 2970 eo
1317 2921 1452 2985 quod
1488 2920 1630 2984 geni·

568 2997 676 3047 trix
716 2995 907 3062 passim
937 3002 1250 3056 vocaretur3
1282 3009 1382 3046 nec
1415 2996 1630 3046 deceret

569 3085 683 3121 eam
721 3072 797 3120 ita
827 3070 947 3132 coli,
985 3084 1080 3134 per
1114 3084 1269 3134 quam
1303 3070 1415 3121 vita
1436 3069 1624 3119 dature

564 3144 894 3211 afferuntque
944 3144 1127 3209 virgil.
1174 3145 1375 3196 AEneid.
1426 3159 1467 3196 1.
1511 3151 1628 3198 419.

570 3223 696 3324 ubi·
682 3236 738 3272 m
778 3222 973 3285 templo
1005 3221 1224 3272 Veneris
1256 3220 1474 3287 Paphiae
1507 3221 1628 3272 tbus

572 3364 1435 3611 §ciffum

1714 1246 2030 1308 centumque
2051 1241 2236 1291 Sabaeo
2255 1242 2424 1292 Thure
2451 1243 2621 1293 calent
2653 1258 2775 1309 arie,

1716 1319 1973 1384 sertisque
2017 1319 2312 1369 recentibus
2354 1318 2568 1370 halant!
2635 1320 2778 1372 Hinc

1711 1402 1768 1444 et
1790 1396 2031 1445 Erasmus
2051 1395 2223 1444 locum
2246 1395 2382 1445 bunc
2403 1395 2477 1445 sic
2507 1396 2773 1462 explicat:

1711 1471 1994 1541 Postquam
2038 1470 2299 1520 Venerem
2342 1468 2618 1535 placavero
2662 1487 2775 1523 ver-

1710 1546 1876 1602 benis,
1900 1545 2069 1609 thure,
2090 1546 2227 1608 vino,
2244 1561 2311 1595 ex
2332 1560 2512 1606 more3
2544 1546 2776 1612 Glycera

1714 1624 1893 1674 vemet
1912 1623 2095 1688 lenior,
2131 1622 2335 1688 eritque
2376 1628 2481 1672 tam
2515 1620 2689 1674 facilis
2712 1640 2775 1676 ac

1714 1675 1929 1764 domita,
1984 1713 2135 1765 qnam
2184 1699 2254 1748 sit
2307 1698 2474 1747 bostiu
2522 1707 2772 1752 mactatu.

1715 1772 2042 1827 Dormitasse
2064 1787 2187 1824 vero
2205 1774 2292 1822 ille
2315 1773 2476 1823 bonus
2502 1782 2627 1826 tunc
2658 1784 2773 1827 cre·-

1714 1853 1929 1917 deudus,
1965 1867 2084 1903 meo
2126 1850 2334 1917 quidem
2371 1849 2597 1914 Judicio.
2664 1852 2773 1904 Alii

1712 1937 1896 1980 contra
1918 1928 2168 1988 sentiunt,
2197 1927 2417 1977 bostiam
2452 1926 2535 1979 bic
2570 1928 2637 1979 ab
2661 1929 2773 1980 Ho-

1712 2008 1848 2058 ratio
1866 2021 1991 2058 vere
2013 2007 2335 2057 mactandam
2357 2006 2661 2072 significari,
2676 2022 2770 2058 seu

1712 2085 2021 2146 columbam,
2070 2090 2254 2148 utpote
2310 2084 2504 2134 Veneri
2554 2098 2773 2147 sacram,

1711 2175 1806 2211 sen
1852 2174 2226 2225 quamcumque
2269 2160 2443 2225 aliam,
2495 2160 2781 2226 cruquius,

1706 2232 1998 2285 Turnebus.
2043 2234 2203 2285 Certe
2237 2235 2464 2285 ‘Veneri
2500 2249 2645 2285 suem
2680 2237 2773 2286 im·

1713 2311 1893 2362 molari
1925 2309 2234 2376 quandoque
2271 2311 2613 2362 Callimachus
2646 2313 2772 2362 scri·

1707 2384 1806 2439 bit.
1870 2388 2090 2437 Factum
2122 2387 2176 2437 id
2201 2385 2356 2452 Argis
2378 2388 2646 2439 annotavit
2668 2389 2768 2438 bis-

1707 2462 1877 2514 toria.'
1909 2464 2038 2514 coel.
2056 2463 2275 2527 Rhodig.
2294 2476 2428 2513 xxv.
2449 2466 2531 2514 26.
2575 2465 2591 2491 ‘
2608 2463 2767 2528 Apud

1706 2536 1899 2590 'I'nssas
1924 2546 2097 2590 autem
2110 2539 2163 2589 in
2182 2540 2406 2605 AEgypto
2421 2540 2635 2596 Veneri,
2649 2556 2765 2606 quae

1708 2615 1784 2665 ibi
1800 2615 2033 2666 Cornuta
2049 2615 2255 2678 colitur,
2276 2630 2484 2666 vaccam
2507 2616 2767 2669 sacrifica·

1709 2690 1811 2753 ἧς’
1849 2691 2014 2743 refert
2051 2689 2203 2743 Alex.
2247 2691 2313 2741 ab
2358 2690 2511 2742 Alex.
2551 2707 2638 2743 ιιι.
2684 2698 2765 2747 12.

1707 2764 1872 2817 Aiunt
1914 2781 2055 2829 vero,
2090 2765 2267 2831 primis
2310 2766 2517 2830 quidem
2563 2770 2765 2819 mentis

1709 2844 1981 2894 incruenta
2001 2841 2159 2893 fuisse
2188 2843 2383 2907 qnaevis
2407 2843 2690 2907 sacrificiu,
2707 2845 2766 2894 li-

1707 2926 1976 2986 tatumque
2010 2919 2265 2969 duntaxat
2302 2918 2543 2969 arborum
2588 2918 2766 2971 fructi·

1708 2996 1823 3060 bus,
1857 2995 2031 3057 ramis,
2067 2992 2230 3057 foliis,
2250 2992 2457 3056 herbis:
2491 2999 2548 3043 at
2580 3002 2763 3058 postea

1708 3086 1857 3122 usum
1897 3069 2175 3120 invaluisse
2223 3070 2487 3120 mactandi
2533 3071 2762 3124 victimas
2844 3082 2852 3088 '

1707 3148 1826 3198 Diis
1849 3146 2183 3212 quibuslibet,
2197 3145 2399 3211 ipsique
2422 3146 2636 3199 Veneri.

1080 3385 1649 3537 ΜΟΒΕ
1692 3385 1881 3453 XX.

1341 3539 1446 3585 An
1494 3537 2004 3586 MAEcENA‘ruM.

565 3632 845 3686 Probabile
866 3643 953 3687 est
973 3636 1319 3688 Maecehatem
1353 3652 1448 3703 per
1477 3637 1660 3688 literas
1689 3637 1937 3687 invitasse
1963 3652 2021 3688 se
2054 3637 2119 3689 ad
2149 3637 2445 3703 Horatium,
2465 3643 2624 3704 utque
2645 3651 2757 3689 enm

921 3774 951 3814 ῥ

1083 3734 1181 3785 per
1201 3719 1376 3769 ludum
1398 3725 1455 3769 et
1466 3719 1650 3783 jocum
1672 3718 1765 3768 tali
1786 3720 1941 3769 modo
1961 3718 2309 3785 respondisse.

822 3830 921 3896 V1
935 3849 1026 3894 ιιι
1056 3789 1645 3965 pdtabispnodicis
1672 3798 2003 3899 Sabinum

636 3982 684 4028 0
703 3977 874 4031 dilecte
892 3981 1136 4032 Moecemis
1159 3983 1334 4048 Eques,
1366 3984 1491 4048 apud
1521 3998 1598 4033 me
1628 3983 1819 4048 quidem
1854 3946 2164 4035 mediocribus
2194 3984 2249 4034 iii
2272 3985 2452 4050 poculis
2472 3982 2600 4033 bibes
2622 3982 2755 4045 igno·

1820 4111 1849 4131 Ο

632 4189 859 4240 Decima
878 4196 1060 4270 quarta
1080 4192 1438 4257 banvLibri'
1424 4210 1477 4244 ιιι
1496 4194 1596 4244 Ed.
1616 4195 1811 4248 Sanad.
1862 4165 2210 4245 lusci-ibitur·
2196 4209 2250 4244 ιιι
2273 4192 2579 4259 quibusdam
2603 4189 2752 4242 codd.

567 4256 648 4309 Aa
670 4255 980 4307 Moeceuatcm
1000 4257 1209 4309 innitens
1238 4274 1343 4309 eum
1378 4261 1442 4307 ad
1478 4274 1673 4310 coeum·
1676 4264 1769 4311 -1
1805 4259 1957 4310 Dulce
1994 4274 2091 4324 pro
2136 4259 2242 4310 Vile
2273 4257 2479 4310 emend.
2516 4256 2752 4307 Wakker.
