3059 4909
559 367 683 433 178
1273 379 1337 438 Q.
1385 374 1700 424 neuun
1752 371 2017 421 Fusco}

816 523 1159 589 Cardines.
1247 521 1463 585 Audis
1494 519 1713 583 minus
1744 525 1813 581 et
1839 516 2058 581 minus
2081 512 2223 596 jam
2251 531 2267 575 ε

820 632 837 660 ‘
867 625 980 689 Me
1009 632 1123 689 tuo
1155 623 1392 705 longas
1423 627 1743 704 pereunte
1775 625 2027 694 noctes»,

1337 724 1579 810 Lydia,
1613 723 1859 787 dormis
1880 722 1908 783 ‘l
1928 719 1943 743 '

820 829 1124 895 Invicem
1159 827 1458 893 moechos
1489 844 1655 889 anus
1686 826 2064 904 arrogantes

824 933 1059 997 Flebis
1089 933 1159 995 in
1188 930 1333 995 solo
1360 930 1530 995 levis
1562 926 1935 1011 angiportu,

821 1033 1103 1098 Threcio
1124 1032 1495 1097 bacchante
1525 1031 1741 1114 magis
1773 1030 1896 1094 sub
1926 1028 2113 1091 inter-

1343 1134 1527 1198 lunia
1554 1138 1753 1198 vento

2674 915 2758 979 10
2871 971 2876 982 ,

2863 989 2870 998 e

2399 1019 2422 1032 Ὦ
2457 1011 2486 1022 '⁹⁴
2525 1021 2532 1032 ο
2569 1011 2580 1022 ’
2697 1025 2706 1030 a

2511 1031 2522 1048 μ*
2565 1031 2604 1052 [ξ
2630 1039 2636 1048 ³
2667 1037 2694 1046 κε

567 1324 683 1375 biles
711 1323 912 1390 agebant
951 1325 1182 1375 cardines.
1249 1322 1603 1388 Infrequentius
1635 1322 1850 1385 deinceps
1883 1326 1929 1371 et
1960 1320 2302 1385 infrequentiae
2322 1316 2485 1367 audiv
2520 1314 2656 1364 Dum
2676 1326 2764 1374 ego

564 1394 674 1438 tuus
697 1404 851 1453 pereo,
877 1389 1050 1453 Lydia,
1072 1389 1270 1452 quiescis
1287 1389 1445 1449 longis
1464 1386 1690 1436 noctibus.
1754 1388 1869 1434 Jam
1890 1388 2049 1435 vetula
2068 1385 2272 1449 plorabis
2294 1381 2503 1432 vicissim
2524 1379 2763 1428 adulteros

552 1455 802 1518 ‚super-bos,
831 1458 1065 1503 contemta
1096 1454 1150 1503 in
1182 1453 1438 1517 angiportu
1470 1455 1654 1502 deserto
1665 1468 1685 1511 ‚-
1717 1453 1830 1500 dum
1856 1452 2020 1502 Thrax
2039 1455 2205 1500 ventus
2238 1447 2373 1498 soevit
2406 1445 2613 1508 gravius
2635 1442 2762 1492 circa

1479 1581 1854 1605 mmmNO

567 1680 780 1744 Bipont·
805 1678 1202 1733 Comb.wakef.
1229 1687 1285 1730 et
1306 1680 1568 1731 mam-6
1602 1680 1822 1745 cuning.
1844 1678 2046 1729 emend.
2068 1676 2320 1727 andiu—7
2355 1672 2440 1721 Me
2461 1675 2515 1719 tu
2538 1686 2565 1719 o
2588 1667 2763 1718 Pulm.

572 1750 812 1808 quatuor,
834 1745 1092 1795 Torrentii
1111 1753 1242 1806 treS,
1263 1751 1318 1795 et
1340 1747 1479 1811 Lips.
1493 1747 1684 1808 longam
1702 1762 1751 1810 p.
1773 1750 1953 1795 uadem
1971 1743 2174 1792 emend.
2196 1741 2373 1790 Bentl.
2398 1748 2641 1799 eumque,
2665 1746 2763 1782 uon

568 1815 767 1872 praeter
789 1809 1015 1868 solitum,
1038 1816 1245 1860 secutus
1267 1819 1348 1859 est
1371 1810 1537 1861 Kidd.
1571 1814 1714 1873 longa
1730 1826 1778 1873 p.
1800 1816 1937 1860 nocte
1959 1810 2089 1858 Exe.
2109 1808 2333 1856 Sam—8
2348 1803 2527 1866 Lydia,
2550 1793 2764 1848 domis?

570 1888 687 1923 cum
710 1874 1125 1937 interrogationis
1149 1875 1295 1939 signo
1322 1876 1556 1925 Lambiu.
1583 1877 1710 1925 Fal).
1729 1876 1914 1925 Heius.
1936 1875 2113 1923 Bentl.
2137 1872 2272 1921 Bax.
2290 1868 2479 1930 Delph·
2502 1861 2764 1913 Schrevel·

568 1937 714 1999 Jani,
735 1939 946 2001 Bipout.
970 1939 1189 1989 Wetzel.
1211 1940 1417 1990 Wakef.
1440 1948 1497 1990 et
1521 1941 1682 1990 Kidd.
1729 1940 1905 2004 Lydia,
1926 1937 2143 1988 domis!
2166 1935 2510 1985 Mitem—10
2547 1926 2763 1978 Laudin-

569 2002 834 2066 angiporto.
899 2003 1191 2055 Dicebatur
1214 2011 1271 2054 et
1301 2007 1316 2032 ‘
1339 2005 1710 2072 angiportum,’
1729 2013 1862 2055 teste
1888 2003 2141 2053 Priscian.
2161 2015 2241 2050 vt.
2264 2016 2315 2063 p.
2333 1998 2579 2049 ⁷19.—11
2620 1992 2764 2041 Thre-

568 2067 1081 2182 ffirffiffizssflss'x‘
1105 2069 1430 2183 5⁶:522&
1444 2070 1619 2183 cffs‘i‘·
1656 2076 1714 2184 :²²
1735 2070 2149 2183 §smimfflffl‘
2193 2072 2249 2143 ‘³‘
2273 2060 2763 2178 ἐῑέῃᾶωὲεἷᾈέἒᾱ

571 2195 737 2244 edidit
757 2196 1025 2247 bacchante.
1092 2170 1187 2246 Vir
1212 2197 1425 2262 quidam*
1442 2149 1651 2248 doctuse
1675 2149 1758 2261 εἴ).
1794 2149 1974 2249 jonagsc.
2009 2145 2451 2261 cgnimllajaechante'
2467 2141 2650 2250 gagans
2667 2184 2765 2233 sub·

569 2264 700 2309 -12
734 2262 867 2311 Post
884 2266 1023 2310 vento
1044 2276 1220 2311 omnes
1243 2260 1354 2313 fere
1377 2262 1497 2313 edd.
1520 2263 1718 2314 habeut
1741 2265 1913 2328 colon,
1947 2261 2086 2328 qnod
2123 2259 2333 2310 sustulit
2366 2258 2587 2307 Gesner.
2628 2264 2766 2301 eum·

1561 2393 1774 2444 No‘rAE

639 2490 672 2536 6
703 2471 863 2537 Audis
904 2490 1059 2540 miuus
1101 2496 1149 2539 et
1189 2479 1343 2541 minus
1371 2461 1505 2553 jam.
1526 2490 1635 2555 ξω]
1716 2495 1799 2540 70.
1835 2491 2100 2554 ‘Tempus
2123 2487 2223 2538 erit
2244 2501 2344 2552 quo
2379 2489 2457 2543 tu,
2488 2462 2606 2548 quae
2630 2490 2765 2528 nunc

485 2580 500 2590 ·
573 2563 749 2618 Minus
771 2564 1038 2631 minusque
1062 2567 1116 2616 in
1140 2567 1250 2617 dies
1283 2568 1348 2618 ad
1375 2575 1427 2617 te
1451 2569 1635 2618 moechi
1718 2566 1956 2617 excludis
1996 2572 2273 2625 amantem,
2312 2559 2521 2625 Frigida
2564 2558 2771 2605 deserta

574 2640 868 2690 ventitant:
907 2642 1174 2706 pauciores
1187 2643 1296 2706 jam
1318 2643 1477 2693 habes
1497 2658 1635 2693 ama·
1717 2652 1869 2693 nocte
1883 2641 2086 2707 jacebis
2104 2638 2265 2688 amis?

576 2721 739 2779 tores,
773 2716 860 2781 qui
903 2724 1183 2767 occentent
1226 2718 1365 2768 fores
1404 2726 1539 2780 tuas,
1581 2717 1634 2769 id

577 2796 675 2851 est,
713 2799 834 2841 ante
882 2793 997 2841 illas
1042 2793 1312 2843 cantiones
1360 2794 1636 2843 amatorias

578 2873 805 2927 canant3
830 2869 993 2932 qualis
1021 2877 1099 2920 est
1121 2884 1207 2924 ιιι,
1231 2870 1337 2919 od.
1364 2874 1443 2919 10.
1467 2872 1638 2936 qualis

577 2945 633 2988 et
648 2941 760 2990 haec
783 2957 797 2990 ε
836 2944 918 2993 Me
939 2950 1021 2993 tuo
1039 2947 1204 3009 longas
1221 2953 1445 3010 pereunte
1461 2953 1639 3010 noctes,

578 3014 750 3079 Lydia,
768 3018 979 3069 dormis?
1010 3021 1062 3069 id
1095 3027 1196 3085 est,
1219 3037 1302 3072 me
1329 3037 1437 3088 prae
1463 3037 1639 3073 amore

482 3141 487 3146 .
580 3095 670 3138 tuo
693 3092 1119 3156 contabescente,
1154 3112 1481 3163 somnumque
1504 3100 1642 3149 baud

578 3167 838 3230 capiente,
879 3170 1040 3222 altum
1087 3172 1308 3224 dormis:
1357 3182 1416 3224 tu
1461 3176 1645 3240 quieta

579 3241 730 3290 valde
752 3244 931 3293 stertis
968 3245 1149 3311 longas
1185 3256 1386 3312 noctes,
1421 3251 1541 3300 dum
1566 3253 1643 3300 in·

492 3375 497 3382 ⁴
577 3317 808 3379 quietum
842 3335 924 3370 me
953 3323 1317 3394 solicitumque
1339 3327 1415 3376 tui
1440 3327 1643 3376 deside·

583 3391 712 3442 rium
735 3397 932 3446 excitat
955 3405 1011 3448 et
1034 3400 1242 3463 vigilare
1265 3403 1429 3466 cogit.

645 3473 674 3518 7
710 3470 904 3535 Longas
955 3477 1138 3539 noctes]
1195 3479 1519 3541 Expectanti
1566 3478 1642 3527 ni·

581 3548 764 3598 mirum
802 3558 858 3600 et
900 3553 1221 3604 desideranti
1257 3557 1466 3618 longum
1511 3571 1642 3606 sem-

584 3639 681 3688 per
704 3626 908 3677 videtur
933 3636 1156 3694 tempus.

646 3705 679 3750 9
713 3702 925 3753 Invicem
963 3707 1162 3756 moechos
1202 3722 1322 3757 anus
1360 3716 1643 3771 arrogantes

582 3776 763 3839 Flebis,
783 3782 888 3846 &cd
907 3783 1137 3833 Tandem
1157 3785 1293 3835 vices
1318 3793 1423 3835 tuae
1449 3786 1644 3836 adven-

585 3856 792 3901 tarunt:
830 3859 950 3906 olim
976 3859 1105 3909 flore
1134 3861 1429 3923 juventutis
1454 3878 1514 3912 ac
1538 3862 1646 3912 for-

583 3941 680 3975 mae
715 3932 942 3992 superba
971 3934 1320 3998 depereuntes
1353 3944 1406 3986 te
1433 3939 1646 3989 ridebas

585 4002 944 4055 adolescentes
970 4008 1208 4073 virosque
1225 4011 1483 4074 quoslibet
1504 4014 1644 4077 :jam

584 4089 710 4125 anus
733 4077 873 4129 facta
895 4080 1088 4134 frustra
1110 4085 1311 4135 lucrum
1334 4095 1390 4137 et
1420 4090 1648 4138 moechos

586 4168 819 4217 quaeres3
850 4157 903 4207 hi
925 4173 1045 4209 vero
1069 4167 1121 4210 te
1142 4163 1285 4211 senio
1305 4163 1646 4213 deformatam

582 4237 832 4293 spernent
854 4244 1167 4301 arrogantes.
1235 4239 1396 4291 Ovid.
1414 4238 1529 4290 Art.
1556 4251 1646 4289 ιιι.

1783 2724 1846 2769 10
1881 2719 1944 2768 In
1985 2718 2083 2768 solo
2122 2717 2238 2766 levis
2277 2710 2560 2777 angiportu]
2608 2706 2773 2769 Vaga,

1718 2796 1995 2846 observans
2039 2794 2080 2842 si
2125 2791 2239 2858 quis
2281 2788 2576 2840 triobolaris
2622 2795 2773 2847 agaso

1719 2879 1973 2936 commeet
2004 2870 2067 2919 ad
2111 2878 2194 2944 te:
2229 2869 2328 2929 vel,
2361 2879 2535 2915 amans
2568 2861 2772 2919 leviter,

1709 2948 1931 3013 juvenili
1952 2961 2115 3007 more,
2136 2951 2191 2996 et
2213 2943 2342 2994 flens
2361 2949 2414 2992 te
2438 2936 2639 3003 despici
2658 2933 2771 2985 :vel

1721 3024 1909 3072 nullius
1933 3022 2110 3085 pretii,
2122 3021 2337 3085 jamque
2358 3016 2423 3066 ab
2441 3012 2676 3065 omnibus
2697 3022 2776 3058 re-

1719 3100 1861 3160 licta,
1899 3099 1952 3147 in
1983 3099 2241 3161 angiportu
2272 3093 2498 3145 solitario
2521 3099 2577 3140 et
2598 3103 2629 3138 a
2655 3101 2776 3153 pan·

1721 3176 1939 3225 cissimis
1963 3173 2312 3239 frequentato.

1787 3255 1848 3299 ll
1895 3250 2090 3299 fl'hwcio
2144 3247 2395 3296 bacchante
2446 3242 2618 3304 magis,
2672 3236 2776 3300 ξω]

1720 3328 1958 3391 Tumque
1971 3324 2214 3389 frigidum
2229 3319 2521 3385 perpetiere
2537 3321 2746 3364 ventum
2762 3328 2776 3359 :

1722 3410 1778 3453 et
1801 3397 1936 3452 sicut
1959 3402 2083 3451 olim
2118 3401 2192 3449 tui
2227 3404 2482 3447 amatores
2518 3407 2580 3441 eo
2603 3392 2777 3454 algen·

1724 3486 1805 3529 tes
1841 3477 2036 3537 vidisti,
2072 3482 2128 3525 et
2162 3469 2501 3530 contemsisti,
2536 3469 2611 3516 ita
2645 3477 2780 3514 nunc

1726 3557 1813 3607 alii
1847 3565 1901 3606 te
1945 3554 2187 3604 ridebunt
2221 3551 2316 3601 sub
2350 3549 2436 3599 dio
2472 3548 2781 3609 pernoctan-

1724 3640 1847 3683 tem.
1934 3631 2129 3681 Threcia
2171 3627 2333 3690 vento]
2388 3624 2494 3673 Hic
2538 3625 2782 3683 respectu

1725 3712 1946 3762 Graeciae
1988 3703 2436 3774 Septemtrionalis
2479 3705 2595 3747 est:
2650 3695 2783 3744 adde

1724 3787 1860 3854 quod
1883 3788 2026 3849 regio
2050 3796 2292 3849 perquam
2311 3775 2502 3841 frigida
2520 3778 2602 3822 est
2621 3772 2780 3820 Thra·

1724 3864 1832 3914 cia:
1868 3861 2006 3911 unde
2044 3870 2100 3909 et
2134 3856 2341 3907 officina
2376 3857 2648 3900 ventorum
2690 3860 2782 3909 ap·

1724 3938 1953 4000 pellata:
1993 3940 2149 3997 atque
2173 3932 2223 3979 in
2242 3944 2305 3978 ea
2327 3939 2570 3991 regnasse
2594 3921 2781 3986 Aquilo

1725 4011 1923 4061 fertur:
1984 4010 2104 4058 binc
2142 4006 2280 4071 apud
2323 4004 2542 4054 Graecos
2587 3998 2779 4048 Poetas

1726 4087 1975 4136 Thracius
1990 4092 2171 4135 ventus
2196 4097 2288 4147 pro
2310 4081 2566 4145 Aquilone
2589 4076 2780 4140 passim

1727 4170 2021 4228 usurpatur.
2090 4160 2256 4212 Latini
2297 4172 2420 4208 vero
2444 4170 2558 4205 eam
2580 4164 2781 4219 quoque

1727 4240 2010 4292 dictionem
2050 4236 2240 4290 imitati
2288 4241 2431 4293 sunt,
2491 4241 2778 4301 quanquam
