3059 4909
1244 362 1589 412 uonA‘ru.
2440 345 2532 419 ²5

315 510 517 577 modo
542 509 998 594 Tanaquillus
1042 507 1266 586 Faber
1314 515 1382 574 et
1430 508 1763 576 Dacerius
1797 526 1847 573 1.
1880 508 2008 578 Qd.
2042 509 2144 576 14.
2177 515 2524 594 traxerint,

318 617 385 680 iu
412 614 838 697 Argumento
868 613 1052 682 illius
1083 612 1483 679 videbimus·
1809 664 1820 675 ,

404 718 807 784 offendebat
838 716 1168 785 Horatius
1196 714 1410 782 redux
1436 722 1700 799 patrem
1740 736 1815 782 se
1859 717 2138 784 absente
2173 727 2524 802 mortuum,

321 842 530 906 neque
590 821 896 888 relictum
961 819 1096 884 sibi
1152 819 1448 885 habebat
1503 819 1738 900 larem,
1795 838 1921 884 nec
1981 819 2298 904 fundum3
2376 846 2527 909 quae

321 926 419 990 illi
443 944 527 990 eo
556 924 805 992 tristior
837 941 983 988 sors
1027 922 1229 988 fuerit
1272 928 1557 1006 oportet,
1599 943 1751 988 cum
1796 924 2152 992 commoda
2195 932 2263 991 et
2306 929 2530 1011 splen-

248 1079 252 1084 .
321 1028 479 1094 dida
508 1027 685 1094 adeo
722 1026 963 1094 fuisset
1006 1026 1145 1093 vita
1176 1027 1502 1110 superior.
1581 1025 1821 1110 Itaque
1872 1035 2234 1110 paupertas
2279 1050 2361 1095 ac
2405 1034 2532 1097 ob·

223 1171 227 1176 ·
323 1130 634 1207 scuritaS,
689 1130 759 1193 in
817 1149 1138 1211 generoso
1198 1130 1423 1196 animo
1475 1129 1721 1213 ingenii
1781 1129 2148 1214 artiumque
2210 1135 2529 1214 nutricem

322 1253 471 1300 eum
503 1232 786 1317 primum
818 1234 1250 1318 impulerunt,
1282 1240 1357 1299 ut
1383 1251 1615 1297 versus
1637 1233 1887 1299 faceret
1911 1232 2031 1320 (ιι.
2065 1234 2274 1319 Epist.
2297 1236 2400 1302 11.
2425 1240 2532 1308 51.

323 1333 546 1419 sqq.);
591 1355 747 1413 non,
776 1355 910 1419 quo
940 1335 1097 1402 inde
1128 1354 1377 1419 panem
1416 1341 1763 1419 quaereret,
1798 1336 1918 1401 sed
1955 1358 2089 1422 quo
2118 1339 2534 1408 elucesceret

325 1458 405 1503 ac
435 1438 567 1502 sibi
595 1443 1015 1521 compararet
1042 1443 1391 1521 patronos.
1481 1437 1726 1520 Neque
1757 1438 1982 1517 video,
2022 1441 2365 1523 quomodo
2406 1443 2535 1509 hoc

325 1543 420 1607 illi
448 1541 782 1625 opprobio
812 1540 920 1616 sit,
951 1559 1105 1605 cum
1133 1547 1422 1618 constet,
1455 1541 1641 1606 omni
1686 1544 2008 1612 memoria
2035 1544 2106 1607 in
2150 1544 2301 1609 aliis
2331 1546 2536 1612 etiam

324 1644 917 1727 generibus'sensu
947 1645 1368 1728 paupertatis
1411 1663 1692 1725 magnos
1735 1646 1916 1709 viros
1958 1645 2304 1726 evasisse,;
2347 1668 2537 1731 mag-

324 1765 545 1829 naque
592 1746 880 1828 ingenia,
942 1746 1102 1814 dum
1143 1746 1449 1812 adversis
1493 1747 1699 1812 rebus
1744 1748 2150 1826 obnituntur,
2195 1750 2326 1815 hoc
2379 1752 2542 1834 ipso

323 1850 477 1913 nisu
507 1849 575 1912 in
602 1848 810 1913 altum
839 1849 1093 1918 extolli.
1168 1849 1411 1922 Fuerat
1438 1849 1505 1914 in
1539 1850 1829 1916 Horatio
1861 1871 2168 1934 magnum
2196 1854 2535 1935 ingenium

326 1952 690 2034 poeticum,
721 1954 1077 2017 subactum
1100 1949 1492 2017 Graecorum
1523 1951 2018 2031 familiaritate3
2064 1954 2193 2018 hoc
2225 1955 2537 2022 suscitari

326 2056 612 2138 primum
639 2055 756 2120 tali
790 2054 1080 2137 impulsu
1125 2053 1498 2136 oportebat.
1587 2051 1761 2118 Post
1804 2059 2053 2129 autem,
2087 2072 2240 2118 cum
2283 2056 2353 2118 in
2398 2056 2537 2120 otio

325 2157 608 2222 honeste
651 2159 977 2240 beateque
1020 2154 1303 2234 viveret,
1345 2155 1559 2220 solius
1615 2154 1726 2219 vel
1773 2154 1981 2219 animi
2023 2163 2090 2222 et
2132 2156 2382 2240 gloriae,
2428 2157 2540 2223 vel

327 2261 584 2343 publici
647 2277 814 2323 usus
891 2257 1110 2343 gratia
1175 2257 1474 2323 carmina
1542 2258 1721 2323 fecit.
1836 2258 2017 2323 Vitae
2080 2260 2537 2327 sustentandae

326 2381 535 2428 causa
592 2364 915 2445 scriptum
968 2360 1153 2428 illum
1209 2359 1304 2445 (ε.
1365 2362 1561 2444 quasi
1620 2359 2021 2447 scribatum)
2080 2356 2538 2446 quaestorium,

331 2485 529 2549 quem
578 2464 939 2531 Suetonius
982 2464 1170 2543 dicit,
1219 2465 1351 2529 sihi
1397 2484 1825 2548 comparasse
1872 2465 2180 2544 videtur3
2234 2473 2309 2529 ut
2358 2470 2542 2530 esset

329 2569 396 2631 in
438 2568 713 2635 decuria
755 2567 1172 2645 Scribarum,
1216 2567 1336 2650 qui
1366 2565 1718 2644 Quaestori
1760 2571 2175 2649 apparerent.
2265 2566 2404 2631 Sed
2434 2586 2542 2631 se·-

252 2657 257 2664 ’
331 2671 552 2755 quenti
580 2676 880 2754 tempore
905 2667 1073 2734 illud
1102 2686 1344 2732 munus
1375 2667 1754 2749 neglexisse
1784 2686 1963 2745 eum,
2001 2666 2200 2732 facsse
2229 2667 2542 2751 intelligi..

331 2782 460 2838 tur.
551 2773 657 2838 Cf.
700 2779 921 2839 autem
970 2789 1050 2835 ιι.
1096 2771 1242 2837 Sat.
1285 2772 1349 2837 6.
1399 2772 1508 2838 36.
1598 2770 1780 2837 Illud
1826 2789 1987 2836 vero
2031 2769 2190 2838 hinc
2237 2776 2539 2855 apparet,

332 2877 502 2941 nulli
533 2878 955 2963 superiorum
985 2893 1307 2940 annorum
1339 2872 1820 2955 assignandum
1850 2892 2001 2938 esse
2029 2872 2237 2938 ullum
2276 2892 2542 2940 carmen

337 2979 629 3045 Horatii.
719 2978 906 3044 Huic
936 2985 1164 3044 autem
1195 2996 1372 3045 anno
1420 2975 1788 3043 Massonus
1830 2969 2120 3058 eleganti
2150 2976 2542 3059 suspicione

334 3084 562 3147 tribuit
591 3097 645 3144 1.
674 3080 817 3146 Sat.
845 3081 912 3145 7.
959 3098 1112 3161 quae
1163 3078 1430 3146 omuino
1475 3078 1728 3161 Ecloga
1763 3077 2066 3163 juvenile
2110 3078 2337 3161 prodit
2362 3079 2544 3163 inge-

337 3185 547 3260 nium,
606 3202 827 3268 neque
886 3183 1118 3266 inepte
1179 3202 1301 3267 pro
1358 3182 1578 3266 primo
1638 3181 1816 3247 foetu‘
1868 3179 2226 3248 Horatiani
2290 3180 2543 3263 ingenii

337 3286 569 3350 haberi
600 3287 845 3369 possit,
876 3306 1076 3369 quern
1106 3286 1378 3370 quidem
1409 3284 1683 3367 dignum
1710 3285 1891 3349 lectu
1921 3285 2070 3368 ipse
2098 3283 2426 3351 habuerit.

425 3387 666 3472 Neque
693 3387 763 3451 in
793 3387 1066 3470 Virgilii
1096 3396 1164 3452 et
1191 3385 1387 3454 Varii
1433 3387 1802 3454 amicitiam
1848 3392 2006 3453 ante
2035 3385 2206 3450 bunc
2232 3406 2293 3451 a.
2325 3387 2545 3453 venire

341 3492 599 3576 potuit3
642 3509 861 3574 neque
905 3492 1069 3557 sorte
1107 3490 1238 3555 hoc
1278 3490 1432 3574 ipso
1480 3490 1681 3556 venit.
1761 3488 1929 3554 ltem
1978 3487 2152 3553 male
2189 3488 2322 3553 huc
2353 3489 2547 3558 refert

345 3612 394 3660 ι.
428 3593 563 3659 Od.
605 3595 672 3659 2.
749 3593 1142 3675 Rodellius3
1184 3613 1341 3659 cum
1387 3593 1698 3658 arbitrari
1747 3591 1867 3655 vix
1916 3591 2287 3674 possimuS,
2320 3590 2546 3656 Hora-

344 3698 512 3762 tium
541 3703 703 3762 tunc
724 3696 869 3781 jam
895 3702 1157 3762 tantum
1186 3694 1474 3763 Poetam
1498 3695 1736 3773 fuisse,
1762 3699 2084 3788 quantum
2115 3691 2247 3763 hoc
2276 3710 2547 3761 carmen

344 3801 580 3883 arguit.
