3059 4909
46 4378 57 4409 ᾗ.

537 376 671 445 272
1256 388 1326 452 Q.
1374 389 1691 440 nolimu
1743 389 2006 440 resecr

884 536 1115 614 Crede,
1140 555 1273 600 non
1302 534 1489 600 illam
1520 535 1644 601 tibi
1672 533 1754 598 de
1782 533 2072 600 scelesta

776 631 788 642 “
880 639 1090 704 Plebe
1122 639 1470 720 dilectam3
1515 657 1725 723 neque
1753 637 1853 701 sic
1881 636 2159 714 fidelem,

784 767 792 774 ·
884 741 1002 807 Sic
1030 741 1219 807 lucro
1253 760 1558 807 aversam
1585 739 1899 825 potuisse
1928 738 2126 804 nasci
2233 786 2238 791 .

1403 844 1627 910 Matre
1653 842 1988 928 pudenda·
2295 904 2300 911 ,
2658 837 2743 903 20

890 947 1175 1013 Brachia
1201 951 1267 1011 et
1293 946 1548 1011 vultum
1578 951 1945 1028 teretesque
1975 962 2165 1038 suras

893 1047 1159 1135 Integer
1184 1048 1432 1115 laudo:
1476 1048 1634 1131 fuge
1661 1046 2021 1131 suspicari,

552 1203 635 1253 Sic
655 1201 770 1251 habe
789 1215 882 1250 uon
901 1214 1004 1250 eam
1022 1199 1202 1260 infelici
1221 1201 1280 1248 de
1291 1197 1526 1263 plebecula
1548 1196 1639 1248 tibi
1653 1198 1848 1246 electam
1861 1212 1878 1245 .·
1896 1210 1985 1261 nec
2003 1195 2075 1244 ita
2157 1209 2252 1254 am,
2267 1195 2339 1263 itu
2355 1199 2569 1258 quoestus
2588 1204 2746 1257 asper·

550 1266 778 1321 uaricem
797 1266 929 1329 turpi
959 1270 1112 1315 matre
1141 1265 1285 1329 gig-ni
1317 1263 1539 1328 potuisse.
1607 1262 1829 1312 Ceterum
1847 1262 2056 1311 intactus
2185 1277 2212 1309 o
2234 1259 2425 1309 brachia
2446 1265 2493 1310 et
2500 1259 2681 1320 faciem
2700 1263 2745 1309 et

1464 1392 1826 1417 OOOHO‘OWO

556 1484 693 1530 nates
731 1477 1078 1539 owing—1⁷
1118 1477 1271 1527 Credo
1306 1477 1434 1528 Var.
1472 1479 1620 1528 Lect.
1658 1493 1689 1528 a

556 1543 711 1593 codd.
734 1542 914 1592 Lamb.
938 1548 995 1591 et
1017 1542 1163 1590 Torr.
1187 1543 1407 1592 Mentel.
1431 1542 1659 1593 Helmst.

1692 1493 1749 1594 Ei
1774 1477 2092 1529 &mem—18
2123 1475 2271 1526 Plebe
2289 1476 2519 1524 delectum
2544 1462 2742 1539 quidam

1754 1544 1846 1592 τιτι.
1861 1547 1912 1592 2.
1937 1545 1986 1590 8.
2007 1548 2056 1592 5.
2088 1555 2219 1589 uuus
2252 1542 2450 1590 Bersm.
2486 1540 2611 1589 item
2643 1540 2744 1588 Ve-

561 1615 671 1659 net.
699 1607 843 1657 1‘690.
868 1606 1024 1656 Fabr.
1046 1606 1170 1656 Vet.
1193 1605 1376 1657 Comb.
1399 1606 1525 1657 Fab.
1545 1608 1731 1659 Heius.
1758 1608 1828 1657 H.
1850 1614 1907 1656 et
1930 1606 1994 1657 R.
2019 1606 2233 1670 Stepblt.
2255 1606 2454 1656 Dacer.
2479 1612 2536 1654 et
2567 1605 2748 1654 Scine«

557 1673 662 1723 vel.
724 1671 827 1722 Sed
850 1671 1072 1720 dilectam
1092 1680 1310 1736 quatuor
1328 1672 1511 1722 Lamb.
1534 1687 1711 1723 omnes
1734 1672 1896 1737 Cruq.
1921 1671 2093 1721 Pulm.
2130 1670 2311 1721 Huun.
2330 1669 2611 1720 Gemblac.
2638 1675 2682 1720 l.
2703 1675 2750 1719 2.

470 1774 473 1779 2
560 1744 616 1789 et
639 1737 830 1786 Beller.
853 1735 1002 1784 Harl.
1029 1740 1074 1784 l.
1096 1740 1146 1786 4.
1170 1741 1220 1786 6.
1255 1745 1360 1786 tres
1383 1737 1622 1788 meliores
1640 1739 1789 1788 Torr.
1814 1738 1983 1800 Lipss.
2008 1736 2225 1798 Franeq.
2250 1734 2375 1786 Asc.
2398 1734 2620 1785 Locber.
2645 1736 2747 1783 Ve-

559 1809 692 1853 nett.
713 1799 891 1850 Lamb.
914 1801 1072 1865 Cruq.
1092 1802 1239 1853 Torr.
1264 1802 1436 1852 Bentl.
1459 1803 1617 1853 Baxt.
1643 1803 1774 1852 Cun.
1795 1809 1852 1852 et
1872 1805 2233 1852 recentt.—19
2255 1800 2338 1850 Sic
2358 1802 2488 1850 lucro
2507 1802 2752 1850 adversam

562 1867 771 1934 quidam
808 1866 991 1916 Lamb.
1018 1866 1195 1930 plures
1237 1867 1479 1918 Tor-rent.
1511 1866 1785 1917 Pulmanui
1819 1866 2013 1917 Beller.
2047 1881 2174 1916 unus
2195 1867 2398 1916 Bersm.
2423 1866 2565 1931 Lips.
2588 1869 2638 1916 3.
2661 1865 2753 1914 Fa-

518 1949 523 1953 ·
563 1932 696 1983 bric.
718 1930 1042 1981 Venenum.
1065 1931 1256 1980 Venet.
1293 1936 1438 1982 1559.
1473 1932 1725 1984 Glarean.
1764 1936 1913 1982 1536.
1959 1933 2116 1994 Rutg.
2148 1936 2205 1981 et
2244 1930 2507 1986 Schrevel.
2543 1945 2756 1980 aversam

565 1995 757 2047 Scholl.
782 2003 1004 2059 quatuor
1023 1996 1205 2045 Lamb.
1223 1997 1391 2046 Pulm.
1407 1996 1587 2048 Hunn.
1610 2006 1665 2049 et
1685 1997 1955 2049 Gcmblac.
1982 2001 2026 2046 l.
2045 2002 2096 2047 2.
2115 1994 2284 2060 Lipss'.
2307 1995 2440 2046 Altt.
2464 1999 2511 2045 1.
2533 2000 2582 2046 2.
2603 1995 2756 2046 Dess.
2811 1979 2819 1989 ⁸

564 2067 617 2113 2.
646 2061 866 2112 Helmst.
890 2075 1065 2113 omnes
1099 2062 1255 2126 Cruq.
1294 2063 1509 2112 Venett.
1546 2064 1675 2114 Asc.
1713 2063 1929 2112 Locher.
1970 2062 2157 2112 Heius.
2198 2061 2381 2125 steph.
2418 2060 2592 2110 Bentl.
2630 2061 2754 2109 Cun.

565 2127 723 2178 Baxt.
749 2126 940 2190 Delpli.
959 2125 1099 2190 sani,
1120 2127 1332 2180 Mitsch.
1355 2128 1573 2194 Bipout.
1597 2127 1817 2179 Wetzel.
1835 2127 2015 2178 Comb.
2041 2124 2248 2176 Wakef.
2274 2134 2329 2175 et
2352 2125 2645 2178 Ridet-2⁰
2664 2125 2757 2174 Ρα-

1559 2236 1773 2312 NOTAE

635 2353 697 2403 1⁶7
734 2353 901 2416 Crede,
941 2368 1036 2404 non
1068 2354 1200 2405 illam
1235 2355 1346 2418 tibi,
1377 2356 1486 2420 &ct-J
1522 2355 1630 2407 Ne-

574 2443 832 2494 quaquam
855 2430 1119 2481 credeuda
1155 2437 1237 2481 est
1258 2445 1288 2482 e
1308 2430 1442 2484 faece
1465 2431 1630 2496 plebis

570 2507 681 2568 illa,
725 2520 841 2570 quae
883 2507 1005 2555 nihil
1051 2507 1211 2558 habet
1261 2507 1522 2557 sordidum
1567 2521 1631 2559 ac

571 2583 693 2635 vile.
759 2583 993 2635 Plebeiae
1012 2585 1194 2635 auimoe
1213 2584 1357 2634 lucro
1373 2598 1489 2635 sese
1510 2598 1631 2634 ven·

573 2660 706 2713 dunt
726 2660 863 2710 ultro
891 2675 956 2709 ac
978 2668 1203 2724 sponte;
1236 2662 1539 2712 meretrices
1562 2661 1636 2710 in·

575 2736 754 2801 primis
783 2734 955 2786 infidae
984 2751 1044 2787 ac
1065 2737 1322 2802 perjurae:
1359 2738 1487 2788 lucri
1509 2752 1634 2788 vero

577 2826 820 2876 perquam
844 2812 1029 2862 avidoe.
1095 2826 1134 2865 Ι.
1155 2813 1259 2864 Od.
1284 2817 1365 2864 36.
1400 2819 1416 2844 ‘
1435 2814 1636 2877 Vulgus

576 2886 790 2937 infidum
828 2898 884 2938 et
921 2891 1170 2938 meretrix
1206 2899 1348 2939 retro
1384 2889 1639 2954 Perjura.'

578 2961 653 3013 At
676 2962 875 3027 Phyllis
908 2965 1093 3013 mirum
1116 2972 1364 3027 quantum
1397 2968 1412 2993 ‘
1435 2964 1637 3028 fidelis:

580 3045 687 3088 tum
708 3039 930 3102 quaestui
957 3048 1013 3088 et
1046 3040 1222 3090 ‘lucro
1244 3041 1462 3090 aversa.’
1528 3042 1637 3093 Ho-

579 3121 782 3163 nestam
802 3114 960 3175 igitur
978 3113 1338 3164 educationem
1361 3131 1639 3178 generosus

583 3191 806 3252 minius,
838 3189 1025 3240 nobilis
1046 3199 1216 3240 autem
1241 3193 1502 3243 institutio
1543 3196 1644 3244 ori·

584 3267 755 3343 giuem
791 3266 926 3318 baud
964 3268 1226 3333 vulgarem
1261 3270 1461 3322 indicat
1494 3280 1641 3324 certe

584 3350 642 3392 et
663 3343 849 3406 arguit.

651 3418 733 3468 De
767 3421 967 3471 scelesta
997 3422 1167 3486 Plebe]
1210 3425 1327 3487 Vel,
1349 3425 1572 3489 impura,
1589 3432 1646 3476 et

585 3495 768 3546 sceleri
794 3498 1067 3563 pravisque
1086 3499 1446 3551 affectionibus
1461 3512 1516 3551 ut
1535 3503 1647 3566 pln-

587 3570 772 3623 rimum
796 3573 1053 3625 obnoxia:
1089 3578 1192 3640 vel,
1218 3575 1559 3638 infortunata,
1591 3585 1648 3627 et

588 3650 913 3711 paupertatis
941 3650 1279 3701 incommodis
1312 3666 1375 3700 ac
1410 3651 1647 3701 ludibriis

589 3724 828 3774 damnata
852 3726 995 3775 velut
1019 3733 1074 3777 et
1095 3735 1456 3791 conspurcata.
1508 3729 1650 3778 Hinc

591 3813 692 3849 non
716 3799 916 3851 abludit
938 3802 1071 3867 quod
1095 3804 1272 3856 Plaut.
1312 3804 1543 3853 Mostell.
1561 3817 1649 3854 ιιι.

594 3879 715 3924 1.1.
740 3875 950 3925 scribit:
989 3878 1387 3929 ‘Scelestiorem
1423 3894 1519 3943 ego
1559 3894 1650 3929 an-

594 3963 716 4005 num
740 3958 954 4013 argento
984 3950 1162 4002 foenori
1198 3953 1469 4018 (locando)
1505 3957 1650 4007 Nuu-

595 4039 750 4090 quam
785 4027 945 4076 ullum
979 4028 1101 4092 vidi,
1125 4044 1276 4092 quam
1309 4030 1390 4079 bic
1414 4031 1538 4085 mibi
1562 4046 1652 4082 an·

597 4115 692 4150 nus
713 4101 941 4164 obtigit!

664 4180 728 4225 18
761 4178 1030 4241 Deiectum]
1078 4178 1181 4229 Alii
1202 4182 1398 4246 legunt,
1416 4186 1655 4247 dilectam.

616 4254 621 4258 ’
664 4252 900 4321 Fidelem]
955 4254 1225 4325 castitatis
1257 4269 1535 4327 amantem,
1567 4263 1654 4313 bo-

1709 2354 1846 2405 nesti
1883 2353 2133 2419 propositi
2156 2359 2413 2416 tenacem,
2435 2367 2585 2418 quam
2611 2368 2642 2402 a
2661 2352 2762 2403 fido

1708 2446 1810 2481 non
1832 2430 1985 2481 facile
2006 2431 2291 2487 dimoveas,
2313 2443 2418 2478 nec
2427 2429 2607 2480 oblato
2626 2440 2764 2494 quae-

1708 2513 1791 2557 stu
1809 2520 2125 2571 corrumpas.
2641 2511 2647 2516 ·

1777 2587 1841 2633 19
1872 2582 2129 2646 Acer-sam]
2164 2581 2268 2632 Alii
2289 2578 2570 2642 adversam',·
2600 2583 2768 2647 perin-

1709 2659 1777 2710 de
1801 2665 1904 2722 est,
1921 2665 1975 2708 et
1994 2674 2086 2722 par
2109 2658 2381 2722 utrobique
2397 2673 2576 2709 mnus.

1731 2773 1738 2780 .
1776 2740 1856 2786 20·
1878 2737 2043 2787 Matre
2060 2736 2302 2800 pudenda]
2327 2736 2584 2799 Improbis
2607 2749 2669 2785 ac
2688 2732 2772 2785 fla·

1716 2813 1916 2877 gitiosis
1954 2802 2179 2861 moribus
2222 2811 2549 2877 turpificata3
2586 2813 2669 2861 vel
2696 2812 2769 2861 in-

1715 2902 1835 2953 ope,
1855 2896 1912 2939 et
1935 2887 2163 2950 abjecta,
2199 2886 2344 2953 cujus
2370 2902 2554 2938 nomeu
2577 2904 2639 2938 ac
2670 2903 2772 2937 me·

1716 2966 1877 3018 moria
1924 2964 2171 3030 pudorem
2206 2971 2265 3015 et
2303 2964 2666 3015 verecundiam
2698 2962 2772 3012 fa-

1718 3056 1839 3095 cere
1861 3049 2037 3107 queat.
2081 3042 2149 3092 ,Ε
2167 3041 2395 3091 moribus
2411 3041 2608 3090 natales
2628 3054 2771 3104 posse

1719 3134 1781 3169 ac
1803 3119 1993 3169 debere
2016 3117 2264 3169 aestimari
2298 3116 2529 3167 ostendit
2557 3118 2775 3168 Juvena-

1719 3196 1801 3257 lis,
1833 3194 1951 3245 Sat.
1981 3208 2059 3245 vr.
2089 3198 2206 3246 238.
2239 3193 2486 3243 ‘Scilicet
2512 3199 2778 3255 expectas,

1720 3277 1786 3323 ut·
1822 3268 2000 3320 tradat
2031 3276 2202 3320 mater
2231 3270 2494 3330 honestos,
2524 3268 2631 3318 Aut
2655 3267 2774 3316 alios

1722 3360 1914 3410 mores,
1937 3360 2089 3412 quam
2108 3361 2236 3410 quos
2257 3344 2442 3394 babet?
2476 3345 2604 3394 utile
2629 3358 2775 3407 porro

1724 3424 1958 3474 Filiolam
1983 3424 2122 3487 turpi
2150 3422 2337 3473 vetulae
2361 3421 2652 3486 producere
2675 3431 2775 3471 tur-

1725 3498 1882 3566 pem.'
2495 3546 2516 3555 ,
2609 3522 2614 3527 ·

1790 3580 1855 3626 22
1890 3576 2086 3637 Integer
2104 3577 2267 3640 laudo]
2308 3575 2572 3637 Ceterum,
2592 3590 2625 3623 o
2647 3576 2780 3624 Pbo-

1726 3665 1843 3712 ceu,
1865 3653 1907 3699 si
1939 3651 2093 3701 laudo
2130 3662 2269 3701 tuam
2302 3653 2441 3702 illam
2473 3651 2780 3715 Phyllidem,

1732 3729 1834 3777 noli
1853 3742 1935 3779 me
1950 3728 2190 3778 arbitrari
2209 3730 2383 3793 specie
2401 3729 2536 3779 illius
2554 3736 2777 3792 captum.

1730 3802 1926 3865 Integer
1960 3816 2059 3867 ego
2089 3813 2364 3869 castusque
2400 3802 2553 3855 laudo
2598 3805 2782 3855 brachia

1733 3889 1904 3929 torosa
1925 3889 1981 3933 et
2003 3881 2247 3944 candida,
2270 3884 2448 3931 uultum
2478 3883 2779 3944 speciosum,

1730 3971 1875 4006 suras
1920 3964 2134 4020 teretes,
2188 3965 2460 4022 totamque
2494 3958 2777 4008 formosam.

1730 4035 1914 4099 Itaque
1951 4050 2019 4084 ne
2060 4037 2327 4100 zelotypus
2362 4034 2483 4087 iude
2515 4034 2632 4098 fias‚‘
2658 4047 2779 4083 neve

1730 4113 2004 4173 suspiceris
2038 4112 2251 4163 rivalem
2286 4127 2369 4163 me
2401 4118 2548 4162 tuum
2582 4123 2777 4178 quoquo

1737 4189 1888 4245 modo
1910 4204 2042 4243 esse.
