3059 4909
1265 336 1606 393 PRAEFAU
1618 344 1683 390 Ο.
2533 329 2579 393 5

370 494 578 560 etiam
620 487 1240 575 antiquissimorum
1293 487 1785 572 exemplarium
1828 486 2121 571 copiam,
2154 490 2223 553 et
2264 488 2582 554 adhibeat

369 597 453 663 ad
481 616 629 661 eam
658 613 801 661 rem
829 592 1213 678 patientiam
1247 593 1419 658 satis
1449 592 1749 675 longam,
1778 590 1896 656 ille
1925 592 2096 662 forte
2122 590 2231 658 hic
2257 591 2418 660 inde
2459 591 2581 658 ad-

363 701 494 767 huc
521 699 1093 764 ultraBaxterum
1124 695 1381 762 Flacco
1412 695 1732 779 prodesse
1762 699 1981 779 queat.

453 802 725 886 Nempe
784 800 873 868 ad
928 800 1062 865 hoc
1116 799 1295 864 nunc
1334 797 1753 865 -veniendum
1814 803 1943 862 est.
2057 797 2577 865 Wlnmuuuus

364 907 851 984 Bixrnnus:
877 905 981 970 vir
1020 902 1286 981 doctae,
1337 901 1664 968 Richardi
1717 900 1977 968 nobilis
2015 900 2342 984 Theologi
2373 901 2579 967 fratre

364 1010 657 1092 genituS,
689 1006 964 1089 ὀψιμαθὴς
992 1007 1108 1073 ille
1136 1006 1428 1092 quidem,
1457 1006 1576 1071 sed
1611 1005 1778 1069 item
1799 1012 2023 1069 tamen
2050 1001 2580 1100 πολυμαθέστατος,
2678 1025 2716 1084 ν,

366 1112 488 1197 qui
521 1112 592 1177 in
618 1111 828 1176 literis
854 1110 1256 1197 antiquariis
1305 1110 1771 1175 Britannorum
1801 1125 2101 1188 suorum,
2127 1113 2265 1171 tum
2297 1106 2580 1174 Graeco-

362 1235 514 1280 rum
547 1215 1168 1298 Romanorumque,
1200 1220 1272 1279 et
1297 1213 1728 1278 institutione
1759 1230 2135 1294 puerorum,
2172 1216 2244 1275 et
2273 1230 2341 1276 re
2374 1212 2582 1292 tenui,

365 1318 738 1395 consenuit,
771 1322 1001 1383 auctor
1046 1321 1066 1350 ‘
1089 1316 1427 1382 Glossarii
1455 1313 1962 1399 Antiquitatum
1995 1312 2582 1392 Britannicarum‚’

366 1418 556 1484 dedit
582 1418 869 1484 Loudini
901 1435 1250 1497 cimocci,
1279 1417 1433 1485 Svo.
1483 1422 1503 1451 ‘
1539 1415 1627 1497 Q.
1663 1418 1936 1484 Horatii
1969 1411 2208 1482 Flacci
2240 1414 2584 1508 Eclogas,'

365 1542 519 1588 cum
552 1521 833 1587 scholiis
880 1522 1258 1607 ‘praecipue
1303 1519 1724 1604 antiquorum
1756 1519 2392 1597 Grammaticorum,
2433 1517 2581 1583 He-

362 1625 528 1691 lenii
553 1624 867 1704 Acronis,
888 1625 1392 1709 Pomponiique
1421 1623 1926 1710 Porphyrionis,
1945 1643 2228 1709 quorum
2253 1622 2582 1707 reliquias

364 1728 573 1795 thedis
601 1729 1235 1815 interpolationibus
1265 1735 1585 1813 purgatas
1617 1745 1698 1793 ac
1727 1727 1867 1793 fere
1893 1728 2201 1811 integras
2230 1720 2583 1811 reponere’

368 1851 444 1897 se
472 1835 780 1917 putabat.
841 1832 1087 1898 Utrum
1115 1852 1245 1898 suo
1276 1832 1489 1897 solius
1517 1833 1789 1915 ingenio
1818 1838 1891 1896 et
1909 1830 2170 1916 judicio
2199 1831 2269 1895 in
2292 1846 2583 1895 censura

312 1939 329 1943 ’
365 1934 489 2000 illa
540 1934 939 2019 delectuque
987 1941 1296 2000 versatus
1342 1935 1453 2012 sit,
1509 1954 1598 1997 an
1661 1933 2032 2018 adjumenti
2081 1932 2448 2017 quicquam
2492 1949 2582 1996 ex

364 2037 669 2122 antiquis
710 2037 902 2103 libris
942 2037 1280 2117 habuerit,
1311 2056 1673 2121 nusquam,
1706 2044 1897 2121 puto,
1927 2036 2223 2102 indicat:
2270 2034 2386 2100 sed
2419 2033 2582 2098 dum

360 2140 451 2206 de
495 2142 835 2226 praesidiis
888 2143 1190 2208 externis
1249 2150 1453 2223 tacet,
1497 2141 1771 2222 fatetur,
1826 2142 2054 2221 credo,
2102 2140 2289 2206 nulla
2337 2158 2415 2203 se
2463 2137 2585 2203 ha·

365 2248 626 2314 buisse.

458 2350 771 2417 Ceterum
821 2351 982 2416 mibi
1030 2371 1163 2416 non
1208 2357 1318 2416 est
1366 2350 1667 2427 dubium,
1711 2351 1888 2437 *quin
1948 2350 2340 2434 plerumque
2400 2352 2582 2414 certe

362 2454 536 2519 bene
569 2453 891 2538 judicarit
934 2458 954 2487 ‘
979 2455 1080 2518 vir
1106 2454 1475 2524 reconditae,
1498 2451 1943 2530 eruditionis:
1986 2462 2067 2518 ut
2109 2453 2302 2520 illum
2347 2451 2581 2535 appel-

360 2557 458 2622 lat
500 2575 770 2622 severus
818 2575 1055 2622 censor
1102 2556 1452 2624 Bentleius
1494 2555 1583 2620 ad
1639 2572 1691 2620 1.
1743 2553 1879 2618 Od.
1926 2556 1991 2621 3.
2027 2555 2137 2621 20.
2183 2554 2300 2638 qui
2346 2557 2366 2587 ‘
2397 2551 2583 2618 docti

360 2659 748 2743 interpretis
767 2660 786 2689 '
834 2659 1129 2743 elogium
1173 2659 1273 2724 illi
1316 2678 1452 2726 >non
1496 2657 1776 2736 invidet,
1808 2676 2023 2742 neque
2051 2675 2205 2723 eum
2235 2655 2583 2740 reprehen-

362 2762 484 2841 dit,
514 2770 592 2829 ut
618 2763 708 2829 ad
739 2780 824 2829 11.
852 2763 996 2829 Sat.
1024 2763 1090 2828 3.
1120 2760 1230 2828 28.
1261 2762 1333 2828 it.
1362 2778 1448 2825 11.
1481 2761 1623 2827 Sat.
1650 2762 1714 2825 4.
1744 2762 1855 2826 67.
1947 2759 2036 2826 Et
2080 2779 2246 2825 sane
2281 2758 2580 2825 eruditus

363 2877 497 2943 est,
526 2885 609 2931 ac
637 2866 967 2933 doctrinae
990 2864 1285 2930 melioris
1313 2863 1574 2947 aliquid
1602 2864 1801 2929 nobis
1829 2863 2156 2948 impertit,
2185 2862 2393 2927 etiam
2422 2881 2581 2927 cum

360 2973 562 3047 errat,
594 2974 709 3035 aut
749 2967 971 3032 nimis·
993 2966 1297 3049 indulget
1338 2967 1647 3049 ingeni03
1692 2965 1761 3030 id
1793 2966 1976 3051 quod
2014 2966 2368 3052 praecipue
2400 2965 2582 3030 circa

361 3071 521 3136 ilias
552 3070 888 3152 Dilogias,
918 3069 965 3133 i.
996 3089 1058 3135 e.
1102 3069 1510 3153 Allegorias,
1544 3075 1889 3154 tantopere
1915 3077 2184 3136 amatas
2214 3070 2387 3146 viro,
2418 3087 2583 3133 con-

361 3174 613 3257 tingere
641 3175 953 3252 observo,
982 3192 1046 3238 v.
1079 3195 1142 3257 g.
1199 3190 1251 3240 1.
1281 3172 1412 3238 Od.
1445 3173 1553 3238 15.
1581 3180 1656 3238 et
1682 3173 1797 3240 28.
1829 3180 1907 3238 et
1946 3173 2056 3239 34.
2103 3174 2184 3237 it.
2227 3188 2313 3237 11.
2347 3170 2480 3236 Od.
2514 3171 2579 3238 1.

360 3278 470 3342 11.
501 3282 569 3342 et
594 3277 662 3342 3.
688 3276 757 3342 3.
787 3286 857 3342 et
884 3276 948 3341 4.
980 3277 1046 3342 1.
1093 3280 1299 3359 atque
1326 3275 1392 3341 6.
1451 3275 1744 3359 denique
1786 3261 2077 3359 Epodon
2129 3290 2306 3339 x111.
2358 3274 2463 3339 12.
2508 3275 2580 3339 in

361 3379 607 3462 quibus
637 3377 812 3444 locis
838 3396 1077 3462 parum
1107 3377 1369 3444 videtur
1398 3397 1653 3444 memor
1679 3378 1890 3444 sume
1927 3397 2177 3458 eorum,
2206 3396 2364 3462 quae
2393 3378 2580 3443 salu-

359 3482 462 3546 bri
493 3481 776 3546 consilio
805 3481 957 3565 ipse
1004 3481 1269 3544 monuit
1300 3480 1388 3544 ad
1420 3465 1524 3545 lv,
1571 3480 1707 3548 Od.
1743 3482 1808 3546 7.
1843 3483 1946 3546 10.
1992 3479 2165 3565 (vid.
2209 3476 2583 3565 Addend.¹²)

363 3583 484 3649 sed
513 3590 588 3650 ut
618 3585 822 3650 simul
848 3592 1152 3652 moneret
1176 3584 1267 3648 de
1313 3589 1334 3617 ‘
1358 3585 1579 3649 tribus
1609 3582 1841 3663 boris:
1873 3604 1930 3650 s.
1962 3584 2121 3650 anni
2166 3582 2581 3668 tempestati-

360 3687 514 3766 huS,
540 3686 724 3771 quod
769 3687 1005 3753 nescio
1060 3707 1150 3752 an
1196 3687 1456 3754 Latinis
1500 3687 1717 3752 literis
1769 3686 2111 3769 proditum
2162 3686 2271 3750 sit.
2350 3681 2574 3763 ,Quod

358 3790 708 3874 posteriori
738 3788 1054 3856 Editione
1096 3809 1367 3856 amarus
1410 3789 1744 3856 interdum
1773 3788 2044 3856 videtur
2069 3788 2148 3852 in
2169 3786 2580 3864 'Bentleiurm
2667 3791 2674 3800 '

358 3890 532 3959 forte
562 3892 650 3957 ab
678 3891 798 3958 ino
827 3897 1337 3960 contemtumse
1355 3893 1659 3976 putabat,
1688 3890 1852 3971 (vid.
1882 3889 1971 3956 ad
2003 3906 2103 3955 lv.
2135 3888 2264 3956 od.
2296 3890 2403 3955 14.
2436 3885 2581 3974 10.)

423 4085 449 4112 ²
478 4077 585 4131 Qui
608 4076 677 4127 de
696 4075 796 4126 viri
817 4076 948 4128 Vita
967 4084 1026 4128 et
1061 4076 1234 4127 Libris
1267 4077 1425 4127 editis
1508 4076 1753 4142 primum.

361 4149 677 4220 ineditisque
710 4152 891 4203 doceri
926 4153 1125 4217 volunt,
1156 4153 1301 4203 adire
1336 4154 1427 4204 ‹le-
1571 4153 1617 4217 [δ
1649 4153 1737 4203 Ad
1783 4150 2004 4204 Baxteri
2037 4164 2110 4201 rc.
2148 4149 2347 4202 Notum
2386 4148 2443 4199 in
2479 4145 2579 4198 Ed.

363 4229 490 4281 bent
520 4230 854 4296 Biographiae
887 4228 1210 4282 Britannica
1229 4239 1425 4284 tomum
1506 4230 1705 4293 Genu]
