3059 4909
946 383 1357 434 emmunim
1414 383 1563 432 uia.
1612 384 1658 432 ι.
1704 367 1812 432 35.

2352 367 2484 432 223

630 528 934 595 Gestans
963 527 1176 608 aena3
1205 547 1325 594 nec
1356 547 1635 593 severus

723 632 960 698 Uncus
991 634 1203 711 abest,
1233 632 1692 716 liquidumque
1723 632 2086 716 plumbum.

2402 632 2488 697 20

546 736 650 802 Te
679 736 854 821 Spes
885 743 957 802 et
987 736 1142 801 albo
1171 755 1320 801 rara
1352 736 1562 801 Fides
1595 736 1757 801 colit

546 838 801 907 Velata
830 859 1053 925 panno
1072 859 1247 922 ;·nec
1278 844 1595 906 comitem
1625 840 1935 922 abnegat,

286 1037 450 1085 uncus,
472 1028 521 1074 et
543 1025 843 1088 liquefactum
861 1024 1114 1090 plumbum.
1185 1025 1250 1075 Te
1280 1031 1520 1075 reveretur
1553 1024 1691 1089 Spes,
1715 1032 1786 1076 et·
1805 1026 1948 1076 Fides
1969 1024 2253 1089 infrequens,
2286 1025 2487 1076 candido

283 1103 435 1149 panno
463 1096 712 1154 coopertu.-
744 1106 891 1155 neque
922 1096 1109 1141 recusat
1142 1089 1234 1140 tibi
1265 1091 1522 1155 adherere,
1553 1094 1928 1155 quandocumque
1965 1097 2148 1141 mutato
2180 1092 2327 1156 pallio
2360 1092 2486 1141 oedes

1211 1222 1389 1243 ‘‘‘‘‘‘

1394 1222 1571 1243 000000

286 1317 552 1369 huie-19
574 1318 707 1369 Edd.
731 1325 861 1370 vett.
882 1322 1069 1379 «themu
1101 1319 1248 1369 multi
1271 1291 1425 1371 codcl.
1446 1327 1498 1370 et
1520 1320 1641 1370 edd.
1661 1330 1884 1373 recentt.
1902 1329 2097 1385 praeter
2113 1320 2323 1374 Wakef.
2348 1320 2484 1371 αὲπα.

287 1383 420 1431 vide
443 1384 510 1433 ad
533 1399 575 1434 1.
598 1389 909 1436 33.11.-—20
943 1387 1162 1436 Mentel.
1207 1392 1261 1438 et
1296 1401 1424 1435 unus
1462 1387 1619 1451 Cruq.
1642 1388 1960 1452 fluidumque,-
1994 1390 2180 1438 Venet.
2203 1391 2344 1436 1492.
2383 1386 2484 1434 As-

287 1463 422 1499 cens.
449 1449 571 1499 ΑΜ.
588 1449 806 1502 Loclner.
824 1451 1044 1516 Cuuing.
1070 1462 1122 1501 et
1138 1452 1331 1502 Sanad.
1354 1451 1790 1515 &quidenna—22
1824 1455 1982 1505 Brod.
2001 1469 2087 1503 nec
2107 1449 2323 1504 comam
2342 1451 2485 1502 «buces

1284 1589 1498 1642 NOTAE

288 1698 511 1742 muntur.
568 1690 825 1741 Ammiau.
842 1691 1079 1743 Marcell.
1100 1690 1192 1741 lib.
1220 1703 1343 1741 xv1.

285 1768 299 1795 ‘
319 1768 623 1819 Trabalibus
643 1769 762 1818 telis
785 1769 964 1833 capita
980 1768 1197 1817 discissa
1220 1782 1343 1832 quo·

286 1844 552 1906 rumdam,'
573 1846 830 1907 nimirum,
853 1852 911 1894 ut
934 1846 1007 1894 ait
1025 1845 1178 1909 paulo
1202 1851 1344 1907 ante,

284 1929 299 1951 ‘
313 1920 608 1986 cum‚flexis
619 1923 848 1984 ensibus,
864 1921 1088 1972 feriendi
1105 1936 1207 1972 non
1225 1936 1345 1985 sup·

287 2006 530 2063 peterent
568 2000 929 2060 instrumenta,
963 1999 1088 2062 ipsis
1112 1999 1346 2050 barbaris

285 2077 389 2126 tela
445 2091 624 2126 eorum
680 2075 926 2127 vitalibus
964 2075 1347 2140 immergebat!

282 2152 469 2217 Itaque
489 2154 710 2202 trabalia
727 2154 816 2203 illa
849 2154 954 2202 tela
974 2153 1177 2216 stipites
1195 2160 1345 2203 eraut

284 2230 423 2279 acuti
448 2244 541 2294 per
575 2228 744 2281 suffixi
783 2231 1014 2296 corporis
1038 2237 1200 2296 caput
1221 2231 1344 2281 emi-

287 2316 486 2358 nentes.

348 2383 535 2433 szeos
559 2399 700 2434 nunu
743 2384 954 2436 Geseoem
988 2384 1129 2449 u'efna]
1170 2383 1343 2435 Stabi-

284 2459 486 2509 litatem
530 2476 592 2511 ac
641 2460 942 2511 firmitatem
986 2468 1139 2510 notat
1179 2476 1345 2510 manus

282 2539 450 2602 mna,
474 2539 600 2589 item
629 2554 802 2590 cuneus
831 2538 1050 2601 ferreus,
1077 2554 1179 2604 quo
1211 2539 1344 2588 sole-

283 2618 406 2667 bant
446 2619 633 2683 stringi
669 2619 966 2682 compedes,
1008 2619 1245 2681 manicae,
1288 2625 1344 2668 et

217 2712 224 2719 ⁶
284 2694 504 2758 pedicae.
573 2695 786 2745 Duobus
810 2694 971 2744 etiam
994 2695 1170 2745 cuneis
1195 2695 1344 2743 simul

284 2772 484 2822 adactis
502 2771 696 2836 aliquid
718 2772 880 2835 magis
899 2762 1219 2835 astringitur.
1238 2771 1347 2821 Un-

286 2848 349 2897 ‹le
386 2848 564 2898 Plaut.
600 2846 761 2896 Stich.
791 2847 945 2896 Scen.
976 2851 1025 2896 9.
1059 2846 1076 2874 ‘
1100 2846 1180 2896 vel
1214 2847 1349 2896 inter

283 2939 476 2973 cuneos
501 2921 733 2986 ferreos‚'
761 2923 964 2973 scilieet
983 2923 1034 2972 in
1068 2932 1233 2986 arcto,
1257 2939 1348 2988 pa·

284 3004 473 3052 rasitus
496 3002 569 3051 ait
603 3000 908 3051 accumbere
933 3014 991 3049 se
1014 3013 1180 3063 posse.
1246 3002 1348 3050 Cu-

283 3081 394 3128 neia
420 3086 674 3143 praeterea
707 3092 792 3127 res
815 3076 1081 3128 finduntur
1112 3092 1171 3127 ae
1210 3079 1346 3127 scin-

283 3156 514 3205 duntur:
550 3155 629 3204 his
674 3155 830 3205 etiam
876 3154 953 3204 rei
998 3155 1142 3204 velut
1187 3155 1345 3204 clavis

281 3232 564 3296 affiguntur
613 3234 778 3282 cruci.
855 3231 942 3281 Sic
988 3231 1126 3297 apud
1173 3232 1344 3282 Cicer.

221 3369 225 3378 ¹
281 3311 497 3361 Tuscul.
523 3320 585 3360 ιῐ.
613 3314 696 3361 22.
730 3310 1076 3361 Prometheus
1102 3326 1132 3360 a
1153 3311 1346 3360 Vulca-

280 3404 346 3437 no
370 3403 426 3437 se
452 3386 661 3437 affixum
685 3388 919 3438 Caucaso
938 3388 1199 3453 queritur:
1223 3391 1238 3420 ⁴
1256 3388 1347 3439 Jo-

281 3465 465 3530 visque
504 3478 694 3513 numen
733 3463 980 3513 Mulcibri
1016 3457 1204 3514 ascivit
1241 3479 1348 3513 ma·

280 3558 396 3592 nus.
466 3542 579 3591 Hos
602 3543 690 3591 ille
713 3556 907 3591 cuneos
927 3540 1126 3591 fabrica
1146 3541 1348 3591 crudeli

279 3623 535 3682 inserens,
557 3619 809 3683 Perrupit
830 3617 1008 3681 artus,'
1032 3623 1132 3669 ὅτε.
1201 3619 1348 3669 Clavi

283 3699 525 3747 nimirum
571 3697 635 3746 ad
677 3710 886 3746 crucem
920 3696 1163 3760 ligneam,
1196 3696 1349 3745 cunei

282 3777 346 3823 ad
372 3774 653 3838 lapideam,
687 3774 853 3840 inquit
872 3774 1127 3823 Theodor.
1159 3773 1348 3840 Marci·

281 3852 400 3900 lius.

344 3931 412 3977 20
454 3926 638 3990 Uncus]
670 3928 773 3977 Seu
793 3942 894 3993 quo
913 3927 991 3976 rei
1009 3926 1348 3977 trahebantur

282 4005 345 4054 ad
371 4006 543 4055 scalas
566 4005 865 4067 Gemonias,
901 4020 995 4054 seu
1031 4020 1134 4070 quo
1157 4018 1347 4055 annec-

284 4084 324 4131 ti
347 4097 409 4132 ae
437 4081 606 4131 teneri
627 4080 846 4133 firmiter
867 4082 1059 4149 aliquid
1082 4083 1229 4134 solet.

349 4159 697 4224 Liquidumque
724 4160 986 4225 plumbum]
1024 4161 1139 4211 Hoc
1173 4168 1348 4210 notum

287 4246 370 4287 est
424 4244 479 4286 et
533 4235 698 4287 affuso
751 4238 1011 4288 cruciatos
1072 4237 1350 4301 aliquando

286 4329 439 4379 reos;
471 4321 531 4366 et
569 4313 772 4366 ferreas
809 4329 1010 4382 manus,
1047 4329 1229 4375 uncos,
1261 4329 1352 4366 cu-

1424 1703 1552 1740 neos
1575 1688 1768 1739 arctius
1788 1689 2008 1755 alligari,
2037 1690 2375 1755 tenaciusque
2396 1691 2490 1741 ad-

1423 1767 1653 1845 haerere..
1707 1767 1901 1817 Arnob.
1939 1773 2124 1818 contra
2146 1768 2365 1836 Gentes,
2396 1769 2490 1824 lib.

1426 1847 1504 1892 vi.
1539 1844 1554 1871 ‘
1573 1842 1713 1895 Quid
1753 1843 1989 1895 mis'erius
2016 1851 2105 1894 aut
2127 1843 2385 1895 infelicius
2408 1846 2486 1894 his

1427 1933 1542 1970 esse
1568 1921 1780 1985 poterit,
1805 1936 1956 1985 quam
1993 1921 2037 1969 si
2073 1935 2164 1970 eos
2187 1921 2240 1970 in
2268 1921 2482 1974 basibus
2553 1964 2557 1968 .
2591 1966 2598 1982 .

1427 1995 1500 2046 ita
1522 1996 1642 2047 unci
1665 1997 1914 2060 retinent,
1937 2004 1991 2048 et
2013 1997 2266 2061 plumbeae
2290 1997 2490 2050 unctio·

1427 2090 1520 2128 nes
1545 2077 1581 2128 θ’
2464 2073 2468 2079 ’

1487 2158 1552 2205 21
1591 2156 1659 2206 Te
1682 2155 1819 2221 spes,
1848 2155 1957 2219 ξω]
1993 2154 2127 2205 Haec
2162 2153 2294 2202 solet
2325 2150 2488 2203 afflic-

1426 2238 1531 2281 tos·
1561 2238 1879 2291 sustentare,
1935 2237 1992 2282 et
2046 2230 2200 2281 solari
2257 2228 2486 2300 adversis

1422 2323 1644 2373 pressos.
1711 2307 1784 2359 Hi
1806 2311 1943 2359 enim
1967 2315 2235 2378 sperantes
2260 2308 2489 2374 meliora,

1423 2387 1809 2451 Fortunamque
1850 2394 1979 2436 rotae
2018 2385 2353 2435 conversione
2397 2383 2487 2442 be?

1424 2462 1713 2526 nigniorem
1752 2460 2192 2526 fore,praesentes
2231 2471 2488 2510 aeriimnas

1425 2539 1641 2603 aequiori
1664 2537 1841 2589 ferunt
1864 2539 2051 2589 animo.

1491 2618 1559 2667 Et
1578 2616 1682 2665 albo
1695 2630 1810 2666 rara
1832 2616 1973 2665 Fides
1986 2616 2100 2664 colit
2119 2614 2288 2665 Velata
2304 2611 2485 2676 panno]

1426 2692 1577 2742 Licet
1599 2692 1738 2741 enim
1759 2691 1858 2740 rari
1877 2691 1980 2740 sint
2001 2690 2052 2739 in
2071 2690 2302 2739 adversis
2320 2688 2491 2747 amici,

1428 2761 1606 2834 aliqui
1644 2777 1815 2819 tamen
1857 2768 2183 2831 reperiuntur
2226 2765 2496 2815 interdum

1426 2846 1612 2898 fideles
1650 2856 2040 2912 usquequaque.
2102 2845 2188 2894 Sic
2208 2844 2339 2909 fides
2375 2843 2489 2892 colit

1427 2924 1728 2984 Fortunam,
1745 2938 1832 2973 mc
1865 2921 2160 2971 adversanti
2184 2918 2490 2982 refraganti*

1426 3016 1529 3066 que
1551 3017 1607 3052 se
1628 3001 1842 3051 comitem
1859 3005 2018 3062 negat.
2086 3000 2156 3048 Et
2178 2998 2247 3048 ob
2264 2998 2361 3047 hoe
2385 2995 2490 3046 for-

1429 3090 1481 3133 te
1516 3082 1706 3131 dicitnr
1738 3079 1843 3129 albo
1873 3080 2045 3128 Velata
2077 3092 2267 3141 pamm
2300 3075 2354 3125 id
2389 3083 2492 3135 est,

1427 3159 1667 3224 simplex,
1722 3157 1943 3217 sincera,
1998 3165 2100 3205 non
2154 3154 2345 3203 fallax:
2404 3153 2489 3200 vel

1428 3235 1566 3299 quod
1591 3236 1709 3285 albo
1734 3232 1976 3283 velabant
1999 3246 2171 3295 panno
2207 3234 2382 3292 caput,
2404 3227 2493 3292 qul

1425 3306 1547 3363 fidei
1568 3311 1953 3362 sacrificabant.
2022 3308 2128 3358 Alii
2162 3308 2327 3356 locum
2352 3305 2491 3353 lmue

1427 3392 1841 3455 interpretantur
1862 3389 1928 3437 de
1953 3386 2277 3444 candidatis,
2301 3382 2494 3446 adepta

1427 3468 1689 3533 dignitate
1730 3481 1911 3532 parum
1942 3464 2246 3514 curantibus
2277 3476 2341 3509 ea
2375 3473 2495 3523 per·

1428 3549 1631 3596 solvere
1670 3561 1785 3612 quae
1828 3553 1935 3594 tum
1980 3543 2203 3591 maxime
2246 3537 2492 3602 promise-

1429 3630 1566 3685 rant,
1619 3637 1736 3671 cum
1806 3620 2162 3681 magistratum
2220 3614 2496 3663 ambirent.

1428 3701 1580 3753 Quod
1604 3699 1729 3749 mihi
1751 3696 1964 3762 quidem
1997 3696 2148 3755 longe
2175 3690 2395 3754 petitum
2420 3688 2495 3736 vi·

1429 3776 1601 3827 detur.
1668 3776 1834 3823 Tuum
1878 3778 1992 3819 esto
2017 3768 2294 3832 judicium,
2327 3764 2494 3813 lector

1429 3865 1590 3914 sagax
1625 3854 1683 3899 et
1712 3848 1937 3899 erudite.
2005 3843 2194 3908 virgil.
2218 3840 2420 3892 AEneid.
2453 3853 2494 3889 ιι

1429 3931 1546 3977 296.
1578 3927 1593 3954 ‘
1613 3927 1756 3977 Cana
1794 3922 1961 3973 fides-⁹
2028 3923 2149 3974 Quo
2179 3927 2354 3970 tamen
2375 3917 2493 3966 loeo

1411 4002 1722 4069 'significare
1746 4002 1951 4052 videtur
1966 4001 2230 4065 antiquam
2250 3995 2427 4046 fidem.

1491 4084 1558 4131 22
1594 4081 1700 4130 Nec
1725 4079 1941 4130 comitem
1972 4077 2195 4139 abnegat,
2232 4074 2495 4135 Utrimque

1427 4162 1634 4218 mutata,
1654 4155 1760 4221 ξω]
1791 4155 1854 4205 Id
1889 4160 1990 4218 est,
2024 4167 2122 4202 non
2146 4150 2344 4202 deserit
2363 4145 2494 4197 fides

1431 4236 1646 4297 amicos,
1663 4234 1818 4285 etiam
1836 4247 1951 4283 cum
1969 4231 2035 4281 ab
2057 4230 2134 4280 eis
2153 4225 2352 4277 recedit
2367 4225 2494 4274 For-

1434 4322 1583 4381 tuna,
1620 4319 1824 4367 mutata
1866 4321 1985 4364 cum
2014 4307 2248 4362 vestibus
2278 4310 2493 4363 mente3
