3059 4909
989 439 1401 498 οᾸιιΜιΝυΜ
1455 452 1602 501 mn.
1652 453 1762 503 ιιι.
1804 436 1913 503 29.

2434 441 2562 507 531

796 587 977 669 Quid
1007 592 1205 657 Seres
1233 599 1305 658 et
1332 601 1605 677 regnata
1635 597 1816 682 Cyro
2438 551 2443 557 1

887 694 1138 760 Bactra
1164 702 1396 779 parent
1422 697 1806 783 Tanaisque
1835 699 2116 767 discorS.

711 794 1014 862 Prudens
1042 797 1243 863 futuri
1272 801 1594 883 temporis
1620 804 1873 867 exitum

711 896 1096 981 caliginosa
1123 904 1581 986 noctepremit
1609 904 1836 987 Deus3
2472 910 2562 975 30

800 999 1160 1087 Ridetque,
1193 1005 1254 1068 si
1284 1005 1581 1070 mortalis
1610 1007 1783 1071 ultra

784 1160 794 1171 .
889 1104 1026 1171 Fas
1055 1107 1358 1191 trepidat.
1446 1105 1893 1210 Quod-adest,
1922 1117 2248 1178 memento

710 1205 1124 1290 Componere
1155 1228 1432 1294 aequus:
1477 1217 1702 1275 cetera
1724 1211 2011 1277 fluminis

710 1308 880 1376 Ritu
908 1310 1223 1391 feruntur,
1255 1333 1429 1378 nuno
1456 1313 1678 1379 medio
1704 1315 1907 1380 'alveo

365 1477 415 1522 et
436 1472 691 1523 Bactriani
714 1475 840 1539 Cyro
870 1475 1086 1539 subiecti,
1104 1481 1245 1539 atque
1269 1477 1445 1528 Tanais
1465 1477 1737 1528 seditiosus.
1804 1477 1902 1526 Dii
1924 1477 2160 1542 sapientes
2194 1477 2402 1529 obscurio
2430 1484 2559 1528 tene-

366 1538 466 1587 bris
485 1540 725 1589 involvunt
747 1540 936 1590 venturi
955 1541 1048 1590 aeoi
1067 1547 1270 1592 sortem.-
1301 1543 1609 1606 deridentque
1642 1543 1688 1591 si
1725 1542 1859 1591 homo
1890 1544 1998 1605 plus
2035 1559 2172 1606 quam
2192 1545 2322 1594 decet
2340 1550 2564 1606 angatur.

366 1602 547 1666 δοίαξε
577 1603 689 1655 bene
709 1607 942 1656 moderari
972 1607 1247 1670 praesentia.
1314 1608 1518 1671 Reliqua
1553 1607 1828 1658 dilabantiu-
1857 1608 2014 1658 instar
2032 1607 2181 1672 fluvii
2217 1609 2402 1659 Tiberis
2431 1611 2565 1658 modo

1286 1732 1319 1752 O
1321 1728 1619 1753 OOOOOOOOO
1621 1734 1654 1754 O

369 1814 604 1866 Francis.
651 1815 756 1865 orbi
787 1817 993 1869 emend.
1026 1818 1209 1868 Jones.
1245 1824 1300 1868 et
1331 1819 1405 1869 sic
1437 1819 1702 1870 Siva—28
1738 1820 1882 1882 Lips.
1902 1824 1952 1870 4.
1994 1820 2172 1871 Bactra
2199 1825 2394 1883 parant.
2462 1819 2565 1869 Cu-

368 1881 511 1942 ning.
534 1881 721 1931 Sanad.
748 1889 802 1932 et
823 1883 1051 1945 Towers,
1076 1883 1323 1934 Tanai-see.
1377 1885 1557 1934 Bentl.
1582 1886 1724 1948 conj.
1745 1886 1921 1935 dissors
1929 1903 1950 1944 ;
1983 1884 2079 1935 hoc
2116 1893 2289 1934 tamen
2332 1885 2565 1947 neglexit

368 1944 666 2007 laum-29
698 1947 918 1996 Prudens
935 1948 986 2008 f.
1023 1950 1245 2010 temporis
1268 1948 1332 1997 ad
1359 1948 1746 2011 antecedentia,
1788 1957 1844 1999 et
1882 1951 1959 2000 sic
2002 1950 2069 2000 ad
2101 1950 2447 1999 Maecenatem
2485 1963 2564 1997 re·

368 2009 474 2059 fert
516 2010 723 2059 Bonfin.
770 2010 961 2062 Anuot.
1007 2026 1158 2064 κων.
1240 2013 1447 2065 Wakef.
1491 2029 1691 2063 comma
1729 2015 1876 2077 ponit
1925 2020 2043 2078 post
2095 2014 2355 2077 temporis;
2412 2027 2568 2077 quem

367 2073 488 2123 vide
509 2074 572 2123 ad
597 2075 747 2139 Virg.
771 2077 1015 2135 Geor-gie.
1049 2078 1137 2128 lib.
1160 2093 1198 2128 1.
1221 2092 1353 2128 vers.
1371 2083 1619 2128 ‘ssa—32
1643 2078 1808 2130 Harl.
1849 2084 1895 2129 3.
1916 2083 1965 2129 6.
1999 2086 2056 2128 et
2093 2078 2368 2128 Pulmanni
2407 2078 2564 2127 Gem-

368 2138 502 2188 blac.
526 2145 570 2188 l.
594 2141 811 2202 trepidet.
878 2143 1261 2202 Mentel.⁴Quod
1288 2147 1511 2192 este-34
1546 2143 1771 2196 Quidam
1818 2144 2077 2204 Lambini,
2122 2143 2344 2193 Mentel.
2392 2143 2568 2191 Bentl.

370 2204 547 2265 Graev.
571 2212 624 2255 et
648 2206 766 2256 Gal.
794 2207 935 2271 Lips.
956 2211 1007 2259 2.
1034 2214 1091 2258 et
1113 2208 1335 2274 Cuning.
1355 2208 1505 2258 medio
1528 2223 1712 2274 equore
1726 2225 1746 2268 ;
1781 2209 1854 2259 ita
1890 2211 2063 2274 plures
2086 2207 2316 2266 codices,
2336 2207 2426 2259 sed
2451 2221 2570 2257 cum

1364 2338 1582 2391 NOTAE

388 2412 393 2417 .
435 2439 501 2485 Μ
536 2435 696 2499 Seres]
737 2435 875 2487 Asine
903 2438 1078 2502 populi
1099 2439 1240 2488 ultra
1262 2438 1429 2500 Sinas,
1462 2470 1467 2475 -

371 2512 555 2561 a-Sera
579 2513 706 2562 urbe
729 2512 874 2563 dicti.
925 2514 1092 2578 Regio
1116 2515 1318 2564 illorum
1341 2516 1432 2565 Se-

369 2589 478 2638 rica
502 2589 654 2638 hodie
681 2590 854 2653 Catum
887 2591 1054 2640 serico
1076 2606 1238 2654 opere
1266 2592 1430 2654 incly-

371 2670 445 2713 ta.
480 2663 615 2713 Vide
640 2678 678 2714 r.
704 2664 808 2715 Od.
835 2669 911 2715 12.
935 2667 1028 2716 sub
1049 2665 1221 2716 finem.

437 2741 666 2804 Regnata
712 2744 839 2807 Cyro
877 2742 1084 2806 Bactra]
1141 2744 1273 2794 Haec
1308 2744 1432 2794 urbs

371 2819 618 2881 primaria
656 2819 973 2881 Bactriauae,
1010 2819 1234 2883 regionis
1274 2820 1432 2884 Asiae,

370 2894 508 2942 inter
542 2893 811 2943 Parthiam
855 2894 920 2942 ad
959 2894 1216 2943 Occasum
1252 2902 1308 2944 et
1344 2894 1433 2943 ln-

372 2967 509 3017 ‘diam
547 2968 610 3017 ad
646 2967 853 3031 Ortum,
893 2968 1012 3019 Oxo
1039 2967 1249 3018 flumine
1287 2970 1432 3019 allui-

372 3051 495 3095 tur:
533 3059 654 3108 pars
685 3044 803 3095 olim
844 3053 960 3096 erat
994 3046 1210 3111 Imperii
1242 3048 1434 3097 Persa-

376 3132 509 3170 rum.

445 3197 600 3261 Cyro]
638 3195 742 3247 Hie
772 3195 909 3247 filius
932 3197 1219 3263 Cambysis,
1252 3200 1454 3249 Persa-·

377 3288 488 3324 rum
530 3289 592 3324 ac
630 3274 900 3323 Medorum
930 3275 1250 3341 subindeque
1273 3275 1457 3324 totius·

377 3353 610 3404 Orientis
636 3353 772 3409 Rex,
804 3351 1035 3417 profanis
1069 3353 1221 3401 immo
1256 3360 1312 3403 et
1343 3353 1434 3401 Sa-

377 3430 477 3480 cris
502 3429 690 3479 Literis
708 3429 1021 3494 celebratus,
1035 3446 1065 3480 a
1082 3429 1299 3492 Tomyri
1312 3429 1438 3492 Scy·

379 3507 585 3556 tharum
605 3505 807 3569 Regina
823 3519 940 3554 cum
960 3522 1051 3556 suo
1069 3506 1300 3555 exercitu
1317 3519 1439 3555 cou-

380 3582 687 3632 trucidatus.
752 3580 888 3631 Vide
926 3583 1117 3633 Justin.
1154 3583 1245 3632 lib.
1274 3595 1311 3631 ι.
1341 3585 1440 3632 &c-

379 3662 761 3725 Paralipomen.
788 3659 940 3710 Esdr.
976 3662 1186 3712 Daniel.
1223 3661 1441 3711 maxime

380 3752 508 3789 vero
531 3738 677 3788 Isaiae
702 3751 820 3800 cap.
837 3749 965 3787 xuv.
1001 3737 1016 3765 ⁴
1037 3737 1169 3787 Haec
1186 3737 1314 3787 dicit
1330 3739 1440 3787 Do-

381 3817 549 3865 minus
568 3815 758 3865 christo
775 3828 889 3863 meo
905 3815 1065 3878 Cyro,
1083 3814 1231 3877 cujus
1257 3827 1442 3877 appre-

382 3892 539 3941 hendi
581 3892 867 3955 dexteram,
908 3897 970 3942 ut
1011 3890 1282 3955 subjiciam
1320 3896 1461 3941 aute'

384 3966 570 4017 faciem
605 3968 717 4031 ejus
751 3972 952 4030 gentes,
975 3973 1029 4017 et
1061 3967 1216 4017 dorsa
1243 3968 1445 4031 Regum

387 4052 585 4094 vertam
602 4078 616 4093 .
635 4078 649 4093 .
671 4078 683 4093 .
702 4045 813 4107 Ego
838 4050 959 4093 ante
995 4050 1048 4093 te
1083 4042 1170 4092 ibo
1190 4079 1204 4093 .
1222 4078 1236 4093 .
1259 4077 1273 4093 .
1293 4042 1445 4092 Dabo

386 4125 481 4174 tlbi
516 4123 783 4173 thesauros
819 4121 1147 4172 absconditos
1179 4128 1233 4172 et
1258 4136 1446 4171 arcana

387 4208 722 4256 secretorum,
744 4205 803 4249 ut
839 4200 969 4249 scias
994 4200 1116 4264 quia
1148 4214 1247 4262 ego
1272 4198 1465 4249 Domi·'

390 4291 506 4337 nus,
526 4275 614 4341 qui
637 4290 764 4325 voco
788 4291 972 4327 nomeu
1007 4284 1170 4338 tuum,
1199 4277 1342 4325 Deus
1372 4277 1447 4326 1⁸-

393 4350 497 4402 rael
515 4353 806 4405 ...accinxi
839 4361 914 4418 te,
945 4360 1000 4405 et
1028 4368 1132 4404 nou
1157 4354 1445 4421 cognovisti

1511 2436 1634 2501 me,'
1652 2439 1756 2488 &c-

1574 2517 1641 2563 28
1668 2514 1929 2578 Tanaisque
1941 2512 2142 2576 discors]
2166 2511 2355 2577 Populi
2379 2511 2446 2560 ad
2463 2510 2571 2561 Ta-

1511 2592 1649 2641 naim
1673 2592 1863 2656 quietis
1896 2592 2251 2656 impatientes,
2280 2589 2345 2639 ad
2380 2589 2573 2639 bellum

1512 2667 1792 2730 proclives,
1812 2669 1952 2717 inter
1986 2682 2043 2717 se
2066 2665 2391 2731 frequentius
2425 2664 2575 2713 dimi-

1514 2751 1714 2801 cantes,
1728 2744 1933 2806 Parthi,
1948 2744 2178 2808 Scythae,
2190 2743 2462 2792 sarmatae.
2490 2742 2575 2791 De

1512 2821 1603 2870 illo
1633 2818 1844 2869 flumine
1867 2821 2044 2870 Asiam
2074 2819 2139 2869 ab
2160 2820 2371 2883 Europa
2391 2818 2593 2867 distet-¹

1513 2897 1742 2947 minante
1756 2898 1866 2961 jam
1885 2896 2010 2946 dixi.
2042 2894 2175 2945 Vide
2199 2894 2306 2946 Od.
2324 2906 2402 2944 tv,
2426 2894 2576 2957 hujus

1512 2977 1607 3027 lib.
1628 2976 1828 3039 stroph.
1848 2980 1897 3026 9.

1578 3056 1644 3102 29
1676 3054 1899 3104 Prudens
1909 3050 2076 3112 saturi
2097 3048 2336 3115 temporis,
2350 3050 2460 3114 fisa]
2483 3044 2577 3098 Sa-

1515 3127 1725 3192 pienter
1759 3127 1846 3179 Dii
1890 3126 2182 3185 hominibus
2221 3125 2431 3190 cognita
2466 3138 2578 3173 esse

1515 3203 1699 3253 futura
1730 3203 2029 3264 noluerunt,
2050 3202 2159 3251 sive
2194 3215 2258 3250 ne
2283 3200 2431 3249 malis
2456 3205 2577 3251 ante
2648 3205 2652 3209 ’

1514 3279 1720 3344 tempus
1752 3286 2116 3345 torqueantur,
2152 3277 2260 3325 sive
2283 3284 2341 3325 ut
2376 3276 2579 3326 incerta

1516 3371 1687 3406 rerum
1721 3353 2085 3418 expectatione
2111 3350 2328 3416 penduli
2343 3350 2415 3400 ad
2438 3348 2577 3414 ipsos

1518 3443 1785 3481 recurrere
1811 3444 1871 3479 ac
1894 3428 2058 3477 vereri
2083 3433 2405 3476 moneantur.

1585 3511 1645 3557 31
1668 3508 1920 3570 Ridetque,
1935 3505 1977 3553 si
1992 3503 2208 3552 mortalis
2224 3503 2356 3551 ultra
2374 3501 2470 3551 Fas
2486 3502 2599 3551 tre·'

1515 3583 1676 3649 pidet]
1708 3584 1902 3634 Noster
1933 3594 1995 3631 11.
2036 3578 2142 3630 Od.
2172 3582 2251 3628 16.
2286 3578 2495 3627 ‘Laetus
2523 3578 2579 3625 in

1523 3675 1753 3726 praesens
1777 3659 1974 3709 animus
1998 3654 2134 3722 quod
2163 3654 2300 3705 ultra
2333 3659 2416 3703 est
2441 3652 2580 3701 Ode·

1521 3741 1589 3790 rit
1614 3738 1836 3789 curare!

1588 3819 1652 3865 32
1688 3815 1829 3870 Quod
1855 3815 2007 3878 adest,
2047 3815 2273 3861 memento
2299 3809 2581 3869 componere

1521 3890 1705 3954 ‹equit-s]
1738 3888 2090 3939 Praesentibus
2114 3893 2259 3937 utere
2284 3883 2581 3950 prudenter,

1525 3975 1689 4031 recte,
1704 3967 1869 4031 juste.

1590 4048 1653 4094 33
1702 4044 1873 4093 Cetera
1911 4042 2132 4105 fluminis
2175 4039 2300 4090 Ritu
2330 4038 2604 4107 feruntur]—

1525 4123 1778 4172 Futurum
1814 4129 2016 4184 tempus
2037 4118 2172 4182 fluit,
2194 4123 2249 4168 et
2269 4116 2454 4168 sensim
2479 4117 2583 4165 ela—

1524 4201 1687 4262 bitur,
1711 4201 1866 4252 rebus
1887 4199 2038 4250 modo
2061 4197 2283 4263 pacatis,
2303 4195 2456 4246 modo
2477 4200 2583 4243 tur·

1528 4279 1679 4331 hidis.
