<?xml version="1.0" encoding="UTF-8"?>
<!DOCTYPE html PUBLIC "-//W3C//DTD XHTML 1.0 Transitional//EN"
    "http://www.w3.org/TR/xhtml1/DTD/xhtml1-transitional.dtd">
<html xmlns="http://www.w3.org/1999/xhtml" xml:lang="en" lang="en">
 <head>
  <title>
</title>
<meta http-equiv="Content-Type" content="text/html;charset=utf-8" />
  <meta name='ocr-system' content='tesseract 3.04.00' />
  <meta name='ocr-capabilities' content='ocr_page ocr_carea ocr_par ocr_line ocrx_word'/>
</head>
<body>
  <div class='ocr_page' id='page_1' title='image "./quintihoratiifl00unkngoog_0356.png"; bbox 0 0 3059 4909; ppageno 0'>
   <div class='ocr_carea' id='block_1_1' title="bbox 518 361 1996 437">
    <p class='ocr_par' dir='ltr' id='par_1_1' title="bbox 518 361 1996 437">
     <span class='ocr_line' id='line_1_1' title="bbox 518 361 1996 437; baseline -0.003 -11"><span class='ocrx_word' id='word_1_1' title='bbox 518 361 649 427; x_wconf 84' lang='grc'><strong>346</strong></span> <span class='ocrx_word' id='word_1_2' title='bbox 1237 377 1308 437; x_wconf 79' lang='lat' dir='ltr'><strong>Q.</strong></span> <span class='ocrx_word' id='word_1_3' title='bbox 1354 372 1675 424; x_wconf 66' lang='lat' dir='ltr'><strong>Hosss&#39;ru</strong></span> <span class='ocrx_word' id='word_1_4' title='bbox 1730 370 1996 423; x_wconf 61' lang='lat' dir='ltr'><strong>amour</strong></span> 
     </span>
    </p>
   </div>
   <div class='ocr_carea' id='block_1_2' title="bbox 871 521 2251 816">
    <p class='ocr_par' dir='ltr' id='par_1_2' title="bbox 871 521 2251 816">
     <span class='ocr_line' id='line_1_2' title="bbox 871 521 1632 610; baseline -0.005 -18"><span class='ocrx_word' id='word_1_5' title='bbox 871 524 1023 592; x_wconf 87' lang='lat' dir='ltr'><strong>Nec</strong></span> <span class='ocrx_word' id='word_1_6' title='bbox 1053 523 1436 610; x_wconf 70' lang='lat' dir='ltr'><strong>Laconicas</strong></span> <span class='ocrx_word' id='word_1_7' title='bbox 1465 521 1632 589; x_wconf 91' lang='lat' dir='ltr'><strong>mihi</strong></span> 
     </span>
     <span class='ocr_line' id='line_1_3' title="bbox 953 625 2251 715; baseline -0.003 -21"><span class='ocrx_word' id='word_1_8' title='bbox 953 627 1256 715; x_wconf 82' lang='lat' dir='ltr'><strong>Trahunt</strong></span> <span class='ocrx_word' id='word_1_9' title='bbox 1281 627 1575 693; x_wconf 79' lang='lat' dir='ltr'><strong>honestae</strong></span> <span class='ocrx_word' id='word_1_10' title='bbox 1607 643 1941 713; x_wconf 79' lang='lat' dir='ltr'><strong>purpuras</strong></span> <span class='ocrx_word' id='word_1_11' title='bbox 1972 625 2251 692; x_wconf 77' lang='lat' dir='ltr'><strong>clientes.</strong></span> 
     </span>
     <span class='ocr_line' id='line_1_4' title="bbox 871 725 1525 816; baseline -0.002 -21"><span class='ocrx_word' id='word_1_12' title='bbox 871 725 971 796; x_wconf 85' lang='lat' dir='ltr'><strong>At</strong></span> <span class='ocrx_word' id='word_1_13' title='bbox 998 729 1171 796; x_wconf 86' lang='lat' dir='ltr'><strong>fides</strong></span> <span class='ocrx_word' id='word_1_14' title='bbox 1199 738 1272 798; x_wconf 90' lang='lat' dir='ltr'><strong>et</strong></span> <span class='ocrx_word' id='word_1_15' title='bbox 1297 729 1525 816; x_wconf 82' lang='lat' dir='ltr'><strong>ingeni</strong></span> 
     </span>
    </p>
   </div>
   <div class='ocr_carea' id='block_1_3' title="bbox 957 830 2406 919">
    <p class='ocr_par' dir='ltr' id='par_1_3' title="bbox 957 830 2406 919">
     <span class='ocr_line' id='line_1_5' title="bbox 957 830 2406 919; baseline -0.003 -18"><span class='ocrx_word' id='word_1_16' title='bbox 957 834 1261 919; x_wconf 86' lang='lat' dir='ltr'><strong>Benigna</strong></span> <span class='ocrx_word' id='word_1_17' title='bbox 1290 854 1463 901; x_wconf 85' lang='lat' dir='ltr'><strong>vena</strong></span> <span class='ocrx_word' id='word_1_18' title='bbox 1493 839 1634 914; x_wconf 83' lang='lat' dir='ltr'><strong>est3</strong></span> <span class='ocrx_word' id='word_1_19' title='bbox 1679 851 2185 918; x_wconf 80' lang='lat' dir='ltr'><strong>pauperemque</strong></span> <span class='ocrx_word' id='word_1_20' title='bbox 2217 830 2406 897; x_wconf 84' lang='lat' dir='ltr'><strong>dives</strong></span> 
     </span>
    </p>
   </div>
   <div class='ocr_carea' id='block_1_4' title="bbox 1441 1222 1816 1247">
    <p class='ocr_par' dir='ltr' id='par_1_4' title="bbox 1441 1222 1816 1247">
     <span class='ocr_line' id='line_1_6' title="bbox 1441 1222 1816 1247; baseline -0.008 0"><span class='ocrx_word' id='word_1_21' title='bbox 1441 1222 1816 1247; x_wconf 60' lang='grc' dir='ltr'><strong>ΜΝΟΜ</strong></span> 
     </span>
    </p>
   </div>
   <div class='ocr_carea' id='block_1_5' title="bbox 535 1303 2788 1903">
    <p class='ocr_par' dir='ltr' id='par_1_5' title="bbox 535 1303 2788 1903">
     <span class='ocr_line' id='line_1_7' title="bbox 537 1303 2744 1362; baseline -0.004 -2"><span class='ocrx_word' id='word_1_22' title='bbox 537 1324 649 1360; x_wconf 86' lang='lat' dir='ltr'><strong>ram</strong></span> <span class='ocrx_word' id='word_1_23' title='bbox 688 1322 755 1357; x_wconf 86' lang='lat' dir='ltr'><strong>ex</strong></span> <span class='ocrx_word' id='word_1_24' title='bbox 797 1308 963 1358; x_wconf 83' lang='lat' dir='ltr'><strong>altera</strong></span> <span class='ocrx_word' id='word_1_25' title='bbox 1001 1308 1233 1361; x_wconf 85' lang='lat' dir='ltr'><strong>lectione</strong></span> <span class='ocrx_word' id='word_1_26' title='bbox 1256 1310 1522 1362; x_wconf 67' lang='lat' dir='ltr'><strong>existere!</strong></span> <span class='ocrx_word' id='word_1_27' title='bbox 1555 1310 1794 1361; x_wconf 53' lang='lat' dir='ltr'><strong>June—⁷</strong></span> <span class='ocrx_word' id='word_1_28' title='bbox 1830 1308 1935 1360; x_wconf 82' lang='lat' dir='ltr'><strong>Nec</strong></span> <span class='ocrx_word' id='word_1_29' title='bbox 1968 1308 2206 1359; x_wconf 70' lang='lat' dir='ltr'><strong>Laconicis</strong></span> <span class='ocrx_word' id='word_1_30' title='bbox 2244 1321 2373 1357; x_wconf 88' lang='lat' dir='ltr'><strong>unus</strong></span> <span class='ocrx_word' id='word_1_31' title='bbox 2413 1306 2584 1355; x_wconf 84' lang='lat' dir='ltr'><strong>codex</strong></span> <span class='ocrx_word' id='word_1_32' title='bbox 2621 1303 2744 1354; x_wconf 89' lang='lat' dir='ltr'><strong>Pul-</strong></span> 
     </span>
     <span class='ocr_line' id='line_1_8' title="bbox 535 1369 2743 1442; baseline -0.004 -17"><span class='ocrx_word' id='word_1_33' title='bbox 535 1375 728 1433; x_wconf 87' lang='lat' dir='ltr'><strong>manni,</strong></span> <span class='ocrx_word' id='word_1_34' title='bbox 763 1387 895 1423; x_wconf 84' lang='lat' dir='ltr'><strong>unns</strong></span> <span class='ocrx_word' id='word_1_35' title='bbox 916 1372 1140 1438; x_wconf 83' lang='lat' dir='ltr'><strong>Gifanii,</strong></span> <span class='ocrx_word' id='word_1_36' title='bbox 1174 1375 1321 1442; x_wconf 88' lang='lat' dir='ltr'><strong>(vide</strong></span> <span class='ocrx_word' id='word_1_37' title='bbox 1358 1375 1479 1427; x_wconf 90' lang='lat' dir='ltr'><strong>Ind.</strong></span> <span class='ocrx_word' id='word_1_38' title='bbox 1512 1374 1758 1441; x_wconf 76' lang='lat' dir='ltr'><strong>Luci-et.)</strong></span> <span class='ocrx_word' id='word_1_39' title='bbox 1794 1389 1925 1425; x_wconf 89' lang='lat' dir='ltr'><strong>unus</strong></span> <span class='ocrx_word' id='word_1_40' title='bbox 1961 1375 2121 1439; x_wconf 89' lang='lat' dir='ltr'><strong>Crnq.</strong></span> <span class='ocrx_word' id='word_1_41' title='bbox 2164 1376 2313 1425; x_wconf 85' lang='lat' dir='ltr'><strong>Dess.</strong></span> <span class='ocrx_word' id='word_1_42' title='bbox 2348 1377 2400 1426; x_wconf 88' lang='grc'><strong>2.</strong></span> <span class='ocrx_word' id='word_1_43' title='bbox 2449 1369 2743 1421; x_wconf 85' lang='lat' dir='ltr'><strong>Helmstad.</strong></span> 
     </span>
     <span class='ocr_line' id='line_1_9' title="bbox 537 1435 2745 1502; baseline -0.002 -12"><span class='ocrx_word' id='word_1_44' title='bbox 537 1440 760 1502; x_wconf 83' lang='lat' dir='ltr'><strong>Cuning.</strong></span> <span class='ocrx_word' id='word_1_45' title='bbox 783 1447 838 1489; x_wconf 90' lang='lat' dir='ltr'><strong>et</strong></span> <span class='ocrx_word' id='word_1_46' title='bbox 859 1439 1053 1491; x_wconf 85' lang='lat' dir='ltr'><strong>Sanad.</strong></span> <span class='ocrx_word' id='word_1_47' title='bbox 1117 1440 1256 1491; x_wconf 83' lang='lat' dir='ltr'><strong>Vide</strong></span> <span class='ocrx_word' id='word_1_48' title='bbox 1278 1440 1345 1490; x_wconf 90' lang='lat' dir='ltr'><strong>ad</strong></span> <span class='ocrx_word' id='word_1_49' title='bbox 1369 1454 1409 1492; x_wconf 87' lang='lat'><strong>1.</strong></span> <span class='ocrx_word' id='word_1_50' title='bbox 1436 1440 1543 1492; x_wconf 89' lang='lat' dir='ltr'><strong>Od.</strong></span> <span class='ocrx_word' id='word_1_51' title='bbox 1566 1445 1617 1493; x_wconf 91' lang='lat'><strong>1.</strong></span> <span class='ocrx_word' id='word_1_52' title='bbox 1635 1444 1783 1491; x_wconf 77' lang='lat' dir='ltr'><strong>s.—8</strong></span> <span class='ocrx_word' id='word_1_53' title='bbox 1819 1440 1971 1491; x_wconf 88' lang='lat' dir='ltr'><strong>Harl.</strong></span> <span class='ocrx_word' id='word_1_54' title='bbox 1994 1444 2042 1490; x_wconf 88' lang='lat'><strong>1.</strong></span> <span class='ocrx_word' id='word_1_55' title='bbox 2064 1443 2114 1490; x_wconf 98' lang='grc'><strong>2.</strong></span> <span class='ocrx_word' id='word_1_56' title='bbox 2135 1444 2185 1489; x_wconf 75' lang='grc'><strong>3.</strong></span> <span class='ocrx_word' id='word_1_57' title='bbox 2202 1444 2254 1490; x_wconf 77' lang='grc'><strong>4.</strong></span> <span class='ocrx_word' id='word_1_58' title='bbox 2274 1445 2323 1490; x_wconf 72' lang='grc'><strong>5.</strong></span> <span class='ocrx_word' id='word_1_59' title='bbox 2345 1443 2396 1488; x_wconf 88' lang='grc'><strong>6.</strong></span> <span class='ocrx_word' id='word_1_60' title='bbox 2418 1437 2652 1495; x_wconf 68' lang='lat' dir='ltr'><strong>clienta,-</strong></span> <span class='ocrx_word' id='word_1_61' title='bbox 2674 1435 2745 1486; x_wconf 87' lang='lat' dir='ltr'><strong>ita</strong></span> 
     </span>
     <span class='ocr_line' id='line_1_10' title="bbox 537 1504 2745 1568; baseline -0.002 -14"><span class='ocrx_word' id='word_1_62' title='bbox 537 1506 697 1555; x_wconf 86' lang='lat' dir='ltr'><strong>etiam</strong></span> <span class='ocrx_word' id='word_1_63' title='bbox 721 1505 1001 1555; x_wconf 86' lang='lat' dir='ltr'><strong>Pulmauui</strong></span> <span class='ocrx_word' id='word_1_64' title='bbox 1021 1505 1200 1557; x_wconf 85' lang='lat' dir='ltr'><strong>Huun.</strong></span> <span class='ocrx_word' id='word_1_65' title='bbox 1221 1505 1493 1559; x_wconf 81' lang='lat' dir='ltr'><strong>Gemblac.</strong></span> <span class='ocrx_word' id='word_1_66' title='bbox 1512 1513 1561 1558; x_wconf 90' lang='lat'><strong>1.</strong></span> <span class='ocrx_word' id='word_1_67' title='bbox 1582 1513 1639 1557; x_wconf 90' lang='lat' dir='ltr'><strong>et</strong></span> <span class='ocrx_word' id='word_1_68' title='bbox 1660 1507 1859 1556; x_wconf 87' lang='lat' dir='ltr'><strong>Beller.</strong></span> <span class='ocrx_word' id='word_1_69' title='bbox 1884 1520 2015 1556; x_wconf 86' lang='lat' dir='ltr'><strong>uuus</strong></span> <span class='ocrx_word' id='word_1_70' title='bbox 2032 1504 2224 1555; x_wconf 90' lang='lat' dir='ltr'><strong>Bland.</strong></span> <span class='ocrx_word' id='word_1_71' title='bbox 2246 1505 2406 1568; x_wconf 86' lang='lat' dir='ltr'><strong>Cruq.</strong></span> <span class='ocrx_word' id='word_1_72' title='bbox 2428 1518 2460 1553; x_wconf 88' lang='lat' dir='ltr'><strong>a</strong></span> <span class='ocrx_word' id='word_1_73' title='bbox 2481 1517 2553 1553; x_wconf 87' lang='lat' dir='ltr'><strong>m.</strong></span> <span class='ocrx_word' id='word_1_74' title='bbox 2577 1516 2621 1552; x_wconf 92' lang='lat' dir='ltr'><strong>s.</strong></span> <span class='ocrx_word' id='word_1_75' title='bbox 2641 1514 2745 1550; x_wconf 86' lang='lat' dir='ltr'><strong>om·</strong></span> 
     </span>
     <span class='ocr_line' id='line_1_11' title="bbox 537 1567 2746 1638; baseline -0.001 -18"><span class='ocrx_word' id='word_1_76' title='bbox 537 1584 632 1620; x_wconf 87' lang='lat' dir='ltr'><strong>nes</strong></span> <span class='ocrx_word' id='word_1_77' title='bbox 648 1570 798 1620; x_wconf 82' lang='lat' dir='ltr'><strong>Torr.</strong></span> <span class='ocrx_word' id='word_1_78' title='bbox 822 1570 965 1635; x_wconf 86' lang='lat' dir='ltr'><strong>quid.</strong></span> <span class='ocrx_word' id='word_1_79' title='bbox 990 1571 1172 1623; x_wconf 79' lang='lat' dir='ltr'><strong>Lami).</strong></span> <span class='ocrx_word' id='word_1_80' title='bbox 1196 1571 1300 1623; x_wconf 85' lang='lat' dir='ltr'><strong>duo</strong></span> <span class='ocrx_word' id='word_1_81' title='bbox 1320 1573 1523 1624; x_wconf 86' lang='lat' dir='ltr'><strong>Bersm.</strong></span> <span class='ocrx_word' id='word_1_82' title='bbox 1548 1572 1662 1624; x_wconf 85' lang='lat' dir='ltr'><strong>Alt.</strong></span> <span class='ocrx_word' id='word_1_83' title='bbox 1686 1577 1734 1623; x_wconf 86' lang='lat'><strong>1.</strong></span> <span class='ocrx_word' id='word_1_84' title='bbox 1756 1570 1872 1638; x_wconf 89' lang='lat' dir='ltr'><strong>(qui</strong></span> <span class='ocrx_word' id='word_1_85' title='bbox 1896 1578 1953 1622; x_wconf 77' lang='lat' dir='ltr'><strong>e&#39;t</strong></span> <span class='ocrx_word' id='word_1_86' title='bbox 1973 1569 2132 1621; x_wconf 81' lang='lat' dir='ltr'><strong>habet</strong></span> <span class='ocrx_word' id='word_1_87' title='bbox 2156 1569 2362 1636; x_wconf 71' lang='lat' dir='ltr'><strong>honesti)</strong></span> <span class='ocrx_word' id='word_1_88' title='bbox 2377 1577 2433 1619; x_wconf 85' lang='lat' dir='ltr'><strong>et</strong></span> <span class='ocrx_word' id='word_1_89' title='bbox 2454 1572 2505 1619; x_wconf 85' lang='grc'><strong>2.</strong></span> <span class='ocrx_word' id='word_1_90' title='bbox 2528 1567 2683 1617; x_wconf 86' lang='lat' dir='ltr'><strong>Dess.</strong></span> <span class='ocrx_word' id='word_1_91' title='bbox 2701 1569 2746 1617; x_wconf 92' lang='lat'><strong>1.</strong></span> 
     </span>
     <span class='ocr_line' id='line_1_12' title="bbox 539 1633 2745 1704; baseline -0.002 -18"><span class='ocrx_word' id='word_1_92' title='bbox 539 1651 573 1686; x_wconf 89' lang='lat' dir='ltr'><strong>a</strong></span> <span class='ocrx_word' id='word_1_93' title='bbox 595 1650 664 1685; x_wconf 89' lang='lat' dir='ltr'><strong>m.</strong></span> <span class='ocrx_word' id='word_1_94' title='bbox 687 1650 727 1684; x_wconf 89' lang='lat' dir='ltr'><strong>s.</strong></span> <span class='ocrx_word' id='word_1_95' title='bbox 752 1643 808 1686; x_wconf 89' lang='lat' dir='ltr'><strong>et</strong></span> <span class='ocrx_word' id='word_1_96' title='bbox 823 1640 874 1687; x_wconf 89' lang='grc'><strong>2.</strong></span> <span class='ocrx_word' id='word_1_97' title='bbox 901 1636 1039 1700; x_wconf 79' lang='lat' dir='ltr'><strong>Lips.</strong></span> <span class='ocrx_word' id='word_1_98' title='bbox 1062 1641 1111 1687; x_wconf 87' lang='lat'><strong>1.</strong></span> <span class='ocrx_word' id='word_1_99' title='bbox 1133 1653 1164 1687; x_wconf 89' lang='lat' dir='ltr'><strong>a</strong></span> <span class='ocrx_word' id='word_1_100' title='bbox 1186 1652 1253 1689; x_wconf 90' lang='lat' dir='ltr'><strong>m.</strong></span> <span class='ocrx_word' id='word_1_101' title='bbox 1277 1653 1320 1689; x_wconf 89' lang='lat' dir='ltr'><strong>s.</strong></span> <span class='ocrx_word' id='word_1_102' title='bbox 1339 1637 1484 1704; x_wconf 85' lang='lat' dir='ltr'><strong>Lips.</strong></span> <span class='ocrx_word' id='word_1_103' title='bbox 1503 1643 1553 1690; x_wconf 90' lang='grc'><strong>2.</strong></span> <span class='ocrx_word' id='word_1_104' title='bbox 1579 1643 1630 1691; x_wconf 77' lang='grc'><strong>3.</strong></span> <span class='ocrx_word' id='word_1_105' title='bbox 1652 1642 1705 1689; x_wconf 79' lang='grc'><strong>4.</strong></span> <span class='ocrx_word' id='word_1_106' title='bbox 1731 1638 1855 1688; x_wconf 81' lang='lat' dir='ltr'><strong>zar.</strong></span> <span class='ocrx_word' id='word_1_107' title='bbox 1881 1637 2018 1689; x_wconf 83' lang='lat' dir='ltr'><strong>Flor.</strong></span> <span class='ocrx_word' id='word_1_108' title='bbox 2042 1639 2189 1687; x_wconf 82' lang='grc'><strong>1482.</strong></span> <span class='ocrx_word' id='word_1_109' title='bbox 2212 1636 2338 1687; x_wconf 83' lang='lat' dir='ltr'><strong>Vet.</strong></span> <span class='ocrx_word' id='word_1_110' title='bbox 2355 1633 2540 1685; x_wconf 86' lang='lat' dir='ltr'><strong>Comb.</strong></span> <span class='ocrx_word' id='word_1_111' title='bbox 2564 1633 2745 1682; x_wconf 84' lang='lat' dir='ltr'><strong>Venet.</strong></span> 
     </span>
     <span class='ocr_line' id='line_1_13' title="bbox 541 1697 2749 1769; baseline -0.002 -18"><span class='ocrx_word' id='word_1_112' title='bbox 541 1704 688 1753; x_wconf 81' lang='grc'><strong>1492.</strong></span> <span class='ocrx_word' id='word_1_113' title='bbox 723 1699 851 1753; x_wconf 86' lang='lat' dir='ltr'><strong>Asc.</strong></span> <span class='ocrx_word' id='word_1_114' title='bbox 878 1700 1102 1752; x_wconf 85' lang='lat' dir='ltr'><strong>Locher.</strong></span> <span class='ocrx_word' id='word_1_115' title='bbox 1166 1702 1302 1754; x_wconf 87' lang='lat' dir='ltr'><strong>‘Sed</strong></span> <span class='ocrx_word' id='word_1_116' title='bbox 1328 1711 1524 1769; x_wconf 81' lang='lat' dir='ltr'><strong>proeter</strong></span> <span class='ocrx_word' id='word_1_117' title='bbox 1566 1703 1939 1755; x_wconf 85' lang='lat' dir='ltr'><strong>auctoritatem</strong></span> <span class='ocrx_word' id='word_1_118' title='bbox 1980 1701 2318 1766; x_wconf 82' lang='lat' dir='ltr'><strong>plurimorum</strong></span> <span class='ocrx_word' id='word_1_119' title='bbox 2343 1715 2403 1750; x_wconf 89' lang='lat' dir='ltr'><strong>ac</strong></span> <span class='ocrx_word' id='word_1_120' title='bbox 2429 1697 2749 1764; x_wconf 84' lang='lat' dir='ltr'><strong>praestantis·</strong></span> 
     </span>
     <span class='ocr_line' id='line_1_14' title="bbox 540 1763 2788 1837; baseline -0.001 -23"><span class='ocrx_word' id='word_1_121' title='bbox 540 1766 784 1816; x_wconf 87' lang='lat' dir='ltr'><strong>simorum</strong></span> <span class='ocrx_word' id='word_1_122' title='bbox 824 1766 979 1818; x_wconf 83' lang='lat' dir='ltr'><strong>codd.</strong></span> <span class='ocrx_word' id='word_1_123' title='bbox 1020 1767 1185 1819; x_wconf 85' lang='lat' dir='ltr'><strong>multo</strong></span> <span class='ocrx_word' id='word_1_124' title='bbox 1220 1770 1379 1819; x_wconf 81' lang='lat' dir='ltr'><strong>etiam</strong></span> <span class='ocrx_word' id='word_1_125' title='bbox 1420 1769 1727 1837; x_wconf 78' lang='lat' dir='ltr'><strong>exquisitius</strong></span> <span class='ocrx_word' id='word_1_126' title='bbox 1769 1775 1827 1819; x_wconf 90' lang='lat' dir='ltr'><strong>et</strong></span> <span class='ocrx_word' id='word_1_127' title='bbox 1869 1768 2134 1818; x_wconf 73' lang='lat' dir='ltr'><strong>venustius</strong></span> <span class='ocrx_word' id='word_1_128' title='bbox 2171 1772 2252 1817; x_wconf 89' lang='lat' dir='ltr'><strong>est</strong></span> <span class='ocrx_word' id='word_1_129' title='bbox 2283 1764 2510 1817; x_wconf 60' lang='lat' dir='ltr'><strong>clientoel</strong></span> <span class='ocrx_word' id='word_1_130' title='bbox 2543 1763 2579 1816; x_wconf 85' lang='lat' dir='ltr'><strong>J</strong></span> <span class='ocrx_word' id='word_1_131' title='bbox 2584 1763 2749 1815; x_wconf 88' lang='lat' dir='ltr'><strong>ani.—</strong></span> <span class='ocrx_word' id='word_1_132' title='bbox 2778 1782 2788 1790; x_wconf 47' lang='lat'>⁸</span> 
     </span>
     <span class='ocr_line' id='line_1_15' title="bbox 538 1830 2749 1903; baseline -0.001 -22"><span class='ocrx_word' id='word_1_133' title='bbox 538 1836 575 1881; x_wconf 80' lang='lat'>9</span> <span class='ocrx_word' id='word_1_134' title='bbox 607 1832 854 1882; x_wconf 73' lang='lat' dir='ltr'><strong>Heinsius</strong></span> <span class='ocrx_word' id='word_1_135' title='bbox 891 1833 1081 1885; x_wconf 85' lang='lat' dir='ltr'><strong>scribit</strong></span> <span class='ocrx_word' id='word_1_136' title='bbox 1117 1835 1327 1903; x_wconf 63' lang='lat' dir='ltr'><strong>ingenii,</strong></span> <span class='ocrx_word' id='word_1_137' title='bbox 1364 1848 1431 1886; x_wconf 85' lang='lat' dir='ltr'><strong>ex</strong></span> <span class='ocrx_word' id='word_1_138' title='bbox 1468 1834 1776 1902; x_wconf 81' lang='lat' dir='ltr'><strong>quibusdam</strong></span> <span class='ocrx_word' id='word_1_139' title='bbox 1805 1833 1961 1885; x_wconf 86' lang='lat' dir='ltr'><strong>codd.</strong></span> <span class='ocrx_word' id='word_1_140' title='bbox 2014 1836 2069 1884; x_wconf 79' lang='lat' dir='ltr'><strong>at</strong></span> <span class='ocrx_word' id='word_1_141' title='bbox 2103 1830 2271 1897; x_wconf 75' lang='lat' dir='ltr'><strong>ingeni</strong></span> <span class='ocrx_word' id='word_1_142' title='bbox 2294 1831 2432 1896; x_wconf 87' lang='lat' dir='ltr'><strong>conj.</strong></span> <span class='ocrx_word' id='word_1_143' title='bbox 2460 1830 2749 1895; x_wconf 90' lang='lat' dir='ltr'><strong>Cuning.-</strong></span> 
     </span>
    </p>
   </div>
   <div class='ocr_carea' id='block_1_6' title="bbox 1536 1964 1753 2018">
    <p class='ocr_par' dir='ltr' id='par_1_6' title="bbox 1536 1964 1753 2018">
     <span class='ocr_line' id='line_1_16' title="bbox 1536 1964 1753 2018; baseline -0.005 -1"><span class='ocrx_word' id='word_1_144' title='bbox 1536 1964 1753 2018; x_wconf 79' lang='lat' dir='ltr'><strong>NOTAE</strong></span> 
     </span>
    </p>
   </div>
   <div class='ocr_carea' id='block_1_7' title="bbox 540 2057 2760 2442">
    <p class='ocr_par' dir='ltr' id='par_1_7' title="bbox 540 2057 2760 2442">
     <span class='ocr_line' id='line_1_17' title="bbox 542 2057 2760 2132; baseline -0.003 -17"><span class='ocrx_word' id='word_1_145' title='bbox 542 2066 679 2132; x_wconf 89' lang='lat' dir='ltr'><strong>quit,</strong></span> <span class='ocrx_word' id='word_1_146' title='bbox 724 2065 739 2092; x_wconf 90' lang='lat'>‘</span> <span class='ocrx_word' id='word_1_147' title='bbox 763 2063 895 2128; x_wconf 81' lang='lat' dir='ltr'><strong>regii</strong></span> <span class='ocrx_word' id='word_1_148' title='bbox 928 2065 1193 2129; x_wconf 74' lang='lat' dir='ltr'><strong>sanguinis</strong></span> <span class='ocrx_word' id='word_1_149' title='bbox 1220 2063 1373 2115; x_wconf 84' lang='lat' dir='ltr'><strong>ferox</strong></span> <span class='ocrx_word' id='word_1_150' title='bbox 1397 2064 1608 2129; x_wconf 75' lang='lat' dir='ltr'><strong>Juvenis</strong></span> <span class='ocrx_word' id='word_1_151' title='bbox 1687 2064 1892 2130; x_wconf 74' lang='lat' dir='ltr'><strong>Tyrias,</strong></span> <span class='ocrx_word' id='word_1_152' title='bbox 1931 2061 2290 2128; x_wconf 73' lang='lat' dir='ltr'><strong>dibaphasque</strong></span> <span class='ocrx_word' id='word_1_153' title='bbox 2340 2067 2397 2111; x_wconf 87' lang='lat' dir='ltr'><strong>et</strong></span> <span class='ocrx_word' id='word_1_154' title='bbox 2442 2057 2760 2122; x_wconf 71' lang='lat' dir='ltr'><strong>Laconicas:</strong></span> 
     </span>
     <span class='ocr_line' id='line_1_18' title="bbox 540 2136 2757 2208; baseline -0.004 -16"><span class='ocrx_word' id='word_1_155' title='bbox 540 2143 696 2192; x_wconf 84' lang='lat' dir='ltr'><strong>urbes</strong></span> <span class='ocrx_word' id='word_1_156' title='bbox 735 2141 944 2206; x_wconf 84' lang='lat' dir='ltr'><strong>regibus</strong></span> <span class='ocrx_word' id='word_1_157' title='bbox 982 2155 1179 2206; x_wconf 84' lang='lat' dir='ltr'><strong>parere</strong></span> <span class='ocrx_word' id='word_1_158' title='bbox 1191 2151 1467 2194; x_wconf 86' lang='lat' dir='ltr'><strong>consuetas</strong></span> <span class='ocrx_word' id='word_1_159' title='bbox 1491 2156 1611 2208; x_wconf 86' lang='lat' dir='ltr'><strong>par·</strong></span> <span class='ocrx_word' id='word_1_160' title='bbox 1689 2144 1793 2192; x_wconf 73' lang='grc' dir='ltr'><strong>διο.</strong></span> <span class='ocrx_word' id='word_1_161' title='bbox 1811 2140 1882 2192; x_wconf 89' lang='lat' dir='ltr'><strong>Et</strong></span> <span class='ocrx_word' id='word_1_162' title='bbox 1896 2136 2076 2191; x_wconf 63' lang='lat' dir='ltr'>xxxv}</span> <span class='ocrx_word' id='word_1_163' title='bbox 2087 2143 2138 2191; x_wconf 84' lang='lat'><strong>6.</strong></span> <span class='ocrx_word' id='word_1_164' title='bbox 2160 2143 2177 2169; x_wconf 90' lang='lat'>‘</span> <span class='ocrx_word' id='word_1_165' title='bbox 2195 2139 2241 2189; x_wconf 87' lang='lat' dir='ltr'><strong>E</strong></span> <span class='ocrx_word' id='word_1_166' title='bbox 2258 2137 2464 2205; x_wconf 85' lang='lat' dir='ltr'><strong>liquidis</strong></span> <span class='ocrx_word' id='word_1_167' title='bbox 2482 2136 2757 2199; x_wconf 86' lang='lat' dir='ltr'><strong>coloribus,</strong></span> 
     </span>
     <span class='ocr_line' id='line_1_19' title="bbox 542 2217 2760 2287; baseline -0.002 -17"><span class='ocrx_word' id='word_1_168' title='bbox 542 2221 638 2270; x_wconf 86' lang='lat' dir='ltr'><strong>tim</strong></span> <span class='ocrx_word' id='word_1_169' title='bbox 678 2219 940 2270; x_wconf 82' lang='lat' dir='ltr'><strong>solicitat:</strong></span> <span class='ocrx_word' id='word_1_170' title='bbox 976 2230 1170 2284; x_wconf 81' lang='lat' dir='ltr'><strong>paucas</strong></span> <span class='ocrx_word' id='word_1_171' title='bbox 1210 2220 1519 2271; x_wconf 82' lang='lat' dir='ltr'><strong>resistentes</strong></span> <span class='ocrx_word' id='word_1_172' title='bbox 1557 2219 1611 2270; x_wconf 86' lang='lat' dir='ltr'><strong>vi</strong></span> <span class='ocrx_word' id='word_1_173' title='bbox 1693 2234 1821 2287; x_wconf 87' lang='lat' dir='ltr'><strong>quos</strong></span> <span class='ocrx_word' id='word_1_174' title='bbox 1844 2235 1875 2270; x_wconf 86' lang='lat' dir='ltr'><strong>a</strong></span> <span class='ocrx_word' id='word_1_175' title='bbox 1905 2218 2127 2269; x_wconf 89' lang='lat' dir='ltr'><strong>dominis</strong></span> <span class='ocrx_word' id='word_1_176' title='bbox 2150 2217 2265 2268; x_wconf 89' lang='lat' dir='ltr'><strong>dari</strong></span> <span class='ocrx_word' id='word_1_177' title='bbox 2289 2217 2511 2267; x_wconf 81' lang='lat' dir='ltr'><strong>diximus</strong></span> <span class='ocrx_word' id='word_1_178' title='bbox 2546 2223 2760 2282; x_wconf 81' lang='lat' dir='ltr'><strong>propter</strong></span> 
     </span>
     <span class='ocr_line' id='line_1_20' title="bbox 544 2295 2757 2363; baseline -0.002 -16"><span class='ocrx_word' id='word_1_179' title='bbox 544 2297 747 2362; x_wconf 81' lang='lat' dir='ltr'><strong>recepit</strong></span> <span class='ocrx_word' id='word_1_180' title='bbox 764 2313 782 2344; x_wconf 75' lang='lat' dir='ltr'>t</span> <span class='ocrx_word' id='word_1_181' title='bbox 818 2297 993 2347; x_wconf 83' lang='lat' dir='ltr'><strong>Crassi</strong></span> <span class='ocrx_word' id='word_1_182' title='bbox 1018 2311 1223 2362; x_wconf 86' lang='lat' dir='ltr'><strong>quoque</strong></span> <span class='ocrx_word' id='word_1_183' title='bbox 1247 2297 1501 2348; x_wconf 81' lang='lat' dir='ltr'><strong>Praetoris</strong></span> <span class='ocrx_word' id='word_1_184' title='bbox 1523 2312 1612 2349; x_wconf 89' lang='lat' dir='ltr'><strong>ce·</strong></span> <span class='ocrx_word' id='word_1_185' title='bbox 1692 2295 2101 2363; x_wconf 73' lang='lat' dir='ltr'><strong>magnitudinem</strong></span> <span class='ocrx_word' id='word_1_186' title='bbox 2125 2295 2303 2362; x_wconf 86' lang='lat' dir='ltr'><strong>pretii,</strong></span> <span class='ocrx_word' id='word_1_187' title='bbox 2331 2302 2455 2344; x_wconf 85' lang='lat' dir='ltr'><strong>aute</strong></span> <span class='ocrx_word' id='word_1_188' title='bbox 2479 2304 2660 2345; x_wconf 84' lang='lat' dir='ltr'><strong>omnes</strong></span> <span class='ocrx_word' id='word_1_189' title='bbox 2679 2299 2757 2343; x_wconf 84' lang='lat' dir='ltr'><strong>est</strong></span> 
     </span>
     <span class='ocr_line' id='line_1_21' title="bbox 545 2370 2759 2442; baseline -0.003 -15"><span class='ocrx_word' id='word_1_190' title='bbox 545 2375 676 2427; x_wconf 82' lang='lat' dir='ltr'><strong>cidit</strong></span> <span class='ocrx_word' id='word_1_191' title='bbox 696 2375 984 2426; x_wconf 81' lang='lat' dir='ltr'><strong>exercitum</strong></span> <span class='ocrx_word' id='word_1_192' title='bbox 1006 2411 1021 2426; x_wconf 94' lang='lat'><strong>.</strong></span> <span class='ocrx_word' id='word_1_193' title='bbox 1048 2408 1061 2426; x_wconf 88' lang='grc'><strong>.</strong></span> <span class='ocrx_word' id='word_1_194' title='bbox 1084 2411 1098 2427; x_wconf 96' lang='grc'><strong>.</strong></span> <span class='ocrx_word' id='word_1_195' title='bbox 1126 2411 1140 2428; x_wconf 93' lang='grc'><strong>.</strong></span> <span class='ocrx_word' id='word_1_196' title='bbox 1176 2391 1297 2427; x_wconf 85' lang='lat' dir='ltr'><strong>mox</strong></span> <span class='ocrx_word' id='word_1_197' title='bbox 1322 2392 1354 2427; x_wconf 87' lang='lat' dir='ltr'><strong>a</strong></span> <span class='ocrx_word' id='word_1_198' title='bbox 1377 2378 1614 2442; x_wconf 82' lang='lat' dir='ltr'><strong>Perpen·</strong></span> <span class='ocrx_word' id='word_1_199' title='bbox 1692 2374 2059 2441; x_wconf 78' lang='lat' dir='ltr'><strong>purpurissum</strong></span> <span class='ocrx_word' id='word_1_200' title='bbox 2097 2408 2111 2425; x_wconf 96' lang='lat'><strong>.</strong></span> <span class='ocrx_word' id='word_1_201' title='bbox 2135 2407 2150 2425; x_wconf 94' lang='lat'><strong>.</strong></span> <span class='ocrx_word' id='word_1_202' title='bbox 2174 2408 2188 2424; x_wconf 94' lang='lat'><strong>.</strong></span> <span class='ocrx_word' id='word_1_203' title='bbox 2216 2408 2231 2424; x_wconf 93' lang='lat'><strong>.</strong></span> <span class='ocrx_word' id='word_1_204' title='bbox 2262 2373 2508 2422; x_wconf 83' lang='lat' dir='ltr'><strong>laudatur</strong></span> <span class='ocrx_word' id='word_1_205' title='bbox 2546 2370 2759 2422; x_wconf 84' lang='lat' dir='ltr'><strong>Laconi·</strong></span> 
     </span>
    </p>
   </div>
   <div class='ocr_carea' id='block_1_8' title="bbox 546 2454 1632 4383">
    <p class='ocr_par' dir='ltr' id='par_1_8' title="bbox 546 2454 1617 2752">
     <span class='ocr_line' id='line_1_22' title="bbox 546 2454 1614 2522; baseline 0.002 -18"><span class='ocrx_word' id='word_1_206' title='bbox 546 2469 615 2505; x_wconf 85' lang='lat' dir='ltr'><strong>na</strong></span> <span class='ocrx_word' id='word_1_207' title='bbox 653 2454 878 2506; x_wconf 83' lang='lat' dir='ltr'><strong>domitus</strong></span> <span class='ocrx_word' id='word_1_208' title='bbox 915 2462 971 2508; x_wconf 90' lang='lat' dir='ltr'><strong>et</strong></span> <span class='ocrx_word' id='word_1_209' title='bbox 1005 2461 1188 2521; x_wconf 83' lang='lat' dir='ltr'><strong>captus</strong></span> <span class='ocrx_word' id='word_1_210' title='bbox 1213 2489 1227 2505; x_wconf 84' lang='lat'><strong>.</strong></span> <span class='ocrx_word' id='word_1_211' title='bbox 1253 2490 1268 2507; x_wconf 92' lang='lat'><strong>.</strong></span> <span class='ocrx_word' id='word_1_212' title='bbox 1293 2490 1306 2506; x_wconf 90' lang='lat'><strong>.</strong></span> <span class='ocrx_word' id='word_1_213' title='bbox 1332 2491 1346 2508; x_wconf 93' lang='lat'><strong>.</strong></span> <span class='ocrx_word' id='word_1_214' title='bbox 1371 2454 1614 2522; x_wconf 86' lang='lat' dir='ltr'><strong>Aquilius</strong></span> 
     </span>
     <span class='ocr_line' id='line_1_23' title="bbox 548 2531 1614 2604; baseline 0 -22"><span class='ocrx_word' id='word_1_215' title='bbox 548 2531 772 2604; x_wconf 40' lang='lat' dir='ltr'><strong>*asiatici</strong></span> <span class='ocrx_word' id='word_1_216' title='bbox 791 2531 915 2584; x_wconf 88' lang='lat' dir='ltr'><strong>belli</strong></span> <span class='ocrx_word' id='word_1_217' title='bbox 934 2533 1177 2599; x_wconf 88' lang='lat' dir='ltr'><strong>reliquias</strong></span> <span class='ocrx_word' id='word_1_218' title='bbox 1199 2532 1462 2596; x_wconf 82' lang='lat' dir='ltr'><strong>confecit;</strong></span> <span class='ocrx_word' id='word_1_219' title='bbox 1484 2533 1614 2583; x_wconf 85' lang='lat' dir='ltr'><strong>mix-</strong></span> 
     </span>
     <span class='ocr_line' id='line_1_24' title="bbox 548 2607 1617 2676; baseline 0.001 -16"><span class='ocrx_word' id='word_1_220' title='bbox 548 2609 617 2660; x_wconf 85' lang='lat' dir='ltr'><strong>tis</strong></span> <span class='ocrx_word' id='word_1_221' title='bbox 655 2607 854 2676; x_wconf 85' lang='lat' dir='ltr'><strong>(nefas)</strong></span> <span class='ocrx_word' id='word_1_222' title='bbox 893 2625 1093 2661; x_wconf 87' lang='lat' dir='ltr'><strong>veneno</strong></span> <span class='ocrx_word' id='word_1_223' title='bbox 1118 2608 1353 2660; x_wconf 85' lang='lat' dir='ltr'><strong>fontibus</strong></span> <span class='ocrx_word' id='word_1_224' title='bbox 1379 2610 1447 2661; x_wconf 75' lang='lat' dir='ltr'><strong>ad</strong></span> <span class='ocrx_word' id='word_1_225' title='bbox 1468 2609 1617 2661; x_wconf 85' lang='lat' dir='ltr'><strong>dedi-</strong></span> 
     </span>
     <span class='ocr_line' id='line_1_25' title="bbox 549 2684 1483 2752; baseline 0.002 -17"><span class='ocrx_word' id='word_1_226' title='bbox 549 2685 746 2736; x_wconf 87' lang='lat' dir='ltr'><strong>tionem</strong></span> <span class='ocrx_word' id='word_1_227' title='bbox 767 2686 1094 2752; x_wconf 85' lang='lat' dir='ltr'><strong>quarundam</strong></span> <span class='ocrx_word' id='word_1_228' title='bbox 1117 2684 1363 2750; x_wconf 85' lang='lat' dir='ltr'><strong>urbium,&#39;</strong></span> <span class='ocrx_word' id='word_1_229' title='bbox 1383 2690 1483 2737; x_wconf 68' lang='grc' dir='ltr'><strong>διε.</strong></span> 
     </span>
    </p>

    <p class='ocr_par' dir='ltr' id='par_1_9' title="bbox 548 2764 1632 4383">
     <span class='ocr_line' id='line_1_26' title="bbox 615 2764 1617 2818; baseline 0.002 -2"><span class='ocrx_word' id='word_1_230' title='bbox 615 2770 648 2816; x_wconf 83' lang='grc'><strong>7</strong></span> <span class='ocrx_word' id='word_1_231' title='bbox 686 2766 792 2817; x_wconf 82' lang='lat' dir='ltr'><strong>Nec</strong></span> <span class='ocrx_word' id='word_1_232' title='bbox 827 2764 1088 2817; x_wconf 75' lang='lat' dir='ltr'><strong>Laconicus</strong></span> <span class='ocrx_word' id='word_1_233' title='bbox 1130 2767 1250 2817; x_wconf 71' lang='lat' dir='ltr'><strong>mihi</strong></span> <span class='ocrx_word' id='word_1_234' title='bbox 1290 2768 1508 2818; x_wconf 67' lang='grc' dir='ltr'><strong>ΤπιΙιιιιιέ</strong></span> <span class='ocrx_word' id='word_1_235' title='bbox 1535 2767 1617 2817; x_wconf 79' lang='lat' dir='ltr'><strong>lto-</strong></span> 
     </span>
     <span class='ocr_line' id='line_1_27' title="bbox 549 2841 1618 2908; baseline 0.005 -16"><span class='ocrx_word' id='word_1_236' title='bbox 549 2848 698 2893; x_wconf 75' lang='lat' dir='ltr'><strong>voestoe</strong></span> <span class='ocrx_word' id='word_1_237' title='bbox 734 2856 974 2908; x_wconf 77' lang='lat' dir='ltr'><strong>purpuras</strong></span> <span class='ocrx_word' id='word_1_238' title='bbox 1016 2844 1225 2908; x_wconf 75' lang='lat' dir='ltr'><strong>clientoe]</strong></span> <span class='ocrx_word' id='word_1_239' title='bbox 1290 2844 1407 2895; x_wconf 86' lang='lat' dir='ltr'><strong>Nec</strong></span> <span class='ocrx_word' id='word_1_240' title='bbox 1449 2841 1618 2897; x_wconf 83' lang='lat' dir='ltr'><strong>habeo</strong></span> 
     </span>
     <span class='ocr_line' id='line_1_28' title="bbox 548 2919 1619 2988; baseline 0.004 -18"><span class='ocrx_word' id='word_1_241' title='bbox 548 2919 788 2984; x_wconf 83' lang='lat' dir='ltr'><strong>clientes,</strong></span> <span class='ocrx_word' id='word_1_242' title='bbox 809 2935 937 2987; x_wconf 88' lang='lat' dir='ltr'><strong>quos</strong></span> <span class='ocrx_word' id='word_1_243' title='bbox 959 2921 1054 2971; x_wconf 91' lang='lat' dir='ltr'><strong>soli</strong></span> <span class='ocrx_word' id='word_1_244' title='bbox 1078 2920 1265 2972; x_wconf 85' lang='lat' dir='ltr'><strong>divites</strong></span> <span class='ocrx_word' id='word_1_245' title='bbox 1288 2937 1349 2973; x_wconf 83' lang='lat' dir='ltr'><strong>ac</strong></span> <span class='ocrx_word' id='word_1_246' title='bbox 1373 2928 1619 2988; x_wconf 88' lang='lat' dir='ltr'><strong>potentes</strong></span> 
     </span>
     <span class='ocr_line' id='line_1_29' title="bbox 549 2997 1621 3052; baseline 0.005 -5"><span class='ocrx_word' id='word_1_247' title='bbox 549 2997 783 3049; x_wconf 83' lang='lat' dir='ltr'><strong>habent:</strong></span> <span class='ocrx_word' id='word_1_248' title='bbox 819 3012 918 3048; x_wconf 87' lang='lat' dir='ltr'><strong>uec</strong></span> <span class='ocrx_word' id='word_1_249' title='bbox 961 2997 1094 3048; x_wconf 85' lang='lat' dir='ltr'><strong>adeo</strong></span> <span class='ocrx_word' id='word_1_250' title='bbox 1127 2997 1396 3049; x_wconf 88' lang='lat' dir='ltr'><strong>clientium</strong></span> <span class='ocrx_word' id='word_1_251' title='bbox 1430 3014 1621 3052; x_wconf 83' lang='lat' dir='ltr'><strong>uxores</strong></span> 
     </span>
     <span class='ocr_line' id='line_1_30' title="bbox 551 3078 1622 3145; baseline 0.005 -18"><span class='ocrx_word' id='word_1_252' title='bbox 551 3084 681 3128; x_wconf 88' lang='lat' dir='ltr'><strong>nent</strong></span> <span class='ocrx_word' id='word_1_253' title='bbox 702 3078 825 3128; x_wconf 88' lang='lat' dir='ltr'><strong>mihi</strong></span> <span class='ocrx_word' id='word_1_254' title='bbox 848 3078 1012 3142; x_wconf 88' lang='lat' dir='ltr'><strong>lanas,</strong></span> <span class='ocrx_word' id='word_1_255' title='bbox 1031 3093 1060 3129; x_wconf 97' lang='lat' dir='ltr'><strong>e</strong></span> <span class='ocrx_word' id='word_1_256' title='bbox 1079 3078 1264 3144; x_wconf 88' lang='lat' dir='ltr'><strong>quibus</strong></span> <span class='ocrx_word' id='word_1_257' title='bbox 1282 3095 1482 3145; x_wconf 88' lang='lat' dir='ltr'><strong>pannus</strong></span> <span class='ocrx_word' id='word_1_258' title='bbox 1500 3095 1622 3132; x_wconf 91' lang='lat' dir='ltr'><strong>con·</strong></span> 
     </span>
     <span class='ocr_line' id='line_1_31' title="bbox 551 3154 1622 3223; baseline 0.005 -18"><span class='ocrx_word' id='word_1_259' title='bbox 551 3154 744 3219; x_wconf 81' lang='lat' dir='ltr'><strong>fectus,</strong></span> <span class='ocrx_word' id='word_1_260' title='bbox 767 3171 827 3206; x_wconf 88' lang='lat' dir='ltr'><strong>ac</strong></span> <span class='ocrx_word' id='word_1_261' title='bbox 849 3154 1077 3206; x_wconf 83' lang='lat' dir='ltr'><strong>imbutus</strong></span> <span class='ocrx_word' id='word_1_262' title='bbox 1098 3156 1309 3208; x_wconf 83' lang='lat' dir='ltr'><strong>humore</strong></span> <span class='ocrx_word' id='word_1_263' title='bbox 1330 3158 1487 3223; x_wconf 86' lang='lat' dir='ltr'><strong>piscis</strong></span> <span class='ocrx_word' id='word_1_264' title='bbox 1510 3174 1622 3210; x_wconf 89' lang='lat' dir='ltr'><strong>mu·</strong></span> 
     </span>
     <span class='ocr_line' id='line_1_32' title="bbox 556 3231 1623 3302; baseline 0.007 -21"><span class='ocrx_word' id='word_1_265' title='bbox 556 3232 696 3297; x_wconf 83' lang='lat' dir='ltr'><strong>ricis,</strong></span> <span class='ocrx_word' id='word_1_266' title='bbox 721 3231 784 3282; x_wconf 92' lang='lat' dir='ltr'><strong>ad</strong></span> <span class='ocrx_word' id='word_1_267' title='bbox 809 3231 1085 3285; x_wconf 75' lang='lat' dir='ltr'><strong>Taenarum</strong></span> <span class='ocrx_word' id='word_1_268' title='bbox 1110 3234 1353 3286; x_wconf 80' lang='lat' dir='ltr'><strong>Laconiae</strong></span> <span class='ocrx_word' id='word_1_269' title='bbox 1377 3251 1623 3302; x_wconf 84' lang='lat' dir='ltr'><strong>promon-</strong></span> 
     </span>
     <span class='ocr_line' id='line_1_33' title="bbox 556 3309 1624 3377; baseline 0.005 -18"><span class='ocrx_word' id='word_1_270' title='bbox 556 3309 749 3361; x_wconf 87' lang='lat' dir='ltr'><strong>torium</strong></span> <span class='ocrx_word' id='word_1_271' title='bbox 774 3309 936 3374; x_wconf 89' lang='lat' dir='ltr'><strong>capti,</strong></span> <span class='ocrx_word' id='word_1_272' title='bbox 968 3311 1276 3377; x_wconf 84' lang='lat' dir='ltr'><strong>suppeditet</strong></span> <span class='ocrx_word' id='word_1_273' title='bbox 1299 3313 1421 3363; x_wconf 85' lang='lat' dir='ltr'><strong>mihi</strong></span> <span class='ocrx_word' id='word_1_274' title='bbox 1445 3319 1624 3364; x_wconf 85' lang='lat' dir='ltr'><strong>vestes</strong></span> 
     </span>
     <span class='ocr_line' id='line_1_34' title="bbox 553 3389 1628 3457; baseline 0.004 -20"><span class='ocrx_word' id='word_1_275' title='bbox 553 3389 843 3451; x_wconf 83' lang='lat' dir='ltr'><strong>purpureas</strong></span> <span class='ocrx_word' id='word_1_276' title='bbox 889 3402 1079 3454; x_wconf 87' lang='lat' dir='ltr'><strong>easque</strong></span> <span class='ocrx_word' id='word_1_277' title='bbox 1124 3389 1277 3440; x_wconf 85' lang='lat' dir='ltr'><strong>valde</strong></span> <span class='ocrx_word' id='word_1_278' title='bbox 1323 3390 1628 3457; x_wconf 87' lang='lat' dir='ltr'><strong>exquisitas,</strong></span> 
     </span>
     <span class='ocr_line' id='line_1_35' title="bbox 557 3463 1626 3531; baseline 0.005 -19"><span class='ocrx_word' id='word_1_279' title='bbox 557 3477 674 3529; x_wconf 80' lang='lat' dir='ltr'><strong>quae</strong></span> <span class='ocrx_word' id='word_1_280' title='bbox 721 3463 787 3513; x_wconf 90' lang='lat' dir='ltr'><strong>ad</strong></span> <span class='ocrx_word' id='word_1_281' title='bbox 828 3464 966 3515; x_wconf 87' lang='lat' dir='ltr'><strong>solos</strong></span> <span class='ocrx_word' id='word_1_282' title='bbox 999 3465 1219 3530; x_wconf 83' lang='lat' dir='ltr'><strong>nobiles,</strong></span> <span class='ocrx_word' id='word_1_283' title='bbox 1248 3465 1533 3531; x_wconf 79' lang='lat' dir='ltr'><strong>Patricius,</strong></span> <span class='ocrx_word' id='word_1_284' title='bbox 1563 3482 1626 3518; x_wconf 88' lang='lat' dir='ltr'><strong>ac</strong></span> 
     </span>
     <span class='ocr_line' id='line_1_36' title="bbox 555 3541 1625 3607; baseline 0.003 -16"><span class='ocrx_word' id='word_1_285' title='bbox 555 3541 906 3606; x_wconf 80' lang='lat' dir='ltr'><strong>Magistratus</strong></span> <span class='ocrx_word' id='word_1_286' title='bbox 959 3542 1243 3607; x_wconf 82' lang='lat' dir='ltr'><strong>pertinent.</strong></span> <span class='ocrx_word' id='word_1_287' title='bbox 1313 3543 1426 3595; x_wconf 85' lang='lat' dir='ltr'><strong>Cic.</strong></span> <span class='ocrx_word' id='word_1_288' title='bbox 1469 3543 1625 3594; x_wconf 82' lang='lat' dir='ltr'><strong>Verr.</strong></span> 
     </span>
     <span class='ocr_line' id='line_1_37' title="bbox 556 3618 1625 3686; baseline 0.001 -18"><span class='ocrx_word' id='word_1_289' title='bbox 556 3631 634 3668; x_wconf 77' lang='lat' dir='ltr'><strong>xv.</strong></span> <span class='ocrx_word' id='word_1_290' title='bbox 655 3633 706 3668; x_wconf 89' lang='grc' dir='ltr'><strong>ιι.</strong></span> <span class='ocrx_word' id='word_1_291' title='bbox 727 3624 812 3671; x_wconf 82' lang='grc'><strong>59.</strong></span> <span class='ocrx_word' id='word_1_292' title='bbox 847 3625 861 3649; x_wconf 84' lang='lat'>‘</span> <span class='ocrx_word' id='word_1_293' title='bbox 876 3618 1004 3685; x_wconf 86' lang='lat' dir='ltr'><strong>Ipse</strong></span> <span class='ocrx_word' id='word_1_294' title='bbox 1029 3619 1188 3670; x_wconf 82' lang='lat' dir='ltr'><strong>dabat</strong></span> <span class='ocrx_word' id='word_1_295' title='bbox 1210 3632 1490 3686; x_wconf 79' lang='lat' dir='ltr'><strong>purpuram</strong></span> <span class='ocrx_word' id='word_1_296' title='bbox 1510 3627 1625 3671; x_wconf 83' lang='lat' dir='ltr'><strong>tau-</strong></span> 
     </span>
     <span class='ocr_line' id='line_1_38' title="bbox 558 3695 1628 3762; baseline 0.004 -18"><span class='ocrx_word' id='word_1_297' title='bbox 558 3702 689 3760; x_wconf 90' lang='lat' dir='ltr'><strong>tum,</strong></span> <span class='ocrx_word' id='word_1_298' title='bbox 720 3697 871 3748; x_wconf 89' lang='lat' dir='ltr'><strong>amici</strong></span> <span class='ocrx_word' id='word_1_299' title='bbox 913 3695 1138 3762; x_wconf 66' lang='lat' dir='ltr'><strong>operas!</strong></span> <span class='ocrx_word' id='word_1_300' title='bbox 1205 3696 1442 3749; x_wconf 85' lang='lat' dir='ltr'><strong>Laconia</strong></span> <span class='ocrx_word' id='word_1_301' title='bbox 1472 3698 1628 3749; x_wconf 89' lang='lat' dir='ltr'><strong>Pelo·</strong></span> 
     </span>
     <span class='ocr_line' id='line_1_39' title="bbox 559 3766 1631 3841; baseline 0.003 -18"><span class='ocrx_word' id='word_1_302' title='bbox 559 3766 785 3841; x_wconf 59' lang='lat' dir='ltr'><strong>ponnesi‘</strong></span> <span class='ocrx_word' id='word_1_303' title='bbox 833 3776 979 3840; x_wconf 87' lang='lat' dir='ltr'><strong>regio</strong></span> <span class='ocrx_word' id='word_1_304' title='bbox 1026 3789 1269 3840; x_wconf 74' lang='lat' dir='ltr'><strong>purpuroe</strong></span> <span class='ocrx_word' id='word_1_305' title='bbox 1312 3776 1631 3827; x_wconf 81' lang='lat' dir='ltr'><strong>excellentia</strong></span> 
     </span>
     <span class='ocr_line' id='line_1_40' title="bbox 559 3851 1630 3918; baseline 0.004 -19"><span class='ocrx_word' id='word_1_306' title='bbox 559 3851 766 3902; x_wconf 88' lang='lat' dir='ltr'><strong>nobilis.</strong></span> <span class='ocrx_word' id='word_1_307' title='bbox 833 3853 973 3903; x_wconf 88' lang='lat' dir='ltr'><strong>Pliu.</strong></span> <span class='ocrx_word' id='word_1_308' title='bbox 995 3866 1116 3902; x_wconf 77' lang='lat' dir='ltr'><strong>xxx.</strong></span> <span class='ocrx_word' id='word_1_309' title='bbox 1134 3856 1181 3901; x_wconf 85' lang='lat'><strong>8.</strong></span> <span class='ocrx_word' id='word_1_310' title='bbox 1205 3852 1222 3882; x_wconf 86' lang='lat'>‘</span> <span class='ocrx_word' id='word_1_311' title='bbox 1242 3852 1526 3918; x_wconf 86' lang='lat' dir='ltr'><strong>Unguento</strong></span> <span class='ocrx_word' id='word_1_312' title='bbox 1543 3867 1630 3903; x_wconf 89' lang='lat' dir='ltr'><strong>na·</strong></span> 
     </span>
     <span class='ocr_line' id='line_1_41' title="bbox 561 3928 1630 3994; baseline 0 -15"><span class='ocrx_word' id='word_1_313' title='bbox 561 3934 730 3979; x_wconf 87' lang='lat' dir='ltr'><strong>turam</strong></span> <span class='ocrx_word' id='word_1_314' title='bbox 754 3928 942 3978; x_wconf 82' lang='lat' dir='ltr'><strong>vicisse</strong></span> <span class='ocrx_word' id='word_1_315' title='bbox 965 3929 1198 3993; x_wconf 80' lang='lat' dir='ltr'><strong>gaudens</strong></span> <span class='ocrx_word' id='word_1_316' title='bbox 1221 3930 1441 3994; x_wconf 83' lang='lat' dir='ltr'><strong>luxuria,</strong></span> <span class='ocrx_word' id='word_1_317' title='bbox 1470 3929 1630 3981; x_wconf 82' lang='lat' dir='ltr'><strong>vesti-</strong></span> 
     </span>
     <span class='ocr_line' id='line_1_42' title="bbox 559 4002 1631 4072; baseline 0.004 -19"><span class='ocrx_word' id='word_1_318' title='bbox 559 4002 659 4054; x_wconf 86' lang='lat' dir='ltr'><strong>bus</strong></span> <span class='ocrx_word' id='word_1_319' title='bbox 682 4018 886 4069; x_wconf 88' lang='lat' dir='ltr'><strong>quoque</strong></span> <span class='ocrx_word' id='word_1_320' title='bbox 912 4005 1221 4068; x_wconf 83' lang='lat' dir='ltr'><strong>provocavit</strong></span> <span class='ocrx_word' id='word_1_321' title='bbox 1242 4019 1331 4056; x_wconf 87' lang='lat' dir='ltr'><strong>eos</strong></span> <span class='ocrx_word' id='word_1_322' title='bbox 1347 4004 1524 4070; x_wconf 87' lang='lat' dir='ltr'><strong>flores,</strong></span> <span class='ocrx_word' id='word_1_323' title='bbox 1541 4007 1631 4072; x_wconf 89' lang='lat' dir='ltr'><strong>qui</strong></span> 
     </span>
     <span class='ocr_line' id='line_1_43' title="bbox 561 4079 1631 4133; baseline 0.002 -2"><span class='ocrx_word' id='word_1_324' title='bbox 561 4081 734 4131; x_wconf 85' lang='lat' dir='ltr'><strong>colore</strong></span> <span class='ocrx_word' id='word_1_325' title='bbox 756 4079 1200 4132; x_wconf 84' lang='lat' dir='ltr'><strong>commendantur.</strong></span> <span class='ocrx_word' id='word_1_326' title='bbox 1271 4081 1385 4133; x_wconf 89' lang='lat' dir='ltr'><strong>Hos</strong></span> <span class='ocrx_word' id='word_1_327' title='bbox 1401 4083 1631 4133; x_wconf 87' lang='lat' dir='ltr'><strong>animad-</strong></span> 
     </span>
     <span class='ocr_line' id='line_1_44' title="bbox 561 4159 1632 4224; baseline 0.006 -18"><span class='ocrx_word' id='word_1_328' title='bbox 561 4166 713 4208; x_wconf 81' lang='lat' dir='ltr'><strong>verto</strong></span> <span class='ocrx_word' id='word_1_329' title='bbox 738 4166 844 4209; x_wconf 81' lang='lat' dir='ltr'><strong>tres</strong></span> <span class='ocrx_word' id='word_1_330' title='bbox 877 4172 993 4209; x_wconf 89' lang='lat' dir='ltr'><strong>esse</strong></span> <span class='ocrx_word' id='word_1_331' title='bbox 1014 4159 1363 4224; x_wconf 70' lang='lat' dir='ltr'><strong>principalest</strong></span> <span class='ocrx_word' id='word_1_332' title='bbox 1400 4176 1558 4212; x_wconf 87' lang='lat' dir='ltr'><strong>unum</strong></span> <span class='ocrx_word' id='word_1_333' title='bbox 1576 4162 1632 4212; x_wconf 86' lang='lat' dir='ltr'><strong>iu</strong></span> 
     </span>
     <span class='ocr_line' id='line_1_45' title="bbox 565 4236 1631 4301; baseline 0.007 -16"><span class='ocrx_word' id='word_1_334' title='bbox 565 4250 746 4299; x_wconf 90' lang='lat' dir='ltr'><strong>cocco,</strong></span> <span class='ocrx_word' id='word_1_335' title='bbox 783 4236 872 4301; x_wconf 82' lang='lat' dir='ltr'><strong>qui</strong></span> <span class='ocrx_word' id='word_1_336' title='bbox 910 4236 962 4286; x_wconf 90' lang='lat' dir='ltr'><strong>in</strong></span> <span class='ocrx_word' id='word_1_337' title='bbox 1002 4238 1133 4288; x_wconf 84' lang='lat' dir='ltr'><strong>rosis</strong></span> <span class='ocrx_word' id='word_1_338' title='bbox 1164 4238 1342 4289; x_wconf 84' lang='lat' dir='ltr'><strong>micat.</strong></span> <span class='ocrx_word' id='word_1_339' title='bbox 1408 4239 1631 4292; x_wconf 84' lang='lat' dir='ltr'><strong>Gratius</strong></span> 
     </span>
     <span class='ocr_line' id='line_1_46' title="bbox 565 4311 1632 4383; baseline 0.006 -21"><span class='ocrx_word' id='word_1_340' title='bbox 565 4311 693 4363; x_wconf 79' lang='lat' dir='ltr'><strong>nihil</strong></span> <span class='ocrx_word' id='word_1_341' title='bbox 717 4319 947 4381; x_wconf 86' lang='lat' dir='ltr'><strong>aspectu.</strong></span> <span class='ocrx_word' id='word_1_342' title='bbox 1012 4315 1255 4366; x_wconf 80' lang='lat' dir='ltr'><strong>Trahitur</strong></span> <span class='ocrx_word' id='word_1_343' title='bbox 1291 4316 1352 4366; x_wconf 78' lang='lat' dir='ltr'><strong>in·</strong></span> <span class='ocrx_word' id='word_1_344' title='bbox 1379 4329 1632 4383; x_wconf 80' lang='lat' dir='ltr'><strong>purpuras</strong></span> 
     </span>
    </p>
   </div>
   <div class='ocr_carea' id='block_1_9' title="bbox 1693 2447 2777 4379">
    <p class='ocr_par' dir='ltr' id='par_1_10' title="bbox 1693 2447 2764 2738">
     <span class='ocr_line' id='line_1_47' title="bbox 1696 2447 2763 2517; baseline -0.004 -15"><span class='ocrx_word' id='word_1_345' title='bbox 1696 2467 1833 2517; x_wconf 89' lang='lat' dir='ltr'><strong>cum,</strong></span> <span class='ocrx_word' id='word_1_346' title='bbox 1871 2451 2008 2502; x_wconf 89' lang='lat' dir='ltr'><strong>unde</strong></span> <span class='ocrx_word' id='word_1_347' title='bbox 2051 2449 2436 2517; x_wconf 72' lang='lat' dir='ltr'><strong>pretiosissimae</strong></span> <span class='ocrx_word' id='word_1_348' title='bbox 2475 2447 2763 2513; x_wconf 54' lang='lat' dir='ltr'><strong>purpurae?</strong></span> 
     </span>
     <span class='ocr_line' id='line_1_48' title="bbox 1693 2525 2764 2595; baseline -0.004 -14"><span class='ocrx_word' id='word_1_349' title='bbox 1693 2529 1834 2580; x_wconf 88' lang='lat' dir='ltr'><strong>Vide</strong></span> <span class='ocrx_word' id='word_1_350' title='bbox 1856 2542 2014 2595; x_wconf 85' lang='lat' dir='ltr'><strong>supra</strong></span> <span class='ocrx_word' id='word_1_351' title='bbox 2037 2527 2144 2579; x_wconf 87' lang='lat' dir='ltr'><strong>Od.</strong></span> <span class='ocrx_word' id='word_1_352' title='bbox 2170 2540 2292 2577; x_wconf 81' lang='lat' dir='ltr'><strong>xvx.</strong></span> <span class='ocrx_word' id='word_1_353' title='bbox 2327 2525 2421 2577; x_wconf 86' lang='lat' dir='ltr'><strong>sub</strong></span> <span class='ocrx_word' id='word_1_354' title='bbox 2453 2525 2615 2576; x_wconf 87' lang='lat' dir='ltr'><strong>finem</strong></span> <span class='ocrx_word' id='word_1_355' title='bbox 2639 2525 2764 2577; x_wconf 89' lang='lat' dir='ltr'><strong>Not.</strong></span> 
     </span>
     <span class='ocr_line' id='line_1_49' title="bbox 1698 2601 2761 2660; baseline -0.008 0"><span class='ocrx_word' id='word_1_356' title='bbox 1698 2606 1767 2660; x_wconf 87' lang='lat' dir='ltr'><strong>ad</strong></span> <span class='ocrx_word' id='word_1_357' title='bbox 1788 2608 1880 2658; x_wconf 84' lang='lat' dir='ltr'><strong>has</strong></span> <span class='ocrx_word' id='word_1_358' title='bbox 1904 2620 2094 2657; x_wconf 79' lang='lat' dir='ltr'><strong>voces:</strong></span> <span class='ocrx_word' id='word_1_359' title='bbox 2131 2612 2146 2635; x_wconf 73' lang='lat'>⁸</span> <span class='ocrx_word' id='word_1_360' title='bbox 2164 2604 2244 2655; x_wconf 84' lang='lat' dir='ltr'><strong>Te</strong></span> <span class='ocrx_word' id='word_1_361' title='bbox 2271 2605 2363 2657; x_wconf 75' lang='lat' dir='ltr'><strong>,bis</strong></span> <span class='ocrx_word' id='word_1_362' title='bbox 2396 2601 2529 2653; x_wconf 77' lang='lat' dir='ltr'><strong>Afro</strong></span> <span class='ocrx_word' id='word_1_363' title='bbox 2568 2603 2761 2653; x_wconf 83' lang='lat' dir='ltr'><strong>murice</strong></span> 
     </span>
     <span class='ocr_line' id='line_1_50' title="bbox 1700 2680 2344 2738; baseline -0.009 -1"><span class='ocrx_word' id='word_1_364' title='bbox 1700 2685 1881 2738; x_wconf 82' lang='lat' dir='ltr'><strong>tinctae</strong></span> <span class='ocrx_word' id='word_1_365' title='bbox 1902 2680 2157 2735; x_wconf 71' lang='lat' dir='ltr'><strong>vestiunt</strong></span> <span class='ocrx_word' id='word_1_366' title='bbox 2175 2681 2344 2733; x_wconf 56' lang='lat' dir='ltr'><strong>lana?</strong></span> 
     </span>
    </p>

    <p class='ocr_par' dir='ltr' id='par_1_11' title="bbox 1760 2759 2766 2831">
     <span class='ocr_line' id='line_1_51' title="bbox 1760 2759 2766 2831; baseline -0.007 -15"><span class='ocrx_word' id='word_1_367' title='bbox 1760 2769 1796 2816; x_wconf 79' lang='lat'>9</span> <span class='ocrx_word' id='word_1_368' title='bbox 1849 2764 1917 2816; x_wconf 76' lang='lat' dir='ltr'><strong>At</strong></span> <span class='ocrx_word' id='word_1_369' title='bbox 1938 2764 2070 2831; x_wconf 78' lang='lat' dir='ltr'><strong>fides</strong></span> <span class='ocrx_word' id='word_1_370' title='bbox 2101 2766 2149 2813; x_wconf 77' lang='lat' dir='ltr'><strong>et</strong></span> <span class='ocrx_word' id='word_1_371' title='bbox 2182 2759 2349 2825; x_wconf 67' lang='lat' dir='ltr'><strong>ingeni</strong></span> <span class='ocrx_word' id='word_1_372' title='bbox 2378 2761 2613 2823; x_wconf 62' lang='lat' dir='ltr'><strong>Benigma</strong></span> <span class='ocrx_word' id='word_1_373' title='bbox 2649 2774 2766 2809; x_wconf 66' lang='lat' dir='ltr'><strong>vesu</strong></span> 
     </span>
    </p>

    <p class='ocr_par' dir='ltr' id='par_1_12' title="bbox 1697 2837 2777 4302">
     <span class='ocr_line' id='line_1_52' title="bbox 1697 2837 2766 2908; baseline -0.01 -11"><span class='ocrx_word' id='word_1_374' title='bbox 1697 2842 1794 2908; x_wconf 76' lang='lat' dir='ltr'><strong>est]</strong></span> <span class='ocrx_word' id='word_1_375' title='bbox 1829 2841 1983 2897; x_wconf 78' lang='lat' dir='ltr'><strong>Quod</strong></span> <span class='ocrx_word' id='word_1_376' title='bbox 2025 2842 2068 2891; x_wconf 89' lang='lat' dir='ltr'><strong>si</strong></span> <span class='ocrx_word' id='word_1_377' title='bbox 2108 2840 2284 2890; x_wconf 87' lang='lat' dir='ltr'><strong>desint</strong></span> <span class='ocrx_word' id='word_1_378' title='bbox 2322 2853 2468 2904; x_wconf 87' lang='lat' dir='ltr'><strong>opes,</strong></span> <span class='ocrx_word' id='word_1_379' title='bbox 2499 2844 2558 2888; x_wconf 88' lang='lat' dir='ltr'><strong>at</strong></span> <span class='ocrx_word' id='word_1_380' title='bbox 2582 2837 2766 2902; x_wconf 87' lang='lat' dir='ltr'><strong>opibus</strong></span> 
     </span>
     <span class='ocr_line' id='line_1_53' title="bbox 1697 2914 2768 2989; baseline -0.011 -15"><span class='ocrx_word' id='word_1_381' title='bbox 1697 2921 1964 2989; x_wconf 85' lang='lat' dir='ltr'><strong>quidpiam</strong></span> <span class='ocrx_word' id='word_1_382' title='bbox 1998 2918 2180 2970; x_wconf 85' lang='lat' dir='ltr'><strong>melius</strong></span> <span class='ocrx_word' id='word_1_383' title='bbox 2213 2932 2274 2967; x_wconf 85' lang='lat' dir='ltr'><strong>ac</strong></span> <span class='ocrx_word' id='word_1_384' title='bbox 2310 2916 2650 2981; x_wconf 77' lang='lat' dir='ltr'><strong>praestantins</strong></span> <span class='ocrx_word' id='word_1_385' title='bbox 2682 2914 2768 2963; x_wconf 83' lang='lat' dir='ltr'><strong>ha-</strong></span> 
     </span>
     <span class='ocr_line' id='line_1_54' title="bbox 1700 2994 2772 3063; baseline -0.012 -9"><span class='ocrx_word' id='word_1_386' title='bbox 1700 3003 1827 3055; x_wconf 86' lang='lat' dir='ltr'><strong>bere</strong></span> <span class='ocrx_word' id='word_1_387' title='bbox 1870 3000 2114 3063; x_wconf 79' lang='lat' dir='ltr'><strong>contigit,</strong></span> <span class='ocrx_word' id='word_1_388' title='bbox 2150 2998 2391 3048; x_wconf 86' lang='lat' dir='ltr'><strong>nimirum</strong></span> <span class='ocrx_word' id='word_1_389' title='bbox 2433 2994 2563 3044; x_wconf 82' lang='lat' dir='ltr'><strong>fidei</strong></span> <span class='ocrx_word' id='word_1_390' title='bbox 2611 2995 2772 3044; x_wconf 83' lang='lat' dir='ltr'><strong>virtu·</strong></span> 
     </span>
     <span class='ocr_line' id='line_1_55' title="bbox 1701 3071 2770 3144; baseline -0.009 -13"><span class='ocrx_word' id='word_1_391' title='bbox 1701 3088 1832 3144; x_wconf 89' lang='lat' dir='ltr'><strong>tem,</strong></span> <span class='ocrx_word' id='word_1_392' title='bbox 1845 3092 2047 3130; x_wconf 87' lang='lat' dir='ltr'><strong>necnon</strong></span> <span class='ocrx_word' id='word_1_393' title='bbox 2068 3075 2261 3143; x_wconf 86' lang='lat' dir='ltr'><strong>ingenii</strong></span> <span class='ocrx_word' id='word_1_394' title='bbox 2279 3077 2453 3125; x_wconf 89' lang='lat' dir='ltr'><strong>lumen</strong></span> <span class='ocrx_word' id='word_1_395' title='bbox 2468 3080 2526 3125; x_wconf 95' lang='lat' dir='ltr'><strong>et</strong></span> <span class='ocrx_word' id='word_1_396' title='bbox 2548 3071 2770 3124; x_wconf 85' lang='lat' dir='ltr'><strong>faculta-</strong></span> 
     </span>
     <span class='ocr_line' id='line_1_56' title="bbox 1705 3165 2076 3210; baseline -0.003 -1"><span class='ocrx_word' id='word_1_397' title='bbox 1705 3165 1832 3210; x_wconf 88' lang='lat' dir='ltr'><strong>tem.</strong></span> <span class='ocrx_word' id='word_1_398' title='bbox 2067 3194 2076 3199; x_wconf 88' lang='lat'>-</span> 
     </span>
     <span class='ocr_line' id='line_1_57' title="bbox 1770 3228 2772 3299; baseline -0.011 -13"><span class='ocrx_word' id='word_1_399' title='bbox 1770 3234 1998 3299; x_wconf 72' lang='lat' dir='ltr'><strong>Benigno</strong></span> <span class='ocrx_word' id='word_1_400' title='bbox 2031 3231 2174 3296; x_wconf 76' lang='lat' dir='ltr'><strong>vena]</strong></span> <span class='ocrx_word' id='word_1_401' title='bbox 2222 3228 2540 3294; x_wconf 86' lang='lat' dir='ltr'><strong>Metaphora</strong></span> <span class='ocrx_word' id='word_1_402' title='bbox 2561 3241 2595 3279; x_wconf 83' lang='lat' dir='ltr'><strong>a</strong></span> <span class='ocrx_word' id='word_1_403' title='bbox 2616 3232 2772 3277; x_wconf 81' lang='lat' dir='ltr'><strong>terrae</strong></span> 
     </span>
     <span class='ocr_line' id='line_1_58' title="bbox 1703 3304 2774 3375; baseline -0.009 -12"><span class='ocrx_word' id='word_1_404' title='bbox 1703 3312 1872 3373; x_wconf 86' lang='lat' dir='ltr'><strong>venis,</strong></span> <span class='ocrx_word' id='word_1_405' title='bbox 1915 3325 1945 3361; x_wconf 91' lang='lat' dir='ltr'><strong>e</strong></span> <span class='ocrx_word' id='word_1_406' title='bbox 1991 3309 2175 3375; x_wconf 89' lang='lat' dir='ltr'><strong>quibus</strong></span> <span class='ocrx_word' id='word_1_407' title='bbox 2227 3304 2403 3357; x_wconf 85' lang='lat' dir='ltr'><strong>fontes</strong></span> <span class='ocrx_word' id='word_1_408' title='bbox 2459 3312 2774 3369; x_wconf 80' lang='lat' dir='ltr'><strong>promanant</strong></span> 
     </span>
     <span class='ocr_line' id='line_1_59' title="bbox 1705 3376 2775 3451; baseline -0.011 -10"><span class='ocrx_word' id='word_1_409' title='bbox 1705 3390 1923 3441; x_wconf 73' lang='lat' dir='ltr'><strong>uberest</strong></span> <span class='ocrx_word' id='word_1_410' title='bbox 1984 3386 2228 3451; x_wconf 88' lang='lat' dir='ltr'><strong>designat</strong></span> <span class='ocrx_word' id='word_1_411' title='bbox 2280 3376 2477 3448; x_wconf 77' lang='lat' dir='ltr'><strong>optime</strong></span> <span class='ocrx_word' id='word_1_412' title='bbox 2535 3378 2775 3432; x_wconf 90' lang='lat' dir='ltr'><strong>discendi</strong></span> 
     </span>
     <span class='ocr_line' id='line_1_60' title="bbox 1705 3457 2776 3529; baseline -0.01 -11"><span class='ocrx_word' id='word_1_413' title='bbox 1705 3465 2072 3529; x_wconf 88' lang='lat' dir='ltr'><strong>scribendique</strong></span> <span class='ocrx_word' id='word_1_414' title='bbox 2085 3462 2413 3524; x_wconf 77' lang='lat' dir='ltr'><strong>facilitatem,</strong></span> <span class='ocrx_word' id='word_1_415' title='bbox 2430 3474 2532 3525; x_wconf 88' lang='lat' dir='ltr'><strong>qua</strong></span> <span class='ocrx_word' id='word_1_416' title='bbox 2551 3460 2642 3525; x_wconf 87' lang='lat' dir='ltr'><strong>qui</strong></span> <span class='ocrx_word' id='word_1_417' title='bbox 2659 3457 2776 3508; x_wconf 87' lang='lat' dir='ltr'><strong>des-</strong></span> 
     </span>
     <span class='ocr_line' id='line_1_61' title="bbox 1708 3537 2775 3605; baseline -0.008 -11"><span class='ocrx_word' id='word_1_418' title='bbox 1708 3544 1898 3595; x_wconf 87' lang='lat' dir='ltr'><strong>titutus</strong></span> <span class='ocrx_word' id='word_1_419' title='bbox 1922 3540 2101 3605; x_wconf 84' lang='lat' dir='ltr'><strong>fuerit,</strong></span> <span class='ocrx_word' id='word_1_420' title='bbox 2136 3541 2179 3591; x_wconf 89' lang='lat' dir='ltr'><strong>is</strong></span> <span class='ocrx_word' id='word_1_421' title='bbox 2215 3539 2381 3589; x_wconf 85' lang='lat' dir='ltr'><strong>invita</strong></span> <span class='ocrx_word' id='word_1_422' title='bbox 2417 3538 2682 3600; x_wconf 82' lang='lat' dir='ltr'><strong>Minerva,</strong></span> <span class='ocrx_word' id='word_1_423' title='bbox 2703 3537 2775 3585; x_wconf 89' lang='lat' dir='ltr'><strong>in·</strong></span> 
     </span>
     <span class='ocr_line' id='line_1_62' title="bbox 1707 3616 2777 3683; baseline -0.007 -12"><span class='ocrx_word' id='word_1_424' title='bbox 1707 3621 1830 3671; x_wconf 79' lang='lat' dir='ltr'><strong>vitis</strong></span> <span class='ocrx_word' id='word_1_425' title='bbox 1850 3618 2093 3683; x_wconf 85' lang='lat' dir='ltr'><strong>Apolline</strong></span> <span class='ocrx_word' id='word_1_426' title='bbox 2117 3632 2178 3668; x_wconf 90' lang='lat' dir='ltr'><strong>ac</strong></span> <span class='ocrx_word' id='word_1_427' title='bbox 2202 3616 2259 3666; x_wconf 93' lang='lat' dir='ltr'><strong>M</strong></span> <span class='ocrx_word' id='word_1_428' title='bbox 2265 3617 2370 3666; x_wconf 85' lang='lat' dir='ltr'><strong>usis</strong></span> <span class='ocrx_word' id='word_1_429' title='bbox 2384 3616 2658 3665; x_wconf 84' lang='lat' dir='ltr'><strong>literarum</strong></span> <span class='ocrx_word' id='word_1_430' title='bbox 2675 3619 2777 3664; x_wconf 88' lang='lat' dir='ltr'><strong>stu·</strong></span> 
     </span>
     <span class='ocr_line' id='line_1_63' title="bbox 1708 3694 2775 3761; baseline -0.007 -12"><span class='ocrx_word' id='word_1_431' title='bbox 1708 3698 1849 3749; x_wconf 86' lang='lat' dir='ltr'><strong>dium</strong></span> <span class='ocrx_word' id='word_1_432' title='bbox 1873 3697 2125 3761; x_wconf 87' lang='lat' dir='ltr'><strong>capessit,</strong></span> <span class='ocrx_word' id='word_1_433' title='bbox 2143 3696 2240 3744; x_wconf 85' lang='lat' dir='ltr'><strong>boc</strong></span> <span class='ocrx_word' id='word_1_434' title='bbox 2263 3700 2363 3756; x_wconf 89' lang='lat' dir='ltr'><strong>est,</strong></span> <span class='ocrx_word' id='word_1_435' title='bbox 2379 3694 2551 3743; x_wconf 88' lang='lat' dir='ltr'><strong>oleum</strong></span> <span class='ocrx_word' id='word_1_436' title='bbox 2578 3699 2634 3742; x_wconf 83' lang='lat' dir='ltr'><strong>et</strong></span> <span class='ocrx_word' id='word_1_437' title='bbox 2656 3705 2775 3757; x_wconf 87' lang='lat' dir='ltr'><strong>ope-</strong></span> 
     </span>
     <span class='ocr_line' id='line_1_64' title="bbox 1707 3770 2777 3840; baseline -0.008 -13"><span class='ocrx_word' id='word_1_438' title='bbox 1707 3791 1819 3838; x_wconf 80' lang='lat' dir='ltr'><strong>ram</strong></span> <span class='ocrx_word' id='word_1_439' title='bbox 1864 3774 2059 3840; x_wconf 88' lang='lat' dir='ltr'><strong>perdit.</strong></span> <span class='ocrx_word' id='word_1_440' title='bbox 2129 3772 2301 3836; x_wconf 86' lang='lat' dir='ltr'><strong>Epist.</strong></span> <span class='ocrx_word' id='word_1_441' title='bbox 2339 3770 2406 3821; x_wconf 90' lang='lat' dir='ltr'><strong>ad</strong></span> <span class='ocrx_word' id='word_1_442' title='bbox 2432 3771 2671 3834; x_wconf 86' lang='lat' dir='ltr'><strong>Pisones,</strong></span> <span class='ocrx_word' id='word_1_443' title='bbox 2704 3782 2777 3819; x_wconf 85' lang='lat' dir='ltr'><strong>vs.</strong></span> 
     </span>
     <span class='ocr_line' id='line_1_65' title="bbox 1709 3846 2774 3905; baseline -0.01 0"><span class='ocrx_word' id='word_1_444' title='bbox 1709 3859 1827 3905; x_wconf 71' lang='lat'><strong>385.</strong></span> <span class='ocrx_word' id='word_1_445' title='bbox 1860 3853 1973 3903; x_wconf 84' lang='lat' dir='ltr'><strong>‘Tu</strong></span> <span class='ocrx_word' id='word_1_446' title='bbox 2015 3850 2140 3900; x_wconf 86' lang='lat' dir='ltr'><strong>nihil</strong></span> <span class='ocrx_word' id='word_1_447' title='bbox 2174 3850 2342 3900; x_wconf 85' lang='lat' dir='ltr'><strong>invita</strong></span> <span class='ocrx_word' id='word_1_448' title='bbox 2366 3847 2511 3899; x_wconf 90' lang='lat' dir='ltr'><strong>dices</strong></span> <span class='ocrx_word' id='word_1_449' title='bbox 2543 3846 2774 3898; x_wconf 80' lang='lat' dir='ltr'><strong>faciesve</strong></span> 
     </span>
     <span class='ocr_line' id='line_1_66' title="bbox 1709 3922 2777 3982; baseline -0.008 -1"><span class='ocrx_word' id='word_1_450' title='bbox 1709 3927 1991 3982; x_wconf 65' lang='lat' dir='ltr'><strong>Minerva!</strong></span> <span class='ocrx_word' id='word_1_451' title='bbox 2058 3929 2129 3978; x_wconf 89' lang='lat' dir='ltr'><strong>Et</strong></span> <span class='ocrx_word' id='word_1_452' title='bbox 2168 3941 2242 3977; x_wconf 88' lang='lat' dir='ltr'><strong>vs.</strong></span> <span class='ocrx_word' id='word_1_453' title='bbox 2288 3930 2406 3975; x_wconf 81' lang='grc'><strong>408.</strong></span> <span class='ocrx_word' id='word_1_454' title='bbox 2437 3927 2454 3954; x_wconf 87' lang='lat'>‘</span> <span class='ocrx_word' id='word_1_455' title='bbox 2476 3925 2687 3975; x_wconf 88' lang='lat' dir='ltr'><strong>Natura</strong></span> <span class='ocrx_word' id='word_1_456' title='bbox 2720 3922 2777 3972; x_wconf 81' lang='lat' dir='ltr'><strong>fi-</strong></span> 
     </span>
     <span class='ocr_line' id='line_1_67' title="bbox 1712 4004 2773 4065; baseline -0.008 -7"><span class='ocrx_word' id='word_1_457' title='bbox 1712 4014 1826 4058; x_wconf 84' lang='lat' dir='ltr'><strong>eret</strong></span> <span class='ocrx_word' id='word_1_458' title='bbox 1885 4004 2151 4056; x_wconf 89' lang='lat' dir='ltr'><strong>laudabile</strong></span> <span class='ocrx_word' id='word_1_459' title='bbox 2218 4017 2450 4065; x_wconf 83' lang='lat' dir='ltr'><strong>carmen,</strong></span> <span class='ocrx_word' id='word_1_460' title='bbox 2511 4015 2578 4051; x_wconf 86' lang='lat' dir='ltr'><strong>an</strong></span> <span class='ocrx_word' id='word_1_461' title='bbox 2646 4008 2773 4056; x_wconf 85' lang='lat' dir='ltr'><strong>arte,</strong></span> 
     </span>
     <span class='ocr_line' id='line_1_68' title="bbox 1710 4078 2772 4145; baseline -0.011 -7"><span class='ocrx_word' id='word_1_462' title='bbox 1710 4084 2003 4138; x_wconf 72' lang='lat' dir='ltr'><strong>Quaesitum</strong></span> <span class='ocrx_word' id='word_1_463' title='bbox 2022 4087 2119 4132; x_wconf 85' lang='lat' dir='ltr'><strong>est.</strong></span> <span class='ocrx_word' id='word_1_464' title='bbox 2165 4081 2277 4145; x_wconf 83' lang='lat' dir='ltr'><strong>Ego</strong></span> <span class='ocrx_word' id='word_1_465' title='bbox 2299 4094 2396 4130; x_wconf 89' lang='lat' dir='ltr'><strong>nec</strong></span> <span class='ocrx_word' id='word_1_466' title='bbox 2417 4079 2646 4128; x_wconf 84' lang='lat' dir='ltr'><strong>studium</strong></span> <span class='ocrx_word' id='word_1_467' title='bbox 2670 4078 2772 4128; x_wconf 86' lang='lat' dir='ltr'><strong>sine</strong></span> 
     </span>
     <span class='ocr_line' id='line_1_69' title="bbox 1711 4155 2772 4225; baseline -0.008 -13"><span class='ocrx_word' id='word_1_468' title='bbox 1711 4161 1875 4212; x_wconf 87' lang='lat' dir='ltr'><strong>divite</strong></span> <span class='ocrx_word' id='word_1_469' title='bbox 1914 4173 2069 4221; x_wconf 84' lang='lat' dir='ltr'><strong>vena,</strong></span> <span class='ocrx_word' id='word_1_470' title='bbox 2114 4157 2230 4208; x_wconf 83' lang='lat' dir='ltr'><strong>Nee</strong></span> <span class='ocrx_word' id='word_1_471' title='bbox 2273 4156 2404 4207; x_wconf 89' lang='lat' dir='ltr'><strong>rude</strong></span> <span class='ocrx_word' id='word_1_472' title='bbox 2451 4156 2575 4225; x_wconf 88' lang='lat' dir='ltr'><strong>quid</strong></span> <span class='ocrx_word' id='word_1_473' title='bbox 2612 4155 2772 4221; x_wconf 81' lang='lat' dir='ltr'><strong>prosit</strong></span> 
     </span>
     <span class='ocr_line' id='line_1_70' title="bbox 1715 4234 2184 4302; baseline -0.009 -12"><span class='ocrx_word' id='word_1_474' title='bbox 1715 4240 1864 4292; x_wconf 77' lang='lat' dir='ltr'><strong>video</strong></span> <span class='ocrx_word' id='word_1_475' title='bbox 1886 4234 2184 4302; x_wconf 59' lang='lat' dir='ltr'><strong>ingenium?</strong></span> 
     </span>
    </p>

    <p class='ocr_par' dir='ltr' id='par_1_13' title="bbox 1780 4309 2770 4379">
     <span class='ocr_line' id='line_1_71' title="bbox 1780 4309 2770 4379; baseline -0.01 -11"><span class='ocrx_word' id='word_1_476' title='bbox 1780 4320 1843 4367; x_wconf 84' lang='lat'><strong>10</strong></span> <span class='ocrx_word' id='word_1_477' title='bbox 1880 4314 2232 4379; x_wconf 77' lang='lat' dir='ltr'><strong>Pauperemque</strong></span> <span class='ocrx_word' id='word_1_478' title='bbox 2247 4312 2382 4364; x_wconf 72' lang='lat' dir='ltr'><strong>dives</strong></span> <span class='ocrx_word' id='word_1_479' title='bbox 2400 4310 2486 4362; x_wconf 83' lang='lat' dir='ltr'><strong>Me</strong></span> <span class='ocrx_word' id='word_1_480' title='bbox 2504 4309 2655 4376; x_wconf 70' lang='lat' dir='ltr'><strong>petit]</strong></span> <span class='ocrx_word' id='word_1_481' title='bbox 2688 4309 2770 4361; x_wconf 81' lang='lat' dir='ltr'><strong>Me</strong></span> 
     </span>
    </p>
   </div>
  </div>
 </body>
</html>
