3059 4909
1255 400 1321 460 Q·
1369 394 1690 445 HORA'rn
1745 392 2013 443 FLAcot

879 545 1205 613 Vestiuut
1226 546 1446 613 lanae:
1489 542 1651 610 mihi
1681 561 1895 627 parva
1921 559 2077 612 rura
2105 544 2175 605 et

888 651 1216 737 Spiritum
1247 649 1475 717 Graiae
1504 653 1764 715 tenuem
1795 645 2141 712 Camoenae

886 757 1109 823 Parca
1136 772 1275 820 non
1300 752 1598 819 mendax
1623 750 1833 829 dedit,
1864 757 1935 815 et
1966 748 2330 832 malignum

1409 857 1736 942 Spernere
1768 855 2040 939 vulgum.

2661 851 2743 920 40

539 1064 688 1100 verax
706 1049 886 1114 largita
905 1056 978 1100 est
997 1051 1221 1113 agellum,
1251 1055 1296 1099 et
1319 1049 1665 1113 aliquantulum
1692 1046 1879 1096 Graeeae
1899 1044 2059 1095 Musoe
2081 1044 2393 1108 fucultatem,
2421 1055 2506 1093 nec
2524 1055 2623 1091 mm
2642 1054 2744 1091 con-

542 1121 748 1167 temnere
767 1115 1026 1182 improbum
1041 1118 1227 1179 vulgas.

543 1261 664 1315 nad.
684 1278 741 1313 uc
760 1263 1039 1328 malignum

1457 1191 1490 1212 O

1794 1189 1822 1209 O

1540 1322 1761 1376 NOTAE

538 1426 784 1493 idemque
818 1442 917 1493 pro
949 1428 1221 1492 majestate
1244 1425 1480 1492 pueritiae
1504 1431 1607 1475 est.

543 1505 837 1568 Distinguit
855 1504 924 1555 ab
946 1504 1137 1569 Equite
1155 1503 1364 1553 Curiam
1387 1519 1399 1552 ε
1435 1503 1489 1555 in
1513 1501 1609 1552 tri-

545 1581 774 1646 umphali
797 1582 1047 1632 miscetur
1065 1579 1227 1644 anro,'
1247 1582 1347 1630 διο.

609 1658 706 1710 Bis
747 1658 938 1723 tinette]
986 1656 1279 1722 Dibapbam
1324 1672 1607 1723 purpuram

544 1742 751 1788 vocant.
821 1737 960 1789 Plin.
986 1749 1066 1786 lx.
1085 1740 1168 1786 39.
1204 1733 1219 1761 ‘
1237 1735 1377 1786 Huic
1400 1749 1608 1786 succes-

543 1816 615 1865 sit
638 1813 864 1879 dibapha
886 1813 1067 1879 Tyria,
1093 1827 1210 1879 quae
1247 1813 1301 1862 in
1333 1812 1495 1862 libras
1518 1812 1613 1863 de-

1749 1429 1816 1476 39
1849 1425 2010 1475 Parca
2030 1438 2122 1474 aon
2143 1421 2372 1486 mendox]
2403 1421 2555 1473 Pers.
2573 1420 2682 1473 Sat.
2706 1435 2755 1471 v.

1685 1507 1770 1557 48.
1800 1505 1815 1533 ‘
1836 1503 2010 1555 Parca
2031 1510 2192 1554 tenax
2215 1501 2363 1552 veri?
2421 1500 2753 1553 Immntabile

1688 1582 1871 1633 fatum.
1937 1582 2108 1647 Hujus
2132 1580 2477 1644 intelligentia
2499 1579 2603 1630 loci
2634 1593 2756 1644 pen-

1689 1657 1782 1709 det
1819 1674 1849 1710 e
1884 1666 2066 1710 vetere
2108 1659 2230 1709 ritu.
2300 1656 2504 1707 Ultima
2550 1656 2759 1707 scilicet

1688 1735 2024 1788 hebdomadis
2063 1736 2168 1801 die,
2204 1750 2307 1802 qua
2347 1734 2463 1801 quis
2498 1736 2554 1785 in
2591 1737 2757 1785 lucem

1687 1812 1861 1864 editus
1881 1821 2017 1878 erat,
2029 1813 2139 1865 sata
2155 1814 2478 1865 vocabantur
2493 1828 2611 1878 quae
2632 1813 2756 1864 scri-

544 1892 705 1943 nariis
727 1892 870 1943 mille
907 1906 1010 1942 non
1045 1897 1258 1957 poterat
1277 1890 1509 1941 emh...
1533 1889 1612 1943 di·
1684 1889 1968 1943 berentur:
2025 1891 2162 1958 quod
2206 1906 2271 1942 eo
2316 1889 2403 1941 die
2449 1891 2759 1941 viderentur

543 1968 718 2033 bapba
741 1974 864 2020 tnnc
886 1967 1178 2027 dicebatur,
1197 1980 1314 2033 qnae
1337 1965 1417 2016 bis
1442 1967 1615 2016 tincta

542 2053 704 2110 esset,
758 2044 921 2098 veluti
989 2043 1264 2110 magnifico
1330 2044 1611 2110 impendio.

546 2122 789 2176 Qualiter
823 2136 961 2173 nnnc
1000 2136 1177 2172 omnes
1201 2133 1350 2187 paene
1386 2136 1613 2172 commo·

545 2201 718 2251 diores
759 2214 1007 2265 purpurae
1051 2198 1357 2265 tinguntur.’
1422 2199 1612 2251 Cicero

546 2279 720 2344 Epist.
758 2292 822 2331 n.
844 2281 928 2329 16.
977 2281 993 2307 ‘
1015 2277 1204 2331 Curius
1246 2284 1424 2328 noster
1467 2278 1612 2328 diba-

546 2355 703 2420 phum
728 2355 962 2420 cogitat;
995 2354 1086 2406 sed
1119 2370 1235 2405 eum
1259 2353 1483 2406 infector
1504 2371 1612 2406 mo-

549 2431 730 2484 ratur!

612 2514 676 2560 38
700 2509 938 2574 Spiritum
961 2509 1130 2561 Groet'oe
1150 2515 1336 2562 tenuem
1352 2511 1613 2578 Camoenae]

547 2589 750 2654 Lyricae
792 2586 1012 2654 poeseos
1055 2588 1120 2640 ab
1173 2589 1353 2640 Alcaeo
1397 2589 1616 2655 aliisque

547 2666 728 2717 Poetis
763 2667 965 2718 Grecis
1002 2667 1256 2719 desumtae
1292 2666 1619 2733 facultatem,

548 2759 649 2812 qua
683 2744 934 2795 ‘Sublimi
966 2742 1149 2796 feriam
1185 2745 1361 2796 sidera
1381 2744 1618 2811 vertice,'

549 2822 739 2872 tribuit
761 2822 904 2872 mihi.

620 2900 881 2963 Cumoenoe]
904 2900 1068 2954 Quasi
1088 2900 1315 2953 Canenae
1333 2916 1365 2951 a
1382 2902 1618 2954 canendo

551 2977 733 3041 dictae,
755 2983 891 3027 teste
925 2978 1166 3028 Macrob.
1191 2978 1245 3027 in
1273 2978 1449 3031 Somn.
1473 2981 1617 3046 Scip.

549 3070 615 3107 11.
639 3059 687 3105 8.
720 3053 854 3104 Vide
873 3068 951 3105 tv.
969 3054 1137 3107 Od.6.
1169 3055 1450 3120 ‘Spiritum
1463 3058 1618 3108 Pboe-

552 3134 648 3183 bus
680 3131 826 3193 mibi,
865 3130 1092 3181 Plroebus
1133 3139 1301 3184 artem
1345 3135 1622 3202 Carminis,

553 3224 845 3274 nomenque
866 3209 1014 3261 dedit
1034 3208 1258 3262 Poe'tae!

457 3458 889 3598 m

1688 1966 1876 2019 Parcae
1914 1969 1968 2020 in
1998 1976 2162 2020 totam
2186 1976 2424 2022 statuere
2449 1970 2635 2032 vitam,
2660 1983 2758 2035 qua

1687 2042 1898 2096 fortuna
1934 2045 2142 2099 futurus
2184 2048 2298 2114 quis
2331 2054 2487 2099 esset.
2553 2047 2760 2098 Tertul-

1686 2121 1889 2175 lianusz
1928 2125 1945 2153 ‘
1967 2125 2111 2175 Dum
2146 2140 2240 2190 per
2281 2132 2445 2176 totam
2483 2123 2762 2177 bebdoma-

1688 2196 1807 2251 dam
1831 2201 2025 2253 Junoni
2061 2216 2241 2253 mensa
2277 2202 2610 2268 proponitur,
2646 2203 2763 2253 dum

1691 2279 1879 2331 ultima
1915 2279 2001 2330 die
2037 2278 2152 2331 fata
2191 2278 2469 2331 scribenda
2502 2279 2764 2331 advocan-

1693 2356 1815 2409 tur.’
1886 2356 2021 2408 Haec
2060 2357 2291 2408 Turneb.
2327 2370 2385 2407 x.
2420 2361 2503 2407 22.
2571 2357 2765 2408 Crede·

1605 2447 1620 2451 ⁴
1697 2434 1823 2486 bant
1843 2442 2048 2486 veteres
2062 2435 2299 2486 nascenti
2314 2435 2535 2487 cuilibet
2552 2434 2766 2487 adnasci

1695 2512 1934 2580 genium:
1970 2512 2160 2562 deinde
2193 2526 2316 2562 vero
2339 2513 2565 2576 septimo
2602 2528 2635 2565 a
2665 2528 2764 2578 qno

1696 2598 1851 2641 natus
1881 2598 2000 2641 erat
2032 2589 2137 2648 die,
2169 2590 2366 2641 Parcas
2389 2596 2644 2655 statuere,
2665 2605 2763 2657 qua

1697 2668 1786 2718 ille
1820 2683 1916 2733 per
1950 2673 2116 2719 totam
2149 2667 2310 2718 vitam
2341 2665 2558 2719 fortuna
2580 2682 2763 2718 usurus

1698 2751 1861 2795 esset.

1773 2823 1837 2872 Et
1872 2821 2136 2886 malignum
2166 2822 2401 2887 spernere
2434 2821 2634 2886 vulgus]
2667 2823 2766 2873 Po-

1698 2900 1810 2964 puli
1836 2900 2241 2965 malignitatem,
2277 2899 2546 2963 invidiam,
2571 2900 2765 2964 opinio·

1698 2990 1836 3041 nem,
1875 2974 2106 3026 favorem
2145 2977 2304 3025 etiam
2345 2981 2401 3025 et
2440 2977 2764 3041 applausum.

1701 3057 1835 3108 Quae
1873 3054 1962 3119 qui
2007 3067 2106 3105 non
2150 3052 2373 3119 spernit,
2414 3052 2459 3103 is
2506 3068 2763 3121 nunqnam

1697 3117 1855 3184 beate
1878 3131 2087 3183 vixerit.

1407 3383 1609 3450 ODE
1660 3383 1916 3453 XVII.

1324 3553 1429 3602 AD
1480 3551 1995 3601 MAEOENATEM.

556 3675 899 3726 Maecenatem
941 3675 1085 3725 velut
1114 3664 1347 3724 assidens
1388 3673 1673 3740 alloquitur
1708 3680 2016 3741 querentem
2048 3673 2112 3723 de
2151 3674 2386 3739 periculo
2424 3689 2543 3735 suo,
2578 3679 2633 3725 et
2675 3685 2764 3738 pro

620 3758 861 3820 praesenti
885 3761 1029 3808 statu
1050 3762 1322 3823 optantem
1344 3764 1586 3808 mortem.
1615 3756 1722 3809 Vct.
1743 3756 1907 3809 Schol.
1973 3757 2115 3809 Puto
2138 3771 2256 3807 eum
2276 3754 2514 3807 recidiva
2542 3755 2765 3821 podagra

623 3837 905 3891 laborasse.

1174 3885 1196 3946 1
1419 3892 1439 3939 r

1829 3901 1859 3951 p
2042 3889 2061 3933 Ι

903 3937 1071 4004 CUR
1103 3957 1211 4003 me
1235 3902 1904 4059 querelis}{e{animas
1935 3939 2115 4004 tuis?

626 4089 787 4146 Quare
806 4088 927 4145 nihi
945 4088 1094 4139 vitam
1113 4089 1276 4152 aufers
1290 4104 1380 4155 per
1399 4090 1712 4155 querimonias
1733 4095 1842 4140 tuus
1856 4088 1882 4142 2
1949 4091 2117 4156 Neque
2136 4090 2409 4141 numinibus
2429 4094 2609 4157 placet,
2625 4104 2767 4156 neque

1483 4214 1851 4243 ome-eume·

522 4283 531 4290 ⁶
627 4297 745 4351 Ode
766 4297 970 4351 decima
989 4308 1176 4355 octava
1198 4304 1342 4356 Libri
1369 4308 1540 4372 quarti
1573 4307 1630 4358 in
1653 4307 1750 4360 Ed.
1772 4307 2058 4360 Sanad.—l
2096 4307 2317 4374 Cuning.
2356 4308 2490 4365 Quid
2509 4324 2583 4359 nse
2601 4322 2755 4373 quere·
