3059 4909
528 382 709 468 276³

1257 417 1325 475 Q·
1373 412 1692 462 noRA'ru
1746 409 2014 461 rnaocr

791 562 1020 642 Quem.
1042 562 1102 626 si
1133 561 1497 646 puellarum
1527 558 1848 625 insereres
1881 557 2107 632 choro,

793 667 966 732 Mire
998 685 1281 750 sagaces
1311 664 1572 728 falleret
1600 662 1909 746 hospites
1937 658 1940 665 ’

882 769 1254 834 Discrimen
1284 768 1665 842 obscurum,
1697 765 1938 828 solutis

965 873 1299 948 CrinibuS,
1332 870 1789 954 ambiguoque
1818 868 2027 933 vultu.

532 1089 676 1152 mari,
697 1093 780 1139 nat
814 1090 978 1155 Gyges
998 1087 1236 1138 Gnidius:
1274 1101 1411 1149 quem
1431 1084 1476 1134 si
1497 1084 1692 1134 misceas
1723 1082 1861 1132 coetui
1879 1078 2153 1143 'virginiam⁹
2189 1081 2393 1130 adtentus
2413 1079 2619 1129 maxime
2639 1092 2739 1142 per-

531 1155 740 1217 spicaces
760 1156 995 1218 deciperet
1013 1154 1193 1203 incer-tn
1209 1151 1505 1217 differentia,
1521 1148 1677 1213 passis
1695 1147 1899 1212 capillis,
1913 1146 2143 1212 dubiaque
2154 1145 2306 1207 sacie-

1454 1296 1512 1316 Ν
1519 1294 1820 1316 OOO‘OO‘ON

532 1399 715 1451 Lamb.
739 1399 918 1449 Bentl.
935 1398 1130 1463 Delph.
1152 1398 1371 1472 wetzel.
1396 1404 1452 1446 et
1476 1395 1773 1447 thd.-24
1809 1396 1981 1446 Bentl.
2000 1396 2147 1459 sani,
2170 1400 2224 1446 et
2249 1394 2411 1445 Kidd.
2434 1396 2583 1444 voltu·

1537 1564 1585 1613 N
1592 1561 1750 1612 01*AE

536 1681 624 1746 gil.
648 1687 844 1741 notum,
880 1681 1061 1744 Eclog.
1087 1695 1149 1732 ιι.
1175 1685 1222 1730 1.
1257 1682 1272 1708 ‘
1293 1681 1598 1730 Formosum

534 1763 719 1823 pastor
742 1757 984 1821 Corydon
1007 1758 1225 1809 ardebat
1250 1757 1460 1820 Alexin,
1489 1757 1598 1806 De·

533 1835 683 1885 licias
712 1833 941 1884 domini!
1520 1847 1545 1858 ⁸

536 1910 543 1920 '
601 1916 661 1962 21
703 1913 853 1968 Quem
873 1912 918 1960 si
942 1912 1205 1974 puellarum
1226 1911 1473 1976 insereres,
1494 1911 1601 1975 ism]

532 1989 702 2054 Gygis
719 2004 904 2054 nempe
923 1989 1094 2054 vultus
1108 1988 1272 2053 laevis,
1290 1995 1458 2053 tener,
1478 1982 1599 2040 can-

535 2067 707 2131 didus,
732 2073 992 2130 venustus,
1012 2065 1142 2115 adeo
1167 2065 1384 2130 virginis
1401 2066 1600 2129 specio-

535 2159 607 2194 sae
646 2143 1084 2208 pulchritudinem
1121 2141 1307 2208 refert,
1329 2150 1387 2193 nt
1410 2143 1496 2191 vix
1522 2142 1598 2191 in-

534 2221 762 2278 ternosci
797 2227 974 2286 queat,
1005 2220 1021 2249 ‘
1041 2222 1082 2271 si
1118 2221 1406 2285 puellarum
1440 2220 1601 2270 choro

534 2298 797 2347 inseratur
815 2296 849 2345 :'
872 2298 1095 2360 puellam
1117 2298 1333 2357 etenim,
1346 2312 1451 2348 non
1475 2313 1599 2362 pue-

535 2391 670 2438 rum,
692 2375 886 2439 Gygen
902 2373 1261 2426 affirmaveris.

600 2456 666 2501 22
705 2451 917 2501 Falleret
955 2449 1184 2515 hospites]
1238 2449 1347 2500 Nos
1385 2450 1598 2516 quidem

536 2530 697 2594 cives,
741 2527 829 2593 qui
867 2541 983 2576 eum
1034 2528 1414 2594 cognoscimus,
1457 2527 1598 2579 forte

535 2621 639 2657 non
676 2603 890 2655 falleret
928 2605 1140 2670 Gyges;
1174 2605 1403 2668 hospites
1427 2612 1599 2655 autem

537 2691 594 2734 et
650 2682 909 2747 peregrini
962 2696 1289 2746 nequaquam
1333 2696 1367 2731 a
1410 2684 1600 2746 puellis

535 2760 766 2826 puellum
822 2760 956 2808 hunc
1007 2757 1380 2809 discernerent.
1466 2760 1599 2809 Tam

536 2837 673 2887 enim
694 2837 939 2886 obscurum
967 2843 1046 2885 est
1070 2836 1342 2885 discrimen.

601 2917 665 2962 23
687 2913 871 2963 Salutis
893 2912 1126 2975 crinibus]
1163 2914 1384 2964 Prolixis
1407 2921 1461 2964 et
1486 2930 1601 2979 pas·

1680 1678 1767 1740 sis,
1785 1691 1925 1727 more
1945 1676 2148 1726 scilicet
2171 1674 2426 1739 virginum
2446 1690 2461 1735 ;
2482 1678 2538 1724 at
2562 1680 2741 1724 contra

1680 1761 1861 1818 nuptae
1885 1753 2103 1817 capillos
2128 1752 2440 1817 religabant-

1745 1836 1810 1881 24
1848 1830 2177 1895 Ambiguoque
2217 1829 2375 1893 vultu]
2440 1829 2517 1878 Ut
2563 1842 2741 1879 sexum

1682 1922 1786 1960 non
1827 1908 2134 1973 distinguas.
2202 1908 2289 1957 Sic
2327 1907 2598 1958 juvenalis
2633 1906 2742 1955 Sat.

1686 1999 1784 2034 xv.
1808 1989 1921 2035 137.
1945 1984 2013 2034 de
2038 1980 2236 2048 pupillo
2270 1999 2299 2032 a
2334 1989 2507 2032 tutore
2539 1979 2742 2032 defrau-

1681 2064 1836 2114 dato:
1874 2070 1888 2092 ‘
1907 2050 2069 2127 Cujrts
2094 2062 2353 2121 manantia
2373 2060 2501 2111 fletu
2520 2060 2629 2110 Ora
2653 2075 2743 2124 pu-

1682 2143 1865 2193 ellares
1885 2140 2085 2192 faciunt
2101 2142 2302 2191 incerta
2322 2140 2535 2206 capilli!
2589 2139 2742 2190 Ovid.

1682 2220 1815 2271 Met.
1838 2233 1963 2269 vm.
1986 2222 2102 2269 323.
2137 2217 2307 2267 ‘Talis
2340 2224 2458 2266 erat
2492 2219 2638 2267 cultu
2668 2216 2742 2266 fa-

1682 2296 1807 2359 cies,
1827 2309 1979 2360 quam
2004 2295 2179 2344 dicere
2212 2308 2335 2345 vere
2356 2295 2659 2359 virgineam
2693 2294 2744 2343 in

1680 2388 1864 2438 puero,
1906 2374 2157 2437 puerilem
2200 2374 2251 2422 in
2291 2373 2490 2436 virgine
2531 2371 2742 2436 posses.'

1680 2449 1830 2501 Idem
1871 2464 1949 2500 vr.
1975 2454 2093 2499 711.
2140 2449 2364 2499 ‘Cultus
2402 2456 2519 2499 erat
2561 2450 2739 2515 pueri;

1682 2525 1864 2591 facies,
1887 2541 2041 2592 quam
2078 2527 2186 2576 sive
2219 2526 2406 2590 puellae
2438 2526 2560 2576 Sive
2594 2528 2742 2575 dares

1682 2602 1867 2669 puero,
1898 2604 2051 2655 fieret
2069 2602 2320 2654 formosus
2337 2603 2592 2669 uterque.’
2639 2603 2744 2654 Au-

1681 2697 1792 2733 son.
1814 2683 2142 2747 Epigncvn.
2178 2680 2343 2731 ‘Dum
2368 2681 2572 2731 dubitat
2598 2688 2743 2731 natu-

1685 2775 1742 2810 ra
1764 2774 1957 2809 marem
1981 2758 2245 2809 faceretne
2281 2760 2525 2824 puellam,
2555 2759 2744 2809 Factus

1683 2852 1760 2901 es,
1783 2852 1813 2887 o
1836 2838 2073 2902 pulcher,
2096 2850 2247 2900 paene
2271 2835 2464 2900 puella,
2487 2836 2652 2900 pner.’

540 3228 545 3231 -
1421 3152 1621 3218 ODE
1693 3149 1823 3217 VI.

444 3309 914 3461 Ξειξῢᾷψίυις.
949 3268 1441 3405 WAD
1490 3333 1944 3383 SEPTtMtUM.

528 3501 676 3575 ‘Titio
718 3505 971 3570 Septimio
1015 3510 1192 3577 Equiti
1232 3513 1481 3574 Romano,
1516 3512 1705 3576 insigni
1744 3508 1945 3574 Poet'ae,
1986 3518 2041 3562 et
2075 3511 2413 3562 commilitoni
2456 3511 2578 3562 olim
2633 3524 2739 3565 sno,

602 3586 689 3650 qui
712 3602 827 3638 eum
851 3592 917 3642 ad
946 3593 1121 3643 villam
1157 3609 1300 3644 suam
1340 3590 1677 3645 Tarentinam
1715 3596 2053 3657 invitaverat,
2075 3592 2342 3660 languenti
2376 3596 2512 3659 stylo
2537 3608 2741 3658 respon-

601 3667 711 3733 det,
730 3685 787 3720 se
815 3673 924 3737 jam
948 3675 1071 3725 vitae
1095 3677 1358 3726 laboribus
1381 3692 1535 3741 paene
1556 3675 1832 3742 fatigatum
1867 3678 1919 3726 in
1938 3677 2212 3727 Tiburtino
2234 3692 2325 3726 suo
2358 3691 2569 3726 secessu
2593 3675 2739 3725 malle

597 3752 736 3813 quod
760 3756 1010 3820 reliquum
1045 3765 1129 3808 est
1167 3758 1286 3808 vitae
1313 3759 1637 3824 transigere:
1672 3760 1752 3809 sin
1793 3766 1967 3809 autem
2008 3759 2107 3809 hoc
2141 3759 2307 3808 minus
2344 3758 2442 3808 sibi
2474 3757 2738 3821 obtigerit,

595 3828 822 3883 libenter
843 3851 900 3885 se
924 3836 1060 3900 apud
1087 3853 1203 3887 enm
1222 3839 1435 3889 Tarenti
1459 3842 1678 3889 animam
1699 3838 2013 3891 efflaturum.

1114 3904 1147 3941 t
1358 3896 1388 3939 β

1624 3913 1657 3966 1

803 3917 1146 4029 szp'mm,
1177 3917 1700 4101 Gadeszaditure
1728 3920 2015 4035 mecum,
2049 3963 2116 4020 et

603 4099 649 4144 0
671 4098 893 4167 Septimi,
907 4108 1180 4181 per-recture
1201 4121 1377 4156 mecum
1398 4104 1462 4156 «id
1489 4107 1670 4171 Gades,
1683 4114 1733 4158 et
1759 4107 2023 4159 Cantabros
2043 4106 2179 4157 nobis
2197 4106 2374 4155 servire
2390 4104 2587 4167 nescios,
2603 4109 2732 4167 atque

1454 4238 1821 4259 mm‘OO

600 4321 720 4373 Ode
756 4325 914 4391 tertia
952 4318 1098 4383 Libri
1129 4333 1299 4399 quarti
1338 4334 1392 4384 in
1427 4300 1683 4387 'Editione
1722 4336 1914 4389 Sanad.
1979 4335 2296 4389 Inscribitnr
2334 4336 2384 4386 in
2427 4332 2727 4386 editionibus
