3059 4909
487 315 636 422 104-
1201 334 1270 394 Q.
1317 335 1635 385 HORATu
1690 336 1997 389 sancct-

747 475 1064 540 Dissolve
1084 476 1317 560 friguS,
1345 475 1527 561 ligna
1554 478 1936 563 super'foco
2646 479 2690 542 5

745 578 959 662 Large
988 599 1352 666 reponens:
1394 587 1602 666 atque
1628 583 1979 666 benignius

840 682 1166 765 Deprome
1195 682 1618 767 quadrimum
1647 683 1918 765 Sabina,

919 783 980 847 Ο
1011 783 1429 864 Thaliarche,
1457 805 1710 850 merum
1742 785 1952 853 diota.

745 884 1063 953 Permitte
1096 886 1297 953 Divis
1330 894 1552 963 cetera
1570 909 1587 970 ;
1637 890 1752 973 qui
1781 888 1976 955 simul

741 987 1052 1054 Stravere
1081 997 1315 1055 ventos
1347 1010 1620 1075 aequore
1649 991 1907 1056 fervido

833 1089 1356 1176 DepraelianteS,
1388 1111 1514 1159 nec
1544 1094 1869 1178 cupressi,

918 1195 1077 1260 Nec
1106 1201 1363 1261 veteres
1391 1196 1720 1279 agitantur
1752 1197 1919 1262 orni.

2598 989 2682 1089 10

486 1358 597 1421 vero
619 1346 850 1422 tusrigus
869 1346 1003 1409 ligna
1020 1347 1199 1412 copiose
1218 1363 1479 1411 congerens
1495 1349 1561 1398 ad
1583 1349 1739 1411 ignem
1753 1367 1768 1398 .·
1803 1355 1852 1398 et
1869 1349 2031 1399 vinum
2051 1353 2254 1413 quatuor
2272 1363 2505 1399 annorum
2524 1347 2690 1396 libera·

487 1411 600 1461 later
633 1410 800 1460 exhibe
834 1426 942 1462 vase
981 1412 1176 1462 Sabino.
1250 1415 1457 1467 Remitte
1491 1413 1609 1464 Diis
1645 1415 1855 1478 reliqua:
1890 1416 1973 1478 qui
2008 1416 2174 1464 statim
2210 1430 2265 1464 uc
2303 1415 2509 1476 dejecere
2529 1419 2694 1462 ventos

396 1530 402 1537 ,
486 1478 719 1525 oestumtte
742 1478 863 1527 mari
883 1478 1134 1541 luctantes,
1167 1493 1251 1529 nec
1288 1483 1533 1528 moventur
1565 1480 1795 1543 cupressi,
1823 1495 1908 1530 uec
1933 1482 2040 1530 orni
2071 1485 2287 1530 vetustte.
2358 1480 2485 1528 Cave
2501 1492 2693 1545 percon-

1408 1606 1523 1628 0000
1531 1607 1768 1628 ‘O‘OO‘OO

487 1684 706 1748 Bipont.
746 1694 800 1737 et
841 1688 1146 1740 Wakef.—6
1180 1692 1401 1756 Cuning.
1449 1693 1589 1757 conj.
1630 1698 1772 1756 atque
1813 1690 2177 1753 benignior.-⁷
2211 1691 2409 1755 Depone
2429 1706 2477 1752 q.
2513 1685 2695 1736 Sabina

487 1750 710 1833 Mentel.
747 1759 804 1802 et
835 1753 991 1831 ‘Harh
1016 1759 1064 1804 1.
1111 1759 1126 1783 ‘
1148 1756 1242 1806 Vir
1282 1757 1615 1808 doctissimus
1643 1757 1865 1808 Thomas
1905 1757 2038 1808 Gale
2075 1756 2249 1820 legere
2271 1754 2466 1805 maluit
2500 1752 2696 1802 Sabino.

491 1815 683 1892 eredo,
707 1832 848 1880 quasi
872 1834 905 1895 a
927 1820 1118 1872 Graeco
1144 1821 1326 1881 διώτης.
1394 1823 1581 1888 Neque
1607 1821 2028 1875 dissimulandum
2051 1827 2132 1875 est
2153 1821 2205 1870 in
2232 1817 2592 1873 vetustissimis
2610 1830 2698 1865 co-

488 1878 695 1958 dicibus
719 1881 1001 1941 Graviano
1025 1893 1081 1935 et
1105 1887 1404 1950 Reginensi,
1442 1889 1492 1936 in
1530 1888 1619 1937 illo
1658 1888 1969 1950 praesertim,
2003 1886 2339 1950 posteriorem
2363 1899 2400 1934 A
2423 1881 2698 1933 formatam

487 1944 656 2015 Videt!
678 1960 741 1994 ex
765 1962 817 1998 ο.
892 1949 1186 2015 Utcumque
1218 1953 1314 2001 hoc
1338 1951 1517 2012 fuerit,
1552 1953 1742 2002 Graece
1765 1959 1910 2002 certe
1935 1949 2101 2001 δίωτοι·
2123 1951 2202 1999 vel
2226 1949 2380 1998 διωτὶς
2402 1948 2669 1997 diceretur
2684 1965 2698 2006 ;

491 2023 590 2059 non
615 2010 783 2071 διώτης
814 2027 912 2064 nec
944 2014 1127 2075 διῶτη.’
1158 2017 1324 2069 Bentl.
1392 2018 1526 2067 Edd.
1550 2019 1764 2067 Venett.
1804 2024 1860 2068 et
1897 2016 2144 2066 Glarean·
2178 2018 2435 2080 ‹lycum—8
2470 2010 2696 2066 Quidam

1473 2149 1691 2200 NOTAE

553 2241 582 2284 5
618 2238 1031 2305 Dissolvefiigus,
1052 2244 1162 2311 ξω]
1186 2244 1421 2296 Imitatio
1436 2261 1552 2296 ver·

489 2326 632 2360 suum
660 2313 844 2377 Alcaei,
877 2318 1064 2382 hyeme
1101 2323 1383 2385 potandum
1415 2338 1553 2375 asse·

490 2390 671 2446 remis,
695 2393 833 2455 apud
860 2392 1053 2447 Athen.
1079 2412 1133 2449 x.
1156 2405 1204 2449 8.

400 2534 403 2535 γ
554 2467 586 2513 7
618 2463 797 2516 Sabina
817 2470 974 2537 diota]
1012 2474 1147 2525 Vase
1171 2477 1222 2525 in
1246 2476 1452 2528 Sabinis
1476 2476 1557 2527 fa·‘

489 2536 679 2591 bricari
704 2546 875 2604 solito,
901 2549 1038 2614 quod
1063 2553 1268 2617 quidem
1297 2554 1555 2621 utrimque

491 2631 640 2691 ansas
692 2623 848 2673 habet
897 2626 1041 2677 velut
1083 2629 1359 2691 auriculas,
1402 2631 1554 2692 diota,

491 2694 648 2755 διό-νη.
728 2701 1053 2753 Quadrantal
1097 2704 1300 2768 dicunt,
1347 2714 1466 2757 octo
1501 2715 1558 2756 et

490 2773 835 2836 quadraginta
858 2780 1113 2828 sextarios
1154 2782 1383 2844 capiens.
1450 2781 1556 2831 Alii

493 2863 583 2896 vas
606 2851 808 2900 nonita
849 2846 1087 2918 magnum
1125 2855 1210 2906 hic
1239 2858 1557 2922 intelligunt,

492 2924 587 2975 sed
610 2927 780 2990 potius
821 2929 874 2977 in
909 2946 1011 2994 quo
1035 2932 1304 2983 hauriatur
1328 2935 1500 2983 vinum
1525 2950 1557 2985 e

494 3001 650 3053 dolio.
702 3001 991 3067 Perperam
1038 3011 1272 3058 nonnulli
1324 3012 1557 3063 scribunt

492 3079 657 3141 dycta,
709 3082 853 3142 quasi
905 3077 1005 3132 ὗτα
1065 3085 1145 3134 δύο
1202 3085 1407 3151 ἔχουσα,
1454 3104 1554 3139 um-

487 3156 657 3218 phora.

560 3236 591 3279 8
629 3233 931 3300 Thaliarche]
966 3239 1167 3289 Nomen
1191 3242 1286 3291 hoc
1311 3242 1449 3293 idem
1471 3257 1554 3294 so-

493 3315 586 3359 nat
621 3312 761 3375 quod
796 3316 1246 3383 symposiarchus3
1278 3320 1444 3372 θαλίας
1473 3322 1556 3388 ἅρ-

493 3402 617 3449 χων,
634 3390 844 3439 convivio
860 3395 1136 3455 prce-sidens.

556 3469 593 3514 9
628 3466 864 3517 Permitte
903 3470 1051 3519 Divis
1085 3473 1261 3538 cetera]
1296 3474 1400 3524 Uni
1429 3488 1559 3525 vaca

493 3540 787 3604 voluptati;
843 3552 1136 3596 ceterorum
1192 3563 1315 3598 vero
1379 3563 1553 3600 curam

492 3615 619 3666 Diis
639 3617 889 3680 relinque.
1376 3620 1379 3623 ’

565 3692 663 3748 Qui
689 3693 834 3744 simul
854 3695 1082 3747 Struvere
1102 3706 1284 3762 ventos,
1305 3699 1412 3763 ξω]
1451 3698 1556 3750 Hic

495 3769 724 3842 §toicum
746 3773 854 3836 agit
878 3774 1145 3837 Horatius,
1165 3777 1287 3825 alibi
1315 3790 1438 3826 vero
1461 3792 1556 3826 εω-

496 3846 613 3910 pius
673 3848 1017 3913 Epicureum3
1072 3867 1259 3917 nempe
1319 3855 1559 3905 mortalia

495 3921 606 3973 liaec
623 3930 680 3973 et
703 3923 876 3975 infima
896 3927 1013 3976 Diis
1042 3942 1153 3977 esse
1187 3944 1327 3980 curae
1354 3932 1557 3990 asserit,

496 4001 888 4064 potentiamque
912 4008 964 4050 et
999 4002 1376 4063 firovidentiam
1416 4007 1559 4055 vide-

496 4083 584 4124 tur
633 4077 885 4137 stabilire,
940 4078 1182 4140 exemplo
1239 4080 1358 4130 isto.
1425 4083 1558 4133 Cum

497 4150 715 4212 primum
751 4150 845 4211 illi,
886 4150 1073 4215 inquit,
1113 4160 1295 4204 ventos
1318 4155 1558 4221 depraeli-

498 4232 647 4275 antes
684 4225 932 4290 retinent,
978 4228 1284 4294 quiescunt3
1320 4247 1437 4284 cum
1474 4248 1558 4286 se-

1632 2246 1746 2296 dari
1771 2251 2111 2310 tempestates
2132 2245 2331 2299 volunt,
2352 2254 2497 2291 mare
2518 2240 2694 2290 statim

1634 2331 1855 2387 pacatur
1919 2330 2077 2388 atque
2140 2318 2399 2370 subsiditz
2461 2316 2698 2382 adeoque

1634 2397 1912 2465 tranquilla
1952 2403 2071 2446 sunt
2111 2395 2302 2456 omnia,
2339 2401 2398 2443 ut
2435 2404 2533 2442 nec
2565 2392 2700 2454 orni,

1634 2490 1732 2527 nec
1780 2476 2013 2540 cupressi
2059 2479 2378 2523 moveantur.
2441 2469 2528 2519 Sic
2571 2483 2697 2533 ergo

1635 2560 1690 2602 et
1714 2551 1965 2602 curabunt
1982 2564 2045 2599 ea
2066 2564 2181 2614 quae
2204 2547 2267 2597 ad
2297 2544 2527 2595 homines
2547 2558 2700 2609 spec-

1638 2637 1770 2691 tant,
1792 2628 2007 2678 adversa
2028 2638 2249 2692 quaeque
2282 2628 2337 2671 et
2357 2621 2621 2672 contraria
2643 2618 2697 2669 in

1636 2704 1818 2755 melius
1843 2707 2243 2753 commutantes.
2373 2699 2379 2703 “

1702 2786 1759 2831 ll
1801 2781 2050 2845 cupressi]
2089 2779 2194 2827 Pro
2235 2774 2469 2841 qualibet
2513 2772 2700 2822 arbore

1635 2858 1722 2907 hic
1747 2865 2028 2920 ponuntur,
2051 2856 2185 2904 sicut
2209 2860 2265 2902 et
2286 2849 2409 2900 orni.
2479 2849 2609 2899 Cato
2636 2848 2702 2909 de

1638 2936 1716 2985 Re
1742 2937 1959 2985 Rustica
1997 2948 2113 2997 cap.
2151 2935 2234 2981 42.
2271 2937 2326 2979 et
2362 2933 2473 2978 161.
2500 2926 2565 2977 de
2600 2926 2701 2975 illis

1636 3013 1860 3062 abunde.
1907 3011 2045 3061 Plin.
2074 3023 2190 3060 xv1.
2224 3011 2306 3057 88.
2373 3012 2386 3035 ⁸
2414 3005 2700 3069 Cupressus

1637 3099 1761 3140 natu
1785 3103 2007 3150 morosa,
2023 3084 2199 3136 fructu
2215 3095 2557 3147 supervacua,
2581 3079 2699 3130 hac·

1636 3167 1712 3216 cis
1737 3175 1902 3225 torva,
1924 3163 2046 3213 folio
2064 3175 2256 3222 amara,
2280 3157 2440 3208 odore
2456 3157 2703 3217 violenta,

1638 3258 1699 3293 ac
1723 3257 1788 3292 ne
1814 3241 1993 3290 umbra
2029 3238 2238 3303 quidem
2270 3233 2515 3298 gratiosa,
2539 3239 2702 3281 mate·

1638 3318 1714 3367 rie
1748 3331 1881 3377 rara,
1917 3315 2031 3366 Diti
2071 3315 2251 3373 sacra,’
2290 3314 2389 3361 ὅτε.
2455 3309 2537 3358 Ex
2570 3309 2702 3359 Var-

1638 3410 1782 3456 rone,
1817 3395 1958 3458 rogis
1994 3392 2286 3453 adhibetur,
2332 3393 2549 3452 propter
2589 3399 2702 3450 gra·

1638 3485 1755 3521 vem
1791 3469 2005 3520 ustrinae
2045 3467 2308 3517 nidorem:
2346 3464 2585 3529 quoniam
2608 3460 2702 3510 foe-

1636 3553 1799 3611 torem
1835 3545 2121 3608 cadaveris,
2160 3544 2281 3593 dum
2306 3540 2490 3601 uritur,
2531 3538 2702 3588 odoris

1636 3624 1714 3673 sui
1751 3623 2090 3688 Jueunditate
2130 3620 2279 3670 lenit.
2353 3617 2569 3666 Servius
2609 3615 2701 3674 ait,

1636 3699 1757 3749 ideo
1801 3697 2093 3749 cremandis
2121 3693 2481 3746 cadaveribus
2516 3703 2704 3740 eonve-

1639 3773 1770 3830 nire,
1790 3774 1913 3838 quia
1937 3772 2157 3836 praeciso
2181 3768 2354 3833 capite
2386 3766 2623 3828 moritur,
2647 3771 2704 3814 et

1637 3852 1884 3902 subsecta
1905 3865 2010 3900 nou
2043 3848 2349 3909 renascitur,
2372 3842 2711 3910 quemadmm-

1639 3928 1758 3978 dum
1783 3941 1812 3976 e
1833 3927 2046 3976 mortuis
2069 3924 2195 3974 nihil
2218 3927 2472 3987 speratur.

1703 4009 1765 4054 12
1805 4003 1955 4068 Orni]
1996 4000 2225 4051 Arbores
2254 4010 2483 4062 procerae
2509 4000 2566 4046 et
2589 4007 2702 4057 gra·

1639 4081 1796 4142 ciles3
1866 4079 2147 4144 sylvestres
2211 4071 2437 4139 fraxini3
2498 4075 2703 4122 montes

1639 4163 1832 4221 amant,
1853 4170 1919 4206 ex
1940 4153 2133 4206 Plinio.
