3059 4909
1238 357 1251 374 ι
1304 327 1721 388 rastrum.
2571 321 2617 385 '7

496 478 680 564 Quid
726 482 1072 568 scripserit
1117 481 1429 562 Flaccus,
1459 501 1544 547 ea
1566 483 1864 566 quaestio
1890 481 2215 551 historica
2242 490 2385 550 est:
2428 486 2501 550 in
2531 503 2614 549 ea

414 589 722 669 testibus,
779 587 847 654 h.
894 606 955 654 c.
1014 586 1207 651 libris
1260 587 1576 671 antiquis,
1621 587 2208 654 consentientibus·
2247 589 2617 673 praecipue,

409 691 827 770 credendum,
857 688 1178 775 quamdiu
1206 689 1346 773 ipsi
1376 690 1509 754 sibi
1535 689 1744 755 fidem·
1766 708 1899 755 non
1920 690 2260 775 abrogant,
2286 689 2613 775 quamdiu

364 831 377 840 ·
407 812 540 858 non
568 794 809 861 dicunt
837 800 1064 878 aperte
1093 793 1555 877 repugnantia.
1644 792 2126 861 Sedvidentur
2153 792 2481 860 interdum
2517 811 2617 858 re-

406 914 726 980 pugnare,
754 918 956 982 quae,
975 940 985 947 -
1004 898 1490 980 circumspecta
1544 897 1673 962 rite
1721 899 1902 962 omni
1961 897 2486 973 circumstantia,
2540 896 2611 960 in

409 1002 838 1067 concordiam
868 1010 1157 1087 possunt
1185 1002 1392 1087 redigi
1422 1020 1529 1075 eo,
1558 1011 1637 1067 ut
1675 1002 1743 1066 in
1785 1001 2092 1079 musiciS,
2114 998 2610 1086 jucundiorem,

409 1102 591 1185 quod
617 1104 869 1170 habent
902 1105 1159 1190 aliquid
1202 1126 1448 1193 pugnae
1495 1104 1876 1170 admistum.
1965 1103 2123 1169 Tali
2169 1099 2435 1189 ὄξόμωςα
2482 1121 2619 1167 nou

409 1205 767 1271 observata
791 1205 1011 1274 fraudi
1037 1209 1223 1276 fuere
1253 1227 1723 1291 nonnunquam
1769 1207 2079 1273 Bentleio
2112 1205 2203 1273 V.
2230 1208 2313 1272 C.
2361 1222 2445 1268 ιι.
2478 1203 2621 1270 Sat.

410 1308 474 1372 5.
503 1307 612 1372 79.
642 1309 891 1377 et103.
979 1311 1058 1378 Si
1077 1311 1240 1397 quid
1270 1317 1490 1378 autem
1537 1311 1627 1376 sit
1664 1309 1895 1387 etiam,
1926 1309 2107 1396 quod
2149 1329 2193 1375 a
2232 1307 2479 1375 vitiosa
2520 1326 2621 1372 re-

410 1414 773 1496 pugnantia
820 1415 1100 1481 liberare
1149 1434 1286 1480 non
1333 1414 1613 1498 possim,
1667 1433 1803 1478 non
1858 1413 2011 1478 ideo
2043 1431 2236 1480 urere
2257 1418 2347 1476 -et
2390 1429 2623 1476 secare
2701 1406 2708 1410 ’

404 1514 589 1593 licet,
619 1536 756 1581 non
784 1519 1070 1602 grassari
1099 1518 1168 1583 in
1196 1509 1429 1596 libros,
1465 1524 1535 1583 ut
1577 1518 1645 1581 in
1690 1516 2173 1602 discipulorum
2209 1535 2426 1600 pensa
2455 1515 2626 1579 solet

405 1618 822 1685 emendatrix
862 1633 1127 1687 manus-
1147 1622 1589 1707 praeceptoris
1609 1641 1642 1686 :-
1673 1620 1794 1686 sed
1837 1620 1977 1685 nisi·
2007 1620 2105 1684 ita
2134 1618 2384 1695 mollis,
2415 1618 2516 1682 ita
2543 1616 2626 1681 li·

405 1719 639 1804 quida,
667 1721 769 1786 ita
794 1722 1002 1803 clara,
1031 1725 1129 1791 ita
1157 1725 1362 1791 unica
1391 1724 1483 1790 sit
1510 1723 1913 1801 emendatio,
1942 1722 2285 1807 planemti
2316 1719 2624 1786 dubitare

407 1822 668 1889 homini
696 1843 917 1891 rerum
947 1828 1162 1911 perito
1203 1847 1336 1892 non
1380 1827 1608 1905 liceat,
1651 1825 1997 1892 modestiae
2040 1829 2288 1890 nostrae
2316 1829 2388 1889 et
2412 1825 2624 1890 bono-

406 1941 554 1990 rum
581 1925 900 1992 librorum
927 1925 1286 2012 integritati
1322 1929 1550 2013 potius
1593 1931 1691 1993 ita
1736 1928 2205 2006 consulamus„
2237 1933 2317 1992 ut
2343 1928 2629 1992 in-mar-

408 2028 581 2110 gine,
609 2029 1002 2114 quid-nobis
1034 2031 1363 2111 videatur,
1397 2030 1797 2096 indicemus.
2311 2073 2318 2079 -

501 2131 664 2197 Dici
712 2151 848 2197 non
905 2140 1156 2218 potest,
1217 2154 1419 2219 quam
1471 2134 1674 2201 facile
1731 2135 1825 2199 sit
1871 2133 1982 2198 hic
2041 2130 2213 2210 faui,
2272 2132 2447 2211 labi,·
2480 2149 2625 2198 cor-

406 2254 713 2319 rumpere
765 2235 947 2319 quod
998 2237 1348 2303 emendare
1391 2236 1584 2301 velis.
1673 2235 1847 2302 Cum
1891 2236 2300 2303 concedatur
2347 2236 2623 2301 senibus

408 2339 891 2425 περιαυτολογοῑν,
920 2338 1144 2405 dicam
1172 2341 1340 2426 quid
1373 2341 1536 2405 mihi
1565 2360 1693 2405 usu
1725 2341 2007 2406 venerit.
2097 2338 2313 2404 Fuere
2342 2341 2431 2405 ab
2462 2339 2626 2404 ado·

413 2442 742 2507 lescentia
768 2441 929 2507 inde
951 2462 1102 2509 mea
1131 2445 1357 2521 amici,
1381 2443 1628 2509 eruditi
1658 2463 1822 2512 sane
1842 2444 2148 2509 homines
2179 2448 2247 2507 et
2276 2441 2627 2525 ingeniosi,

412 2547 528 2630 qui
559 2546 848 2610 subinde
874 2554 1272 2613 accusarent
1299 2566 1515 2613 meam
1545 2549 1613 2611 in
1638 2545 2218 2612 emendationibus
2241 2543 2353 2607 vel
2382 2544 2625 2607 alienis

415 2648 522 2711 vei
566 2649 733 2714 meis
779 2649 1208 2717 admittendis
1249 2650 1657 2716 tarditatem.
1745 2648 1880 2714 Sed
1913 2648 2137 2713 fateor
2164 2647 2471 2729 ingenue,
2504 2644 2627 2709 ali-

414 2752 683 2834 quoties
709 2759 936 2819 tamen
963 2772 1116 2821 cum
1145 2755 1325 2819 omni
1350 2751 1492 2831 illa,
1515 2772 1720 2838 quam
1752 2771 1881 2837 ego
1908 2750 2296 2816 cautionem
2325 2746 2629 2831 appella·

414 2854 596 2932 bam,
614 2856 749 2940 ipsi
779 2854 1231 2935 timiditatem,
1256 2856 1622 2941 aliquoties
1643 2855 1807 2919 mihi
1828 2872 1956 2918 usu
1988 2852 2285 2928 venisse,
2311 2856 2389 2914 ut
2417 2856 2624 2914 aucto

415 2953 678 3022 scilicet
703 2977 922 3022 rerum
951 2959 1444 3042 verborumque
1483 2977 1642 3035 usu,
1671 2953 2113 3023 retractandae
2143 2960 2380 3019 essent
2405 2970 2626 3017 emen-

418 3058 753 3138 dationes,
781 3059 936 3145 qu'oe
970 3060 1167 3126 valde
1196 3062 1360 3127 mihi
1390 3061 1807 3145 placuerant.
1867 3105 1872 3108 -

417 3202 429 3222 .
508 3158 916 3245 Quo-minus
942 3162 1239 3246 poenitet
1273 3164 1345 3227 in
1382 3162 1674 3228 Horatio
1703 3180 1984 3228 causam
2012 3165 2436 3244 receptarum·
2456 3158 2627 3224 Iaec-

414 3263 693 3327 tionum·
719 3265 1104 3348 suscepisse
1163 3282 1634 3349 nonnunquam
1681 3271 1909 3330 contra
1956 3264 2182 3347 ipsum
2225 3260 2627 3339 Bentleium,

412 3367 627 3431 etiam
672 3366 790 3431 ubi
834 3367 1168 3445 irascitur,
1216 3370 1318 3446 (ut
1360 3367 1449 3432 ad
1496 3367 1648 3432 Art.
1699 3366 1894 3434 Poet.
1938 3361 2131 3450 441.)
2176 3364 2358 3449 quod
2408 3363 2630 3429 solent

415 3487 895 3553 nonnunquam
928 3468 1052 3534 viri
1099 3469 1512 3550 docti,.cum.
1538 3475 1778 3553 putant
1820 3469 2127 3553 iniquum
2153 3486 2312 3532 esse·
2335 3466 2629 3534 librariis
2716 3459 2720 3466 ’

375 3643 391 3656 χ
415 3572 893 3651 semibarbaris
940 3572 1100 3657 plus
1143 3572 1301 3637 fidei
1343 3571 1580 3636 haberi
1607 3591 1814 3656 quam
1854 3590 2000 3640 suae
2042 3569 2311 3648 rationi,
2349 3568 2481 3634 hoc
2523 3580 2632 3633 est

408 3680 649 3740 sectoe:
675 3676 880 3758 quasi
901 3675 1229 3741 vicissent
1260 3694 1419 3741 vero
1449 3694 1647 3740 suam
1674 3675 2003 3741 rationem
2030 3672 2143 3737 hic
2171 3690 2327 3748 esse
2357 3674 2628 3738 rectam.

416 3774 666 3842 Contra
690 3776 866 3842 hanc
905 3775 1305 3843 Critioorum
1333 3777 1750 3864 quorundam
1779 3763 2265 3843 vehementiam
2296 3779 2627 3839 armatum

412 3886 655 3964 pectus
684 3879 927 3945 habere
947 3880 1148 3946 debet
1179 3880 1442 3945 Horatii
1473 3879 1845 3966 praesertim
1877 3878 2131 3959 Editor,
2153 3885 2221 3962 et
2244 3877 2443 3943 malle
2470 3896 2628 3942 cum

412 3981 805 4056 Philoxeno
819 3982 916 4047 ire
932 3982 1010 4047 in
1032 3983 1451 4061 LautumiaS,
1467 4000 1673 4063 quam
1695 3980 2127 4047 laudarenon
2147 3980 2386 4057 bonas;
2406 3979 2628 4063 cujus-

414 4093 701 4170 sscumque
731 4084 999 4151 demum
1031 4087 1190 4164 sint,
1222 4104 1428 4170 quam
1472 4086 1773 4168 recipere
1816 4083 2132 4169 pulchras
2165 4083 2625 4166 quantumviS,

421 4179 545 4254 sed
572 4188 792 4254 minus
823 4189 1269 4269 necessariaS,
1298 4188 1818 4276 emendationes,
