3059 4909
996 397 1408 447 canumun
1465 400 1615 448 ma.
1663 401 1712 448 1.
1759 386 1864 451 16.

2401 386 2531 453 143

593 538 866 604 Hostile
896 546 1180 607 aratrum
1209 543 1550 661 exercitus
1570 544 1888 610 insolens.

598 641 962 726 Compesce
991 649 1268 708 mentem
1293 664 1311 725 ς
1355 665 1460 710 me
1489 665 1749 731 quoque
1779 649 2078 732 pectoris

676 743 991 810 Tentavit
1017 746 1085 809 in
1114 745 1301 811 dulci
1320 745 1603 830 juventa

764 845 1044 937 Fervor‚
1072 854 1143 913 et
1169 848 1239 913 in
1263 850 1508 915 celeres
1538 850 1815 918 lambos

332 1000 411 1050 bus
429 1001 678 1052 exercitas.
745 1003 973 1055 Animam
994 1008 1213 1072 reprime.
1279 1008 1366 1059 Me
1397 1008 1543 1059 etiam
1578 1010 1770 1075 impulit
1801 1012 1956 1063 cordis
1975 1015 2118 1067 ardor
2152 1013 2204 1063 ιἰι
2236 1027 2420 1064 amoena
2437 1012 2529 1074 ju-

1251 1137 1612 1161 ‘Oanom

330 1218 391 1263 23
426 1215 646 1266 Mentel.
676 1218 897 1269 Tentaeit
917 1222 1062 1282 dulci,
1094 1222 1284 1272 omissa
1319 1225 1708 1288 praepositione.
1777 1227 2018 1276 Waddel.
2055 1225 2329 1276 Animadv.
2367 1226 2530 1277 Critt.
2613 1250 2617 1253 ’

332 1294 383 1342 p.
417 1284 496 1329 43.
533 1282 717 1332 timide
751 1287 884 1349 conj.
916 1286 1095 1336 indulsi
1131 1287 1180 1336 in
1203 1288 1555 1348 juvenem—24
1590 1291 1818 1344 Quidam
1859 1308 1946 1357 ap.
1982 1291 2126 1354 Jani,
2152 1292 2206 1341 ιἰι
2243 1291 2528 1343 celebrem-

754 1390 759 1393 “
1174 1384 1177 1389 '
1320 1418 1539 1471 NOTAE

330 1505 911 1570 Constantinopolitanis
933 1509 1083 1574 irato,
1108 1511 1270 1564 refert
1294 1516 1386 1567 mi·

328 1589 503 1633 natum
527 1598 641 1632 esse
665 1585 865 1634 civitati
894 1589 1211 1652 vastitatem,
1231 1591 1389 1642 adeo·

325 1674 424 1723 que
445 1659 642 1725 ἄροτραν
660 1664 831 1718 βαλεῖν
846 1666 951 1715 κατ’
974 1666 1139 1726 αὐτήν·
1172 1675 1388 1721 aratrum

1530 1522 1597 1568 22
1634 1519 1882 1584 Compesce
1922 1521 2149 1586 nentem]
2196 1519 2532 1584 Quandoqui-

1468 1592 1589 1644 dem
1632 1595 1793 1658 igitur
1832 1605 1937 1648 tam
1981 1595 2134 1647 ferox
2176 1605 2233 1648 et
2275 1597 2532 1660 impetens

1468 1671 1548 1720 ira
1572 1679 1672 1735 est,
1694 1678 1752 1722 ut
1783 1675 1850 1724 a'd
1882 1675 2068 1726 ultima
2088 1689 2311 1740 quaeque
2340 1681 2536 1738 proeter

324 1737 377 1784 in
408 1752 513 1786 eam
544 1738 878 1791 immissurum.
941 1743 1143 1795 Seneca
1177 1745 1244 1796 de
1271 1747 1388 1797 Cle·
1458 1749 1551 1812 jus
1590 1745 1647 1801 et'
1686 1750 1765 1802 fas
1809 1754 2001 1817 adigat,
2044 1768 2220 1820 quaiso
2272 1753 2536 1803 obtestor·

326 1813 522 1862 mentia
541 1826 580 1862 1.
605 1817 686 1863 26.
710 1820 725 1842 ‘
749 1815 978 1880 Iujicere
1005 1819 1160 1872 tectis
1183 1821 1390 1884 ignem,’

324 1887 518 1952 inquit,
538 1891 554 1916 ‘
579 1897 806 1941 aratrum
826 1896 1045 1945 vetustis
1075 1895 1290 1947 urbibus
1314 1898 1390 1947 in·

326 1963 540 2026 ducere,
576 1967 862 2029 potentiam
890 1971 1083 2034 putat?
1146 1975 1313 2025 Quem
1336 1974 1393 2025 in

322 2039 492 2090 locum
515 2042 572 2093 J.
600 2043 804 2106 Lipsius
827 2047 958 2098 citat
987 2049 1197 2101 Horatii
1220 2053 1389 2102 locum

323 2131 475 2180 quem
518 2119 861 2186 explicamus,
893 2125 1101 2191 aitque:
1137 2142 1247 2177 mos
1275 2136 1390 2179 erat

321 2192 420 2243 iste
462 2194 516 2243 iu
554 2197 853 2249 evertendis
885 2201 1006 2251 olim
1042 2203 1290 2254 urbibus:
1335 2213 1391 2256 et

322 2270 461 2321 sicut
487 2279 666 2321 aratro
691 2275 1066 2343 condebantur,
1106 2281 1182 2331 its
1215 2291 1393 2334 aratro

319 2348 521 2409 pariter
545 2350 914 2411 significabant
934 2358 1202 2409 exscindi:
1238 2359 1391 2411 affert

322 2439 529 2489 quoque
570 2427 924 2480 Modestiuum
965 2433 1249 2486 Juriscons.
1295 2443 1309 2466 ‘
1333 2438 1389 2487 Si

322 2500 650 2551 ususfructus
694 2504 897 2556 civitati
949 2509 1154 2572 legatus
1199 2511 1291 2574 sit,
1334 2521 1391 2564 et

321 2585 559 2626 aratrum
613 2578 666 2627 in
713 2594 829 2630 eam
878 2583 1162 2648 inducitur,
1204 2588 1392 2640 civitas

320 2670 439 2705 esse
465 2655 687 2708 desiuit:
723 2666 782 2709 ut
811 2676 961 2725 passa
993 2672 1074 2715 est
1099 2666 1388 2732 Carthago;

318 2731 548 2796 ideoque
585 2736 730 2797 quasi
764 2744 930 2788 morte
967 2739 1158 2791 desinit
1195 2743 1386 2794 habere

320 2807 733 2860 usumfructum?
800 2814 937 2865 Vide
972 2817 1157 2869 Isidor.
1183 2834 1278 2870 xv.
1303 2824 1386 2872 11.

321 2884 457 2933 Coel.
482 2884 707 2949 Rhodig.
732 2901 889 2939 xxvi.
906 2896 954 2940 5.
976 2892 1131 2944 Alex.
1152 2896 1218 2946 ab
1235 2897 1387 2951 Alex.

318 2974 398 3010 vr.
427 2963 512 3010 14.
537 2961 625 3010 ubi
648 2978 750 3013 non
775 2965 1091 3038 aedificandis
1126 2972 1280 3023 modo
1309 2990 1389 3023 ur·

319 3037 492 3100 bibus,
509 3039 602 3087 sed
628 3049 681 3088 et
708 3039 942 3094 funditus
960 3050 1253 3099 evertendis
1277 3066 1388 3101 ara·

319 3122 463 3164 trum
487 3114 663 3166 induci
682 3118 775 3180 ait,
793 3121 940 3183 quasi
957 3131 1162 3187 segetes
1179 3126 1254 3175 ibi
1271 3143 1388 3177 mox

318 3188 532 3240 futuras
554 3191 903 3246 denotaretur.
972 3197 1138 3248 Immo
1163 3202 1390 3264 quando-

320 3281 427 3329 que
465 3274 664 3317 tantum
699 3278 780 3321 est
813 3272 1006 3340 odium,
1030 3281 1207 3327 tantus
1243 3280 1392 3330 ulcis·

317 3342 480 3392 cendi
505 3345 787 3408 appetitus,
811 3356 868 3397 ut
889 3363 1037 3399 versa
1057 3358 1228 3403 aratro
1249 3361 1390 3406 terra

196 3462 213 3472 ,
316 3421 432 3469 sale
465 3420 818 3485 inspergatur,
860 3424 925 3475 ad
970 3440 1082 3475 eam
1121 3430 1388 3483 sterilitati

318 3496 686 3548 damnandam.
721 3499 875 3550 Quod
900 3503 1110 3565 egregie
1133 3519 1224 3555 suo
1245 3521 1386 3558 more

317 3570 595 3635 explicans
613 3573 669 3623 S.
691 3573 906 3625 Hieron.
927 3577 976 3624 ia
991 3577 1183 3629 Matth.
1201 3595 1318 3645 cap.
1331 3596 1386 3633 v·

317 3654 332 3677 ‘
359 3648 644 3712 Legimus:
665 3650 850 3714 inquit,
886 3655 902 3680 ‘
924 3654 979 3702 in
1001 3656 1277 3719 scripturis
1301 3673 1385 3707 ur-

316 3723 415 3772 bes
440 3725 685 3787 quasdam
710 3727 788 3776 ira
809 3728 1060 3779 victorum
1096 3733 1201 3781 sale
1236 3735 1385 3783 semi·

319 3808 496 3861 natas,
520 3808 578 3849 ut
601 3802 796 3852 nullum
819 3805 870 3851 in
896 3805 1021 3868 ipsis
1050 3822 1259 3871 germen
1284 3810 1387 3858 ori-

318 3874 507 3924 retur!
570 3875 787 3927 Scilicet
806 3879 978 3930 Judic.
1004 3882 1154 3946 libro,
1172 3898 1289 3947 cap.
1309 3897 1387 3933 ιι.

318 3950 597 4002 Abimelec
653 3953 1042 4007 sichimitarum
1097 3960 1387 4011 maledictis

317 4027 665 4078 exacerbatus
687 4042 861 4080 eorum
888 4033 904 4058 ‘
922 4028 1104 4083 urbem
1126 4037 1287 4100 cepit,
1311 4037 1386 4086 in·

318 4100 567 4154 terfectis
598 4105 979 4158 habitatoribus
1015 4112 1141 4175 ejus,
1169 4113 1387 4179 ipsaque

320 4179 616 4246 destructa,
655 4182 732 4232 ita
770 4190 831 4234 ut
873 4187 950 4235 sal
985 4187 1040 4237 in
1081 4203 1146 4239 ea
1188 4190 1386 4256 disper-

322 4258 511 4319 geret?

1468 1834 1589 1889 que,
1610 1841 1675 1876 ne
1704 1829 1756 1878 ei
1785 1829 2070 1894 indulgeas,
2104 1830 2195 1879 sed
2236 1843 2533 1892 compescas

1470 1909 1696 1953 mentem
1745 1905 2066 1957 iracundam.
2148 1907 2286 1956 Nam
2336 1913 2391 1955 et
2433 1920 2536 1968 ego

1470 1980 1604 2027 male
1630 1994 1711 2029 me
1735 1981 1834 2045 ipsi
1858 1982 2134 2045 indulsisse
2149 1980 2260 2045 jam
2285 1994 2531 2045 agnosco.

1471 2054 1623 2105 Unde
1661 2063 1718 2106 et
1748 2063 1934 2109 ninere
1967 2073 2141 2121 quaro.
2222 2055 2535 2107 juveniliter

1471 2132 1527 2181 iu
1560 2134 1760 2198 culpam
1796 2136 1967 2198 lapsus
2006 2149 2149 2185 sumt
2201 2148 2337 2183 nunc
2370 2139 2533 2181 aetate

1470 2206 1641 2259 factus
1663 2211 1968 2276 sapientior,
1985 2213 2143 2261 errati
2164 2210 2367 2259 veniam
2392 2216 2529 2273 peto.

1535 2287 1623 2336 Me
1656 2302 1833 2352 queque
1869 2289 2089 2351 pectoris,
2120 2285 2229 2351 firm]
2274 2288 2353 2336 Ex
2376 2285 2533 2336 dictis

1465 2361 1633 2413 infert
1654 2363 1903 2413 Horatius
1923 2365 2058 2414 idem
2083 2362 2194 2412 fere
2213 2361 2350 2427 quod
2374 2362 2538 2412 babet

1471 2437 1659 2487 Cicero
1697 2439 1762 2493 ad
1802 2438 1967 2489 Attic.
1997 2454 2038 2489 1.
2073 2442 2152 2488 14.
2196 2447 2211 2468 ⁶
2234 2439 2288 2486 Si
2321 2438 2536 2503 quiden

1469 2512 1542 2562 ita
1559 2514 1822 2576 statueris,
1838 2524 1891 2565 et
1909 2514 2187 2569 irritabiles
2206 2515 2400 2564 animos
2419 2528 2533 2564 esse

1471 2588 1782 2652 optimorum
1826 2604 1969 2655 saepe
2005 2591 2288 2651 hominum,
2331 2597 2385 2639 et
2419 2603 2532 2638 eos-

1474 2663 1589 2713 dem
1623 2665 1927 2730 placabiles,
1974 2673 2029 2716 et
2068 2681 2183 2715 esse
2216 2667 2348 2714 hanc
2387 2665 2533 2728 ‘agill-

1469 2746 1632 2790 tatem
1674 2742 1759 2807 (ut
1803 2743 1878 2792 ita
1918 2741 2115 2806 dicam)
2159 2742 2531 2806 mollitiemque

1468 2821 1690 2878 naturael
1712 2819 2017 2884 plerumque
2064 2819 2317 2879 bonitati;
2365 2825 2438 2882 et,
2477 2816 2532 2865 id

1466 2891 1605 2957 quod
1629 2903 1787 2957 caput
1820 2901 1920 2961 est,
1943 2895 2087 2945 nobis
2121 2895 2257 2945 inter
2292 2909 2385 2945 nos
2414 2908 2536 2944 nos·

1473 2976 1555 3017 tra
1588 2969 1698 3018 sive
1734 2970 2075 3036 incommoda,
2111 2971 2220 3020 sive
2251 2972 2397 3032 vitia,
2423 2970 2530 3019 sive

1470 3045 1688 3109 injurias
1712 3062 1827 3098 esse
1860 3049 2184 3112 tolerandas3
2224 3047 2378 3098 facile
2399 3048 2533 3108 haec,

1469 3122 1900 3186 quemadmodum
1935 3141 2111 3189 spero,
2141 3124 2533 3189 mitigabuntur.

1471 3198 1626 3249 Quod
1669 3214 1766 3263 ego
1806 3208 1865 3250 ut
1903 3199 2065 3252 facias
2110 3209 2165 3252 te
2203 3216 2312 3262 oro,
2349 3201 2437 3266 qui
2477 3208 2531 3249 te

1471 3275 1623 3325 unice
1647 3276 1844 3341 diligo,'
1869 3281 1969 3328 ὅτε.

1536 3356 1599 3401 23
1634 3353 1697 3402 In
1730 3354 1858 3403 dulci
1882 3354 2107 3419 juventa]
2144 3354 2261 3405 Quo
2296 3353 2532 3416 volupta·
2606 3415 2611 3423 ι

1469 3430 1578 3476 tum
1603 3427 1802 3476 avidior
1823 3437 1906 3478 est
1922 3431 2151 3492 juvenis,
2171 3444 2234 3477 eo
2263 3433 2343 3476 est
2362 3428 2533 3476 irrita-

1469 3501 1640 3565 bilior,
1672 3504 1714 3553 si
1749 3513 2014 3568 negentur.
2035 3520 2112 3555 eae
2138 3505 2202 3554 ad
2227 3520 2353 3569 quas
2378 3505 2531 3552 aube-

1469 3580 1561 3637 lat,
1587 3581 2042 3645 vehementiusque
2078 3580 2143 3629 ad
2177 3577 2531 3629 ulciscendum

1468 3655 1655 3707 fertur.
1721 3644 1785 3706 id
1819 3658 1915 3708 sibi
1960 3657 2244 3719 contigisse
2282 3654 2530 3704 Horatius

1468 3731 1683 3794 fatetur,
1714 3740 1871 3796 atque
1909 3732 2116 3782 lambos
2150 3733 2228 3780 ita
2260 3730 2532 3794 scripsisse

1469 3810 1737 3857 mordaces
1761 3809 1984 3872 quidem,
2006 3807 2125 3856 dum
2150 3822 2251 3856 non
2282 3807 2383 3856 alia
2411 3821 2532 3870 sup·

1471 3891 1679 3949 peteret
1698 3885 1833 3934 ratio
1856 3884 2073 3947 sedandi
2097 3885 2321 3934 animum
2356 3890 2532 3934 amore

1469 3967 1525 4010 et
1564 3961 1645 4010 ira
1660 3961 1927 4021 furentem.
1995 3959 2069 4011 At
2101 3974 2240 4010 nunc
2274 3960 2452 4011 laudes
2474 3967 2531 4010 et

1468 4037 1704 4087 encomia
1727 4052 1784 4087 se
1807 4038 2120 4101 scripturum
2150 4039 2449 4101 pollicetur,
2472 4043 2532 4086 ut

1467 4113 1611 4178 quasi
1636 4113 1808 4164 deleat
1821 4130 1935 4180 quae
1952 4115 2125 4165 tristia
2148 4115 2287 4180 prius
2310 4120 2366 4164 et
2384 4127 2532 4163 acer·

1466 4189 1537 4239 ba
1573 4191 1878 4254 scripserat.
1945 4191 2100 4249 Nam,
2143 4191 2281 4256 quod
2329 4190 2405 4241 ait
2440 4200 2528 4238 111.

1468 4266 1576 4317 Od.
1604 4272 1683 4319 14.
1706 4274 1722 4297 ‘
1747 4269 1900 4318 Lenit
1920 4269 2187 4320 albescens
2219 4266 2414 4330 animos
2440 4280 2528 4315 ca·
