3059 4909
559 418 690 483 404

1276 430 1345 490 Q.
1396 426 1718 475 noRATu
1772 423 2041 473 susem

902 573 1131 640 Testis
1157 592 1449 639 mearum
1482 573 1900 637 centimanus
1932 568 2162 651 Gyges

904 677 1414 752 Sententiarum,
1448 683 1646 741 notus
1678 682 1747 738 et
1777 675 2047 755 integrae

2673 667 2754 731 70

991 778 1313 844 Tentator
1342 778 1550 843 Orion
1582 778 1847 853 Dianae,

1074 880 1400 963 Virginea
1430 881 1726 944 domitus
1756 878 2026 960 sagitta.

901 983 1162 1069 Injecta
1186 983 1500 1048 monstris
1530 982 1743 1047 Terra
1772 980 1954 1045 dolet
1983 979 2144 1055 suis,

905 1085 1294 1169 Moeretque
1323 1093 1556 1169 partus
1584 1083 1860 1147 fulmine
1886 1081 2175 1146 luridum

998 1188 1253 1253 Missos
1283 1188 1369 1252 ad
1399 1186 1687 1266 Orcum;
1730 1204 1856 1250 nec
1885 1183 2141 1268 peredit

2677 1182 2821 1254 ¹75.

1076 1290 1476 1375 Impositam
1508 1290 1685 1357 celer
1712 1289 1891 1371 ignis
1923 1286 2238 1352 AEtnam:

558 1438 795 1502 quodlibet
817 1440 969 1488 scelus
1000 1438 1318 1488 machinantes
1353 1441 1649 1487 aversantur.
1712 1435 1863 1486 Dicta
1893 1450 1998 1484 mea
2027 1433 2276 1494 manifeste
2306 1432 2575 1495 comprobat
2602 1433 2760 1495 Gyges

560 1508 748 1552 centum
766 1518 932 1553 manus
951 1504 1145 1564 habens,
1157 1503 1339 1567 pariter
1351 1507 1397 1551 et
1417 1501 1570 1551 Orion
1589 1506 2034 1565 oppugnator-casta:
2052 1500 2248 1559 Dianoe,
2271 1499 2408 1560 huius
2429 1497 2637 1558 virginis
2657 1497 2757 1545 telis

554 1568 811 1627 confossus.
868 1569 1019 1618 Terra
1039 1567 1137 1618 suis
1150 1569 1385 1631 portentis
1406 1566 1628 1629 inposita
1646 1579 1776 1626 oegre
1797 1566 1933 1626 fert.-
1970 1570 2111 1627 atque
2174 1563 2263 1611 lios
2283 1563 2534 1622 adsoetida
2561 1561 2759 1610 Tartara

543 1631 754 1690 flandae
772 1634 987 1684 detrusos
1018 1635 1164 1683 dolet.
1229 1632 1302 1682 At
1334 1646 1485 1681 uorax
1506 1629 1716 1693 flamma
1748 1645 1841 1679 non
1861 1629 2064 1680 absumit

1466 1758 1495 1778 Ο

568 1841 656 1893 Vis
674 1843 1009 1895 consilii.—69
1043 1842 1209 1893 Codd.
1231 1843 1456 1894 babent:
1494 1844 1632 1908 Gyas

1257 1909 1436 1958 Lamb.
1463 1909 1623 1971 Cruq.
1660 1909 1786 1958 Fab.
1825 1908 1897 1959 H.
1932 1915 1987 1957 et
2029 1907 2093 1957 R.
2126 1907 2345 1969 Stephh.
2383 1905 2569 1955 Heius.
2607 1904 2760 1955 Fabr.

557 1911 623 1957 70
658 1908 798 1957 Sene.
818 1915 978 1970 notus,
1010 1914 1076 1971 et,
1106 1910 1190 1971 ξε.

2164 1634 2295 1677 cnam
2324 1627 2549 1689 injectam
2563 1644 2579 1676 .-
2617 1640 2760 1689 neque

1634 1881 1649 1904 ,
1676 1843 1839 1905 gigas,
1855 1843 2017 1905 giges,
2036 1848 2095 1892 ut
2117 1855 2276 1906 supra
2294 1854 2355 1890 1¹.
2381 1839 2488 1891 od.
2513 1843 2595 1889 17.
2618 1845 2760 1889 14.-

557 1971 750 2021 Dacer.
783 1973 1013 2023 Schmid.
1047 1981 1100 2023 et
1139 1970 1344 2023 Wakef·
1409 1973 1786 2031 Sententiarum,
1827 1978 1966 2022 notus
2003 1978 2052 2020 et
2091 1971 2317 2021 Bentleii
2355 1970 2533 2021 Graev.
2575 1970 2759 2032 Regin.

559 2037 803 2086 Petrens.
821 2046 877 2088 et
897 2039 1098 2088 Battel.
1119 2039 1333 2087 Venett.
1355 2041 1447 2088 147
1453 2041 1504 2086 8.
1526 2041 1672 2087 1479.
1691 2042 1839 2087 1492.
1858 2038 2073 2087 Locher.
2096 2036 2314 2086 Ascens.
2342 2036 2518 2085 Bentl.
2540 2036 2760 2098 Cuning.

558 2101 747 2151 Sanad.
772 2103 929 2151 Baxt·
949 2103 1129 2155 Jones.
1155 2103 1287 2152 Sivr.
1309 2102 1453 2161 Jaui,
1474 2102 1693 2166 Bipont.
1717 2102 1934 2152 Mitsch.
1955 2102 2172 2151 Wetzel.
2194 2110 2247 2151 et
2270 2099 2568 2150 mum—⁷3
2589 2101 2761 2159 Terra,

557 2167 853 2282 {9313ch
871 2168 1131 2282 Ἰὲὲἒιιη.
1155 2167 1377 2282 Cunli3ng.
1409 2167 1596 2244 Sanad.
1621 2167 1771 2284 gin.
1792 2167 1949 2283 1Jassi,
1985 2168 2200 2282 Bifmg'
2222 2166 2437 2282 Mitscg.
2461 2165 2682 2279 weltizptls.
2703 2174 2756 2277 ebt

614 2246 629 2279 ι
707 2259 786 2280 .-
1097 2246 1228 2282 unus
1307 2246 1586 2295 emmaum,
1688 2248 1767 2297 ps.
1824 2267 1836 2283 .
1928 2247 2024 2282 ess·
2082 2266 2095 2281 .
2184 2244 2355 2294 unmg.
2415 2245 2519 2293 am,
2611 2244 2625 2277 ι
2681 2244 2710 2278 c
2745 2261 2762 2276 .

1553 2364 1603 2414 N
1610 2364 1768 2416 OTAE

619 2463 686 2510 69
722 2459 888 2525 Gyges
909 2459 1097 2525 [Gyas]
1132 2461 1232 2510 Vel
1270 2461 1436 2527 Gyges
1465 2462 1615 2511 Bria-

555 2535 631 2585 rei
650 2535 834 2601 frater,
853 2538 934 2587 vel
957 2538 1070 2602 ipse
1103 2537 1369 2602 Briareus,
1404 2546 1496 2589 aut
1521 2537 1617 2589 Gi·

554 2619 767 2674 ganturn
784 2613 1038 2677 quispiam
1051 2612 1117 2662 ad
1126 2614 1346 2664 Tartara
1361 2629 1477 2664 cum
1494 2615 1614 2665 aliis

558 2689 886 2741 deturbatus.
917 2690 1054 2741 Vide
1077 2691 1167 2741 lib.
1189 2706 1251 2741 ιι.
1270 2692 1376 2744 Od.
1402 2699 1484 2744 17.

618 2772 683 2817 70
716 2769 930 2831 Integra
963 2769 1187 2818 Tentator
1223 2769 1376 2819 Orion
1412 2770 1613 2834 Dianoe]

551 2844 706 2894 Hanc
726 2845 812 2893 ille
848 2859 999 2894 ausus
1033 2845 1372 2909 interpellare
1403 2848 1470 2897 de
1504 2855 1614 2898 stu-

550 2935 682 2984 pro,
708 2920 823 2985 ejus
868 2921 1072 2984 sagittis
1113 2928 1195 2971 est
1235 2919 1504 2973 confossus
1550 2937 1614 2972 ac

550 3003 836 3058 peremtus.
892 2997 979 3045 De
1018 3011 1082 3045 eo
1125 3004 1299 3046 tamen
1337 2997 1612 3047 admodum

553 3071 705 3120 aliter
749 3072 835 3121 alii
869 3070 1187 3123 fabulantur.
1260 3072 1397 3123 Vide
1433 3087 1472 3122 1.
1506 3073 1612 3123 od.

550 3150 631 3196 28.
650 3151 733 3196 21.
759 3154 814 3197 et
836 3161 899 3198 rr.
921 3147 1026 3197 Od.
1051 3152 1130 3197 13.
1153 3152 1234 3198 39.

616 3225 680 3271 73
718 3223 899 3284 Iniecta
919 3224 1143 3273 monstris
1166 3224 1315 3273 Terra
1344 3225 1473 3273 dolet
1491 3224 1615 3288 suis]

548 3299 860 3350 Monstrosis
897 3299 1036 3362 filiis,
1073 3315 1259 3364 nempe
1296 3300 1611 3365 gigantibus,

548 3373 852 3427 fulminatis:
899 3378 1060 3426 Terra
1093 3378 1237 3428 dolet
1272 3376 1408 3442 quod
1447 3378 1610 3427 etiam

548 3466 716 3515 poenae
753 3467 813 3504 ac
855 3454 1109 3518 supplicio
1152 3455 1354 3504 illorum
1393 3454 1611 3515 servire,

546 3541 738 3593 eosque
754 3544 989 3593 premere
1001 3538 1218 3593 cogatur
1234 3529 1361 3592 ipsis
1382 3530 1579 3593 injecta
1590 3545 1606 3578 ε

550 3606 684 3655 unde
720 3615 775 3655 et
808 3608 862 3657 iu
908 3608 1156 3658 ultionem
1202 3607 1381 3670 suique
1416 3606 1609 3655 doloris

547 3682 921 3747 qualecumque
957 3683 1213 3744 solatium,
1237 3681 1468 3742 Famam,
1492 3695 1609 3745 quae

546 3756 774 3807 Deorum
793 3761 986 3823 probra
1006 3761 1292 3825 evulgaret,
1311 3760 1504 3811 dicitur
1520 3777 1610 3825 ge·

544 3834 739 3898 unisse,
774 3838 789 3863 ‘
812 3837 888 3886 ira
911 3837 1115 3887 irritata
1145 3837 1417 3899 Deorum,’
1438 3845 1496 3887 ut
1520 3853 1603 3886 ca-

545 3909 626 3957 nit
648 3911 837 3974 Virgil.
862 3912 1064 3962 AEneid.
1090 3927 1167 3962 lv·
1194 3917 1307 3963 178.

607 3985 815 4054 Iniecta]
864 3988 1116 4051 Gigantes
1159 3989 1411 4054 praecipui
1449 3991 1603 4040 variis

544 4071 663 4113 sunt
685 4066 864 4116 insulis
884 4066 1085 4117 obruti:
1109 4068 1247 4118 Otus
1264 4068 1454 4130 Creta3
1473 4069 1604 4118 Pro·

542 4142 697 4205 chyta
731 4144 936 4204 Mimas,
972 4159 1040 4192 ex
1071 4144 1197 4193 Silio
1235 4152 1356 4193 ante
1391 4145 1481 4195 cit.
1520 4146 1602 4195 vel

541 4218 832 4281 Typhoeus,
870 4229 926 4268 ut
962 4221 1073 4269 aliis
1100 4222 1303 4283 placet:
1337 4221 1500 4270 insula
1524 4221 1604 4271 Co

543 4294 871 4359 Polyboetesz
898 4296 1073 4346 Sicilia
1096 4296 1405 4362 Enceladus,
1418 4298 1521 4361 vel,
1546 4304 1604 4348 ut

1696 2463 1786 2513 alii
1803 2462 2054 2519 scribunt,
2083 2461 2299 2525 Typhon
2334 2476 2425 2511 seu
2458 2459 2759 2523 Typhoeus.

1696 2538 1880 2601 Virgil.
1901 2538 2102 2587 AEueid.
2126 2550 2211 2586 ιιι.
2230 2541 2348 2586 578.
2414 2538 2430 2565 ⁴
2455 2537 2618 2587 Fama
2655 2547 2756 2593 est,

1697 2615 1947 2665 Enceladi
1979 2616 2280 2665 semiustum
2316 2610 2531 2663 fulmine
2564 2629 2752 2677 corpus

1697 2691 1887 2755 Urgeri
1925 2692 2058 2741 mole
2107 2692 2221 2748 bae,
2265 2690 2638 2755 ingentemque
2683 2691 2757 2739 in·

1694 2784 1852 2833 super
1870 2769 2077 2820 AEtnam
2094 2768 2398 2832 Impositam
2415 2768 2586 2830 ruptis
2614 2765 2755 2816 flam-

1693 2861 1829 2896 mam
1864 2847 2130 2910 exspirare
2163 2844 2409 2894 caminis:
2445 2844 2533 2904 Et,
2564 2841 2754 2893 fessum

1694 2923 1899 2988 quoties
1936 2929 2106 2971 mutat
2142 2922 2296 2982 latus,
2331 2920 2615 2970 intremere
2652 2935 2756 2972 om·

1693 3013 1812 3047 nem
1836 2999 2105 3056 Murmure
2126 2998 2468 3057 Trinacriam,
2489 3005 2545 3047 et
2566 2999 2756 3064 coeium

1694 3077 1973 3126 subtexere
2001 3075 2184 3126 sumn?
2217 3075 2383 3126 ovid(
2398 3076 2539 3125 Met.
2561 3080 2756 3126 vissdfi·

1694 3155 1711 3182 ⁴
1731 3153 1900 3204 Vasta
1937 3153 2207 3216 Giganteis
2229 3152 2436 3216 ingesta
2472 3157 2556 3200 est
2589 3152 2759 3201 insula

1692 3228 1933 3279 membris
1966 3227 2266 3279 Trinacris:
2309 3234 2366 3277 et
2398 3226 2600 3290 magnis
2638 3227 2756 3275 sub·

1683 3305 1886 3369 jectum
1924 3304 2141 3355 molibus
2173 3310 2327 3367 urget
2361 3302 2635 3353 AEthereas
2670 3317 2756 3353 au·

1692 3396 1804 3431 sum
1827 3395 2040 3444 sperare
2060 3379 2307 3445 Typth
2331 3379 2503 3429 sedes.
2552 3380 2754 3440 Nititur

1692 3457 1780 3507 ille
1834 3457 2060 3521 quidem,
2111 3464 2411 3522 pugnatque
2474 3468 2752 3519 resurgere

1690 3548 1848 3597 saepe.
1904 3535 2115 3584 Dextra
2156 3534 2254 3584 sub
2297 3532 2531 3583 Ausonio
2575 3545 2750 3582 manus

1689 3618 1769 3661 est
1786 3610 2025 3675 subiecta
2041 3612 2264 3663 Peloro:
2289 3612 2465 3673 Laeva,
2485 3609 2757 3673 Pachyne,

1682 3687 1817 3737 'tibiz
1854 3687 2086 3752 Lilybaeo
2108 3702 2263 3737 crura
2283 3692 2608 3750 premuntur.
2644 3684 2759 3744 De·,

1690 3775 1873 3828 gravat
1896 3767 2052 3817 AEtna
2084 3775 2265 3831 caput,
2300 3763 2394 3814 sub
2428 3778 2530 3828 qua
2554 3761 2747 3823 resupi-

1687 3857 1784 3892 nus
1807 3858 1988 3894 arenas
2007 3845 2236 3908 Ejectat‚
2255 3841 2617 3905 flammamque
2635 3839 2743 3890 fero

1685 3921 1845 3970 vomit
1862 3935 1952 3970 ore
1974 3918 2291 3985 Typhoeus,’
2313 3922 2414 3967 διο.

1749 3998 1815 4045 74
1847 3995 2102 4058 Luc-idm]
2134 3993 2373 4044 Plumbei
2397 3991 2606 4053 coloris,
2635 3990 2739 4039 livi-

1685 4070 1827 4133 dum,
1851 4072 2049 4133 pallore
2070 4079 2125 4119 et
2151 4069 2358 4132 nigrore
2380 4070 2615 4117 mixtum.

1749 4150 1812 4196 75
1850 4148 1955 4197 Nec
1973 4145 2153 4208 peredit
2178 4146 2457 4209 Impositum
2471 4145 2593 4194 celer
2613 4140 2736 4204 ignis

1686 4223 1906 4286 AEtnam]
1940 4223 2125 4286 Neque
2165 4230 2337 4271 tamen
2361 4222 2492 4285 iguis
2516 4234 2609 4284 per
2629 4217 2731 4267 AEt-

1686 4314 1765 4351 nae
1808 4300 1980 4350 hiatus
2016 4313 2047 4348 e
2083 4298 2324 4362 Gigantis
2362 4296 2615 4364 suppositi
2646 4305 2728 4343 ore
