3059 4909
985 431 1398 483 csnmmm
1448 435 1594 485 Lm.
1639 437 1722 488 11.
1769 424 1833 490 1.

2390 429 2519 495 251

588 570 1000 639 Periculosae
1033 575 1294 659 plenum
1330 597 1506 662 opus
1535 581 1722 660 aleae,

672 674 989 759 Tractas;
1034 685 1100 743 et
1127 682 1386 747 incedis
1417 705 1535 768 per
1562 686 1749 767 ignes

759 780 1171 865 Suppositos
1200 785 1409 851 cineri
1440 788 1723 854 doloso:

580 880 873 948 Paulum
902 904 1152 952 severae
1185 886 1395 954 Musa
1422 887 1804 973 Tragoediae

579 983 780 1090 Desit
808 986 1124 1067 theatris3
1175 1009 1359 1069 mox,
1392 993 1506 1057 ubi
1537 993 1846 1076 publicas

2430 1004 2512 1067 10

670 1087 812 1153 Res
843 1090 1195 1171 ordinarie,
1228 1094 1474 1176 grande
1504 1116 1745 1161 munus

754 1190 1085 1280 Cecropio
1115 1202 1377 1281 repetes
1403 1198 1747 1278 cothurno,

316 1366 545 1417 lubricum
559 1385 576 1418 .·
608 1376 658 1420 et
678 1371 886 1421 ambulas
902 1388 987 1436 per
1007 1373 1147 1437 ignes
1159 1375 1247 1425 σιώ
1251 1375 1424 1437 fallaci
1444 1378 1842 1440 latentesfavilloe.
1906 1378 1948 1428 Α
1976 1395 2112 1430 scena
2135 1381 2365 1445 tantisper
2383 1380 2510 1430 absit

314 1437 517 1483 amere
553 1435 696 1485 Musa
733 1437 1024 1500 Dugoedioe:
1055 1441 1244 1504 deinde,
1273 1458 1380 1492 cum
1408 1445 1597 1508 publica
1630 1446 1820 1508 negotia
1853 1446 2182 1510 composueris,
2200 1445 2368 1509 men·
2396 1459 2511 1508 opu

1237 1585 1598 1605 OO‘OOOOOOOOO

314 1677 445 1726 raris
470 1676 557 1725 vix
580 1680 1007 1731 mutantium—'7
1040 1684 1213 1734 Jactas
1235 1698 1329 1748 pro
1355 1685 1555 1734 stactes
1578 1685 1727 1737 Harl.
1746 1692 1927 1739 2.—lo
1948 1688 2093 1739 Desit
2104 1706 2125 1748 ,·
2157 1690 2359 1740 theatri}
2380 1706 2507 1754 m,

313 1745 393 1805 ὅτ.
431 1740 709 1805 distinguit
748 1745 887 1794 Best.
924 1748 1046 1796 Rat.
1079 1749 1301 1799 Emend.
1345 1750 1503 1813 Legg.
1546 1765 1664 1814 cap.
1690 1756 1772 1802 202
1807 1768 1858 1817 p.
1897 1757 2005 1803 167.
2042 1754 2297 1819 probante
2333 1756 2505 1807 Klotz.

317 1808 487 1857 Lectt.
513 1808 709 1858 Venus.
735 1824 787 1873 p.
809 1813 926 1861 288.
995 1811 1011 1839 ‘
1030 1812 1130 1861 Sed
1155 1814 1370 1873 languet
1392 1829 1519 1864 sane
1541 1814 1601 1864 τὸ
1623 1817 1826 1867 theatris
1846 1832 1961 1867 cum
1994 1820 2329 1883 sequentibus
2351 1821 2505 1883 junc-

315 1880 442 1934 tum,
478 1881 535 1920 et
569 1874 733 1921 minus
772 1875 980 1938 poetice
1002 1876 1196 1927 dicitur
1217 1879 1368 1927 Musa
1391 1879 1573 1929 deesse
1597 1882 1882 1944 tragoediae,
1905 1898 2056 1948 quam
2081 1882 2332 1935 theatris!
2364 1886 2501 1937 dani.

314 1935 478 2001 Desit,
514 1938 695 1987 theatri
727 1954 840 1988 mox
873 1940 1102 2004 (grande
1126 1942 1356 2007 munus),
1385 1945 1469 2005 &a
1504 1945 1682 1995 mallet
1721 1947 1893 1997 Klotz.
1936 1948 2111 1998 Leett.
2144 1950 2339 1999 Venus.
2377 1949 2502 2001 ibid.

312 2001 461 2052 Harl.
477 2007 527 2051 5.
549 2002 633 2052 ubi
654 2003 992 2055 bellicum—12
1018 2008 1238 2073 Cecropii
1258 2009 1534 2062 meditanti
1550 2010 1685 2076 conj.
1703 2011 2188 2072 Dan-Heinsius,nt
2209 2012 2345 2063 infra
2363 2016 2378 2042 ‘
2400 2027 2508 2064 mn-

1295 2150 1514 2202 NOTAE

307 2241 439 2293 stitit
476 2258 612 2294 anno
650 2246 729 2295 sui
766 2247 913 2311 regni
954 2251 1032 2298 16.
1071 2263 1188 2299 cnm
1234 2264 1368 2300 anno

304 2320 651 2383 praecedenti,
663 2324 858 2375 celebri
874 2325 1133 2390 triumpho
1154 2327 1367 2376 Romam

305 2397 585 2460 ingressus,
596 2398 892 2465 Cleopatrae
906 2402 1099 2452 liberos
1112 2408 1231 2452 ante
1251 2417 1366 2452 cur-

306 2487 415 2523 rum
440 2472 707 2536 duxissem
744 2484 904 2543 atque
933 2477 1178 2542 Nicopoli
1206 2478 1367 2543 juxta

306 2551 518 2603 Actium
532 2554 761 2617 condita,
777 2555 967 2605 ibidem
989 2570 1200 2619 agonem
1218 2554 1366 2607 Acti·

307 2643 452 2679 acum
467 2629 792 2682 instituisset.
819 2631 1009 2682 Euseb.
1021 2632 1208 2697 chron.
1230 2631 1367 2682 Vide

304 2701 595 2757 Varronem
638 2707 704 2758 de
748 2709 896 2772 Ling.
921 2710 1034 2760 Lat.
1057 2708 1145 2760 lib.
1170 2724 1217 2759 v.
1251 2708 1365 2760 Liv.

306 2796 346 2831 1.
368 2787 449 2834 28.
470 2791 525 2832 et
547 2788 629 2835 44.
662 2785 873 2836 Festum
912 2785 963 2835 in
1006 2784 1366 2849 Armilustri03

304 2857 608 2924 Asconium,
633 2861 868 2912 Alex.ab
892 2863 1044 2914 Alex.
1071 2877 1126 2914 v.
1142 2868 1226 2914 27.
1254 2863 1364 2913 Ho-

304 2946 403 2986 rat.
428 2952 468 2987 1.
490 2937 596 2989 od.
619 2942 668 2988 2.
710 2942 727 2967 ‘
746 2940 841 2990 Cui
869 2940 1015 2991 dabit
1052 2948 1228 3006 partes
1252 2955 1365 2991 sce·

301 3011 381 3062 lus
404 3013 650 3077 expiandi
675 3014 889 3078 Jupiter
907 3017 944 3064 ?’

306 3097 317 3102 ·
364 3094 398 3139 6
425 3091 705 3140 Periculosa
723 3093 914 3154 pienum
934 3106 1048 3155 opus
1067 3092 1200 3155 uleoe,
1218 3093 1362 3142 Trac-

299 3165 397 3230 tus]
450 3165 636 3216 Monet
676 3167 967 3217 Pollionem
1016 3168 1262 3218 Horatius
1296 3182 1361 3218 ne

301 3249 553 3308 properet
587 3259 732 3293 suum
768 3243 835 3293 de
868 3243 1017 3293 bellis
1044 3244 1282 3294 civilibus
1307 3259 1360 3295 o-

302 3332 415 3381 pus,
452 3332 544 3368 sen
583 3318 769 3383 poema
802 3335 890 3369 seu
916 3319 1197 3382 historiam,
1218 3322 1359 3369 evul-

301 3409 453 3458 εει-ος
474 3395 563 3445 sed
586 3396 759 3460 potius
778 3403 1023 3460 expectet
1043 3395 1207 3447 donec
1226 3411 1361 3447 com·

299 3472 485 3533 positae
518 3486 600 3521 res
637 3471 758 3534 sint,
792 3485 909 3521 cnm
944 3471 1227 3521 metuenda
1260 3486 1361 3522 non

300 3548 401 3597 erit
427 3547 647 3612 amplius
670 3550 974 3613 cujusquam
998 3546 1231 3605 offensio.

361 3628 393 3674 7
430 3623 618 3674 lucedis
646 3639 732 3689 per·
753 3625 888 3686 ignes
908 3621 1181 3689 Supporitos
1211 3626 1361 3676 cineri

296 3702 474 3765 doloso]
495 3701 716 3752 Recenti
732 3715 919 3765 nempe
942 3702 1237 3764 injuriarum
1255 3719 1354 3754 me·

298 3778 484 3841 moria,
501 3775 840 3840 flagrantibus
874 3776 1043 3826 adhuc
1070 3775 1359 3841 discordiis,

299 3853 412 3917 quis
436 3859 617 3917 posset
639 3867 721 3901 res
757 3867 823 3901 ex
854 3851 959 3901 fide
992 3852 1217 3903 historiae
1242 3867 1359 3903 nar-

300 3941 413 3977 rare
451 3938 507 3977 et
546 3927 809 3992 persequi,
846 3930 983 3978 citra
1020 3929 1355 3993 plurimorum

301 4003 665 4054 offensionem?
698 4012 846 4053 certe
870 4012 929 4054 ut
949 4020 979 4054 e
1003 4007 1238 4057 scintillis
1261 4007 1357 4057 sub

301 4083 477 4133 cinere
519 4082 804 4133 latentibus
853 4083 1169 4147 incendium,
1215 4085 1292 4136 ita
1329 4098 1358 4134 e

300 4161 591 4225 potentium
615 4159 999 4224 vituperatione
1033 4163 1360 4213 suboriuntur

300 4235 409 4297 irae,
433 4235 570 4298 odia,
591 4236 740 4287 ultio.

366 4317 399 4362 9
449 4313 656 4363 Paulum
698 4328 868 4364 seteroe
910 4315 1052 4365 Musa
1097 4315 1361 4379 Trogoedioe

1446 2250 1596 2301 Desit
1605 2252 1828 2317 theatris]
1853 2252 1950 2302 Seu
1967 2251 2257 2317 Tragoedia,
2271 2252 2356 2302 cni
2373 2265 2506 2314 prae·

1446 2335 1528 2377 est
1551 2328 1901 2393 Melpomene,
1915 2344 2004 2379 seu
2027 2329 2241 2380 historia
2256 2329 2505 2379 bellorum

1447 2401 1673 2453 civilium
1718 2417 1799 2454 res
1845 2405 2090 2469 Tragices
2132 2405 2502 2467 complectens,

1446 2480 1533 2529 eui
1568 2480 1812 2544 praesidet
1850 2483 1984 2542 Clio,
2014 2497 2079 2532 ne
2115 2479 2412 2545 proferatur
2451 2481 2504 2529 in

1446 2558 1616 2607 lucem
1638 2564 1760 2607 ante
1794 2557 2114 2608 commodum
2140 2564 2363 2621 tempus.
2430 2555 2505 2607 At

1449 2632 1536 2681 nbi
1569 2646 1663 2696 pro
1686 2633 1925 2683 Consulis
1959 2633 2272 2684 auctoritate
2298 2640 2352 2682 ct
2389 2631 2503 2680 dili-

1447 2710 1624 2774 gentia
1663 2724 1744 2759 res
1788 2711 2022 2760 tnrliatas
2065 2710 2353 2774 pacaveris,
2391 2715 2499 2758 tum

1445 2797 1570 2836 vero
1592 2785 1714 2835 edes
1738 2800 1854 2850 qnoe
1881 2801 1912 2835 a
1936 2793 1987 2835 te
2011 2785 2156 2850 gravi
2178 2786 2313 2849 stylo
2338 2784 2502 2849 scrip·

1448 2866 1502 2910 ta
1524 2871 1684 2918 sunt..
1710 2862 1867 2912 Certe
1895 2863 2180 2912 Pollionem
2201 2861 2502 2925 Tragoedias

1442 2937 1709 2999 scripsisse
1733 2945 1787 2987 et
1812 2938 1948 2988 belle
1973 2939 2194 3004 quidem,
2218 2939 2342 2987 satis
2370 2937 2501 2988 indi-

1442 3019 1530 3063 cat
1565 3014 1751 3078 Virgil.
1791 3014 1974 3077 Eclog.
1998 3028 2125 3065 vul.
2150 3018 2231 3066 10.
2266 3013 2355 3064 ubi
2395 3014 2498 3065 ait:

1441 3091 1458 3119 ⁸
1476 3090 1554 3139 En
1569 3090 1672 3141 erit
1690 3099 1747 3140 nt
1765 3089 1922 3141 liceat
1938 3099 2102 3141 totum
2119 3092 2237 3141 mibi
2250 3089 2388 3140 ferre
2406 3105 2501 3154 per

1441 3167 1619 3216 orbein
1662 3168 1781 3217 Sola
1824 3168 2112 3230 Sophocleo
2153 3175 2238 3217 tna
2272 3168 2499 3217 carmina

1441 3240 1601 3306 digna
1635 3243 1890 3293 cothurno
1903 3242 1940 3293 ?'
2005 3244 2119 3294 Nec
2145 3246 2278 3292 enim
2302 3244 2367 3292 de
2390 3243 2499 3294 Au-

1442 3321 1581 3383 gusti
1607 3318 1774 3384 Ajace
1796 3318 2106 3384 imperfecto
2124 3321 2415 3384 intelligunt
2438 3337 2502 3371 ea

1444 3396 1603 3445 verba
1625 3395 1787 3461 docti,
1810 3396 1903 3446 sed
1927 3396 1992 3445 de
2016 3396 2267 3447 Pollionis
2284 3396 2501 3460 Tragoe-

1440 3470 1569 3521 diis:
1606 3472 1744 3522 sicut
1780 3479 1837 3523 et
1875 3472 2222 3523 Dalmaticum
2270 3470 2497 3536 ejusdem

1439 3548 1755 3612 triumphum
1801 3555 1986 3598 notant
2039 3556 2223 3611 aperte
2263 3562 2378 3611 quae
2424 3561 2503 3596 se-

1438 3632 1667 3689 quuntur
1705 3631 1760 3674 et
1798 3639 1914 3689 quae
1952 3623 2287 3687 precedunt:
2337 3621 2498 3671 ‘Sive
2591 3630 2596 3636 ·

1440 3713 1581 3750 oram
1606 3701 1805 3764 Illyrici
1831 3700 1960 3763 legis
1982 3697 2219 3762 aequoris,
2236 3729 2251 3746 .
2272 3732 2286 3748 .
2304 3728 2318 3744 .
2337 3730 2351 3744 .
2366 3698 2499 3746 hanc

1439 3778 1551 3826 sine
1580 3783 1817 3840 tempora
1850 3776 2039 3824 circum
2074 3773 2225 3822 Inter
2258 3772 2501 3823 victrices

1436 3852 1682 3904 hederam
1707 3851 1803 3901 tibi
1828 3863 2040 3913 serpere
2068 3847 2279 3900 lauros.’
2310 3848 2500 3900 Horat.

1436 3942 1500 3978 n.
1522 3928 1636 3977 Sat.
1652 3930 1734 3977 10.
1753 3929 1838 3974 42.
1873 3929 1888 3953 ⁸
1907 3923 2077 3974 Pollio
2113 3938 2293 3987 regum
2334 3924 2500 3976 Facta

1437 4003 1579 4057 canit
1601 4003 1736 4068 pede
1759 4009 1841 4052 ter
1862 4000 2142 4065 percusso!
2202 4000 2265 4050 Id
2290 4002 2498 4064 est,Se·

1439 4081 1595 4130 nariis
1616 4079 1848 4129 versibus
1869 4077 2129 4132 lambicis,
2149 4090 2361 4140 quorum
2381 4092 2499 4127 usus

1439 4159 1596 4209 estin
1624 4155 1928 4221 Tragoediis.
1990 4153 2201 4204 Servius
2236 4161 2410 4203 autem
2445 4155 2498 4203 in

1440 4236 1621 4300 Eclog.
1643 4245 1730 4285 ιιι.
1755 4234 1820 4283 ad
1835 4243 1919 4282 vs.
1942 4235 2025 4281 86.
2061 4229 2264 4280 ‘Pollio
2292 4236 2346 4278 et
2380 4228 2494 4292 ipse

1439 4314 1569 4366 facit
1591 4328 1722 4365 nova
1742 4309 2007 4374 carmina,’
2029 4309 2157 4359 citat
2171 4308 2304 4355 'hanc
2329 4306 2498 4355 Hora-
