3059 4909
950 407 1366 459 sumnum
1415 409 1562 459 ms.
1609 411 1726 459 111.
1774 396 1879 461 11.
2363 396 2501 461 445

640 551 1047 637 Nuptiarum
1074 554 1343 638 experS,
1373 563 1443 621 et
1474 556 1692 622 adhuc
1723 560 2040 642 protervo

1155 657 1384 725 Cruda
1410 661 1673 726 marito.

638 758 744 822 Tu
775 766 969 841 potes
996 760 1195 842 tigres
1223 757 1631 846 comitesque
1671 762 1901 847 sylvas

640 861 927 940 Ducere,
958 870 1030 926 et
1058 865 1244 931 rivos
1280 867 1527 931 celeres
1559 867 1836 931 morari:

652 962 879 1029 Cessit
906 965 1213 1031 immanis
1245 969 1368 1054 tibi
1396 969 1766 1033 blandienti
2414 971 2501 1037 15

1161 1070 1207 1134 J
1213 1072 1425 1136 anitor
1454 1072 1631 1136 aulae

641 1169 1010 1253 Cerberus;
1057 1173 1363 1255 quamvis
1395 1173 1635 1238 furiale
1669 1179 1934 1239 centum

584 1352 599 1368 Ι
645 1273 959 1339 Muniant
990 1295 1237 1358 angues
1267 1283 1475 1360 caput
1503 1276 1678 1360 ejuS,
1710 1283 1913 1360 atque

297 1474 485 1531 apertos
506 1485 676 1532 agros,-
692 1472 925 1535 fugitque
948 1473 1200 1523 attrectari
1222 1488 1253 1521 a
1269 1473 1450 1537 nuptiis
1471 1473 1714 1535 immunis,
1727 1475 1923 1523 necdum
1939 1474 2175 1537 petulanti
2196 1473 2300 1523 viro
2321 1474 2501 1524 idonea.

303 1534 375 1583 Tu
394 1537 520 1585 cules
541 1537 727 1587 trahere
747 1538 896 1599 tigres
917 1538 1162 1602 sylvasque
1178 1539 1339 1602 simul,
1362 1544 1411 1587 et
1431 1539 1622 1602 rapidos
1641 1539 1834 1587 tardare
1841 1538 2037 1601 fluvios.
2094 1539 2204 1589 Tibi
2218 1540 2499 1590 demulceuti

297 1613 473 1649 morem
488 1602 643 1664 gessit
667 1603 901 1652 Cerberus
922 1605 1125 1653 crudelis
1144 1606 1267 1653 uuloe
1281 1603 1492 1669 janitor,
1515 1603 1625 1653 licet
1646 1608 1786 1668 caput
1807 1604 1938 1652 illius
1956 1603 2109 1665 furiis
2128 1606 2305 1667 «equale
2324 1605 2504 1667 stipent

1216 1746 1277 1765 ‘O

301 1851 353 1897 4.
385 1845 689 1911 blandientis,
725 1853 783 1898 ut
807 1849 1091 1911 jungaturz
1126 1849 1249 1897 aula»
1283 1847 1563 1898 blandientis
1603 1847 1840 1897 tibin-1⁷
1877 1849 2106 1899 Cerberos
2147 1846 2502 1909 Cuning.—18

299 1913 316 1939 ‘
339 1911 478 1961 lnud
498 1913 600 1974 eius
631 1912 794 1978 (quod
830 1921 949 1975 post
981 1913 1175 1961 Dacer.
1213 1928 1421 1963 sensere
1446 1912 1652 1977 plures)
1675 1913 1749 1963 ita
1772 1913 2009 1977 vulgare,
2027 1913 2104 1963 ita
2126 1913 2424 1975 languidum
2451 1917 2507 1961 et

300 1976 494 2026 humile
518 1984 620 2039 est,
653 1986 713 2027 ut
738 1978 955 2028 Horatio
977 1978 1176 2041 ignosci
1217 1992 1381 2042 prope
1411 1993 1513 2027 non
1553 1979 1735 2039 possit,
1772 1978 1878 2041 qui,
1915 1981 2009 2028 hoc
2047 1978 2280 2041 inprimis
2305 1977 2355 2025 iu
2380 1977 2506 2024 Car-

300 2042 461 2103 mine,
481 2057 543 2092 eo
565 2043 636 2091 sit
658 2058 794 2092 usus.
862 2045 1093 2092 Fuerunt
1116 2042 1343 2107 quidem,
1363 2043 1452 2107 qui
1476 2040 1759 2092 defendere
1781 2043 1930 2107 illud,
1950 2051 2092 2093 certe
2113 2056 2364 2094 excusare
2400 2041 2508 2089 vel·

203 2134 212 2142 ·
302 2107 444 2169 lent;
479 2115 535 2156 ut
557 2107 737 2157 Burm-
760 2109 825 2158 ad
850 2109 1000 2160 Grat.
1024 2109 1221 2172 Cyneg.
1256 2110 1370 2158 224.
1403 2116 1459 2157 et
1494 2107 1558 2156 ad
1599 2108 1759 2158 Ovid.
1795 2109 1930 2158 Met.
1956 2122 2087 2158 vul.
2113 2111 2192 2156 16.
2228 2106 2286 2156 it.
2321 2106 2501 2155 Klotz.

303 2173 474 2222 Lectt.
497 2173 629 2223 Ven.
673 2190 721 2237 p.
747 2178 863 2224 313.
929 2174 1049 2223 Non
1086 2173 1253 2223 dicam
1289 2173 1354 2221 de
1392 2180 1698 2237 argumento
1738 2167 1954 2233 Klotzii,
1991 2189 2084 2222 nos
2108 2186 2209 2221 non
2234 2171 2426 2221 debere
2450 2170 2505 2219 id

302 2237 453 2286 nobis
468 2252 695 2300 sumere,
725 2247 784 2289 ut
818 2240 1000 2289 melius
1033 2254 1126 2289 uos
1157 2239 1448 2301 intelligere
1482 2245 1723 2301 putemus
1744 2238 1914 2287 Latini
1935 2238 2177 2288 sermonis
2200 2239 2421 2285 virtutes
2445 2249 2510 2285 ac

302 2303 448 2359 vitia,
472 2318 621 2367 quam
643 2305 783 2367 ipsos
805 2311 1033 2364 veteres3
1071 2304 1126 2352 id
1161 2305 1295 2353 enim
1322 2304 1478 2353 timeo
1509 2311 1568 2353 ut
1601 2303 1840 2366 cuiquam
1862 2304 2090 2353 studioso
2111 2302 2337 2365 antiquae
2362 2300 2507 2349 criti-

305 2382 414 2431 ces,
436 2382 586 2431 quam
611 2370 685 2418 sic
707 2369 995 2447 universjm
1017 2376 1256 2418 evertere
1278 2366 1433 2418 facile
1455 2374 1613 2432 esset,
1635 2366 2024 2417 satisfacturum
2048 2368 2132 2418 sit.
2200 2364 2507 2415 Afferuntur

302 2431 479 2497 itaque
519 2448 585 2482 ex
619 2434 731 2483 aliis
769 2435 949 2484 Poetis
974 2434 1213 2496 exempla
1234 2432 1452 2483 adhibiti
1473 2432 1588 2493 eius.
1654 2432 1757 2482 Sed
1781 2432 1999 2497 primum
2034 2433 2084 2481 in
2123 2433 2216 2482 tali
2242 2446 2393 2480 causa
2418 2444 2509 2479 ex-

304 2498 492 2560 emplis
526 2498 651 2547 nihil
691 2500 955 2563 probatur.
1026 2499 1233 2548 Deinde
1272 2498 1395 2549 sunt
1431 2497 1521 2547 illa
1563 2498 1886 2562 paucissima.
1955 2497 2196 2560 Denique
2236 2496 2512 2559 depromta

305 2571 428 2612 sunt
452 2564 622 2613 omnia
647 2579 677 2612 e
699 2565 1009 2614 carminibus
1037 2564 1285 2613 tenuioris
1310 2562 1534 2626 generis,
1554 2579 1585 2612 a
1604 2579 1701 2627 quo
1722 2562 1786 2612 ad
1808 2562 2022 2627 lyricum
2047 2577 2208 2625 genus
2226 2561 2365 2609 nulla
2386 2574 2510 2608 con-

307 2628 470 2677 clusio
496 2629 594 2688 sit;
631 2630 777 2679 velut
814 2646 881 2679 ex
906 2630 1118 2690 Ovidio,
1137 2629 1437 2691 Propertio,
1462 2628 1667 2678 Gratio.
1736 2628 1930 2677 Contra
1953 2628 2005 2675 iu
2029 2625 2349 2691 gravioribus
2369 2639 2510 2684 mag·
2598 2636 2606 2643 ’

305 2707 486 2742 norum
512 2693 789 2743 Poetarum
815 2695 1141 2744 Carminibus
1167 2708 1414 2755 nusquam
1439 2693 1511 2742 sic
1535 2693 1760 2758 positum
1784 2692 1883 2753 eius
1911 2693 2225 2756 reperimus;
2261 2704 2510 2754 nusquam

304 2758 360 2808 in
384 2758 517 2809 Odis
541 2758 747 2808 Horatii
765 2759 907 2825 (nam
934 2774 1016 2809 tv.
1041 2758 1146 2810 Od.
1166 2762 1214 2807 8.
1240 2761 1318 2808 18.
1340 2758 1439 2807 alia
1461 2759 1618 2820 plane
1639 2772 1721 2806 res
1745 2757 1881 2819 est);
1903 2772 2157 2821 nusquam
2181 2757 2230 2805 in
2255 2762 2370 2805 toto
2392 2755 2511 2803 Vir-

303 2823 446 2887 gilio.
508 2823 697 2887 Itaque
720 2839 867 2874 error
900 2823 1244 2885 librariorum,
1280 2838 1380 2887 quo
1404 2831 1602 2873 mature
1626 2830 1903 2885 corruptus
1927 2823 1996 2873 sit
2027 2822 2191 2883 locus,
2224 2820 2309 2870 bic
2342 2820 2510 2869 latere

307 2903 447 2938 nunc
488 2890 751 2953 plerisque
789 2890 985 2939 criticis
1028 2889 1249 2938 videtur.
1332 2890 1467 2937 Fere
1504 2888 1849 2951 suspicantur,
1890 2894 2008 2950 post
2043 2892 2185 2951 caput
2222 2884 2444 2948 positum
2481 2898 2514 2932 a

306 2953 477 3003 Poeta
500 2952 657 3002 fuisse
683 2954 915 3015 verbum,
934 2954 1081 3019 cujus
1106 2952 1421 3016 terminatio,
1445 2967 1648 3002 aune-xo
1669 2968 1775 3015 que,
1802 2954 1855 3001 in
1889 2958 2030 3016 atque
2052 2952 2292 3015 supersit,
2316 2949 2513 3011 priores

309 3019 429 3068 duae
453 3018 666 3082 syllabae
689 3019 742 3068 in
764 3020 865 3082 ejus
888 3018 1270 3083 corrumpendo
1292 3018 1529 3068 abierint.
1598 3017 1738 3067 Hinc
1761 3021 1989 3081 exeutque
2010 3017 2145 3079 conj.
2179 3016 2354 3066 Bentl.
2378 3014 2512 3075 inpr.

310 3099 377 3134 ex
401 3083 558 3132 ovid.
586 3085 717 3134 Met.
742 3098 828 3133 111.
849 3090 932 3136 75.
1000 3086 1175 3134 Possit
1197 3085 1247 3134 in
1275 3091 1501 3133 mentem
1523 3081 1672 3132 nobis
1706 3083 1906 3146 venire,
1942 3082 2075 3147 quod
2115 3089 2170 3131 et
2199 3083 2312 3144 ipse
2333 3079 2512 3128 Ben'tl.

309 3149 512 3199 sentire
533 3148 757 3213 videtur,
777 3150 868 3200 vix
888 3150 1109 3214 spiritum
1130 3151 1265 3200 exire
1286 3149 1410 3212 dici,
1432 3148 1534 3198 nisi
1557 3148 1624 3197 de
1653 3147 1990 3198 moribundis.
2054 3146 2158 3196 Sed
2182 3146 2279 3195 hac
2302 3144 2513 3210 quidem

309 3214 376 3263 de
410 3228 572 3262 causa
609 3228 714 3268 non
752 3215 1074 3278 repudianda
1107 3216 1220 3265 haec
1257 3214 1572 3271 emendatio,
1608 3214 1843 3276 inprimis
1874 3211 1928 3263 in
1957 3211 2125 3263 Poeta
2147 3211 2365 3274 Lyrico,
2380 3217 2434 3258 et
2459 3209 2514 3257 in

309 3278 405 3329 tali
444 3294 599 3332 nexu.
630 3295 933 3348 quamquam.
951 3316 965 3332 .
982 3282 1247 3334 ..muniunt
1269 3295 1317 3331 a.
1342 3284 1500 3345 caput,
1520 3278 1622 3340 ejus
1642 3283 1857 3343 utque...
1873 3283 2054 3329 ‚manat
2093 3269 2260 3326 edidit
2292 3274 2513 3339 cuning-

380 3542 443 3589 13
481 3538 555 3588 Tu
586 3541 720 3600 potes
760 3535 932 3597 tigres,
952 3536 1059 3599 fise-J
1111 3535 1256 3584 Nota
1290 3539 1375 3583 est
1453 3531 1545 3596 qui
1563 3529 1834 3594 profectus
1857 3527 1921 3578 ad
1938 3525 2144 3580 Inferos
2160 3532 2221 3575 ut
2239 3524 2519 3574 reduceret

314 3616 520 3680 Orphei
552 3613 725 3664 fabula
753 3612 891 3662 feras
922 3618 978 3661 et
1014 3611 1225 3660 arbores
1266 3618 1373 3659 tra·
1453 3606 1576 3656 inde
1606 3606 1851 3658 dilectam
1879 3602 2199 3667 Eurydicen,
2230 3600 2516 3650 Cerberum

313 3694 487 3742 hentis
519 3690 586 3740 ad
619 3690 746 3754 lyrae
769 3688 947 3739 dulces
978 3686 1177 3737 modos.
1241 3685 1375 3735 Vide
1455 3682 1761 3732 demulsisse
1805 3682 1918 3743 lyra
1956 3678 2142 3727 fertur.
2207 3677 2290 3725 De
2316 3690 2379 3725 eo
2403 3675 2516 3738 jam

314 3785 357 3821 1.
402 3769 506 3820 Od.
551 3772 630 3820 12.
711 3767 783 3817 Et
834 3764 1002 3828 Epist.
1047 3764 1114 3812 ad
1157 3762 1374 3812 Pisones
1456 3772 1520 3809 ιι.
1546 3757 1753 3809 Od.18.
1790 3757 1860 3807 Et
1877 3754 2518 3817 Virgil.Georg.1v.481.

316 3860 395 3897 vs.
419 3848 535 3894 893.
1456 3838 1471 3863 ‘
1486 3835 1626 3889 Quin
1650 3835 1773 3898 ipse
1792 3838 2037 3895 stupuere
2061 3829 2238 3878 domus
2255 3836 2415 3891 atque
2439 3827 2516 3875 in·

386 3924 448 3971 14
496 3919 649 3968 Rivos
696 3920 867 3968 celeres
919 3913 1119 3977 morari]
1187 3914 1376 3975 virgil.
1459 3914 1588 3963 tima
1621 3913 1713 3962 leti
1745 3912 1984 3971 Tartara,
2022 3907 2379 3967 caeruleosque
2422 3904 2516 3952 im-

319 3998 504 4059 Eclog.
531 4009 656 4043 vm.
681 3998 729 4043 3.
763 3996 779 4021 ⁴
802 3994 1033 4045 Quorum
1066 3987 1377 4053 stupefacta
1458 3990 1627 4053 plexa
1666 3987 1895 4038 crinibus
1940 3998 2132 4048 angues
2185 3981 2518 4043 Eumenides,

320 4074 562 4125 carmine
586 4072 785 4135 lynces,
816 4072 888 4120 Et
922 4076 1123 4119 mutata
1149 4081 1267 4117 suos
1295 4080 1378 4116 re·
1459 4066 1728 4131 tenuitque
1749 4057 1951 4113 initians
1978 4063 2083 4112 tria
2110 4060 2368 4112 Cerberus
2402 4071 2521 4117 ora,

320 4150 567 4216 quierunt
588 4147 799 4197 flumina
820 4145 1034 4197 cursus!
1457 4140 1635 4206 Atque
1681 4140 1870 4191 Ixionii
1917 4144 2074 4190 vento
2117 4144 2236 4189 rota
2276 4133 2520 4189 constitit

388 4231 451 4277 15
489 4225 650 4275 Cessit
698 4224 920 4274 imanis
960 4223 1053 4272 tibi
1102 4221 1381 4284 blandienti,
1458 4218 1633 4272 orbis.’

321 4303 433 4370 ssa]
481 4303 552 4358 Et
592 4301 690 4353 hoc
724 4302 789 4352 ad
826 4301 1095 4365 Orpheum
1130 4298 1375 4364 pertinet,
1475 4335 1484 4344 .
