3059 4909
800 531 1099 598 Curatve
1126 534 1389 616 myrto‘t
1435 551 1637 617 quem
1667 530 1897 597 Venus
1929 531 2245 596 arbitrum

1263 387 1331 447 Q.
1379 386 1697 436 HoRA'rn
1749 384 2016 439 mascel

2656 526 2741 590 25

1463 695 1579 716 0000
1585 690 1824 715 ‘ecaton

527 801 683 862 sande
699 797 946 862 capacibus
964 798 1093 848 Exc.
1118 798 1372 848 Satn—25
1396 770 1549 848 Curat
1571 814 1624 848 re
1648 804 1805 863 myrto
1829 797 1983 847 scribi
2011 797 2139 859 vuit,
2160 801 2278 860 post
2298 793 2424 845 alios
2450 795 2740 857 nonnullos,

541 867 703 915 Baxt.
730 863 815 914 hic
838 870 896 913 et
918 863 1065 926 aiias,
1089 864 1354 927 pertinere
1376 865 1512 913 enim
1540 878 1639 913 nou
1666 864 1731 913 ad
1750 868 1904 927 curat,
1929 863 2018 911 sed
2043 862 2110 911 ad

2134 865 2305 925 myrto.
2346 860 2362 888 ‘
2388 862 2586 911 Verum
2610 863 2738 925 quod

540 929 807 994 poetarum
831 928 1046 979 liberior
1068 944 1189 979 usus
1212 930 1480 979 encliticas
1501 944 1590 994 que
1612 938 1667 979 et
1686 945 1741 978 ve
1763 943 1902 993 saepe
1925 929 2096 978 alieno
2121 926 2393 991 vocabulo,
2420 941 2522 975 non
2548 927 2640 988 iiii,
2660 926 2739 975 cui

539 994 787 1060 debebat,
810 993 1062 1057 annectit,
1097 1009 1198 1044 non
1224 994 1340 1045 ideo
1362 996 1540 1045 statim
1564 1002 1644 1045 est
1669 994 1786 1044 taiis
1814 994 2016 1045 novitas
2043 991 2374 1043 inducenda!
2405 994 2545 1043 dani.
2610 997 2738 1042 curat

1539 1163 1587 1213 N
1596 1161 1751 1213 0¹1*AE

538 1275 592 1326 iu
637 1275 1106 1340 compotationibus
1146 1285 1402 1341 ungerent
1441 1271 1605 1342 caput

541 1361 770 1418 veteres,
805 1355 1096 1418 explicatur
1121 1356 1258 1420 apud
1282 1354 1476 1406 Athen.
1500 1371 1601 1407 xv.

545 1435 624 1482 13.
649 1446 834 1495 nempe
859 1432 992 1496 quod
1016 1433 1031 1459 ‘
1051 1432 1153 1483 vini
1178 1433 1276 1482 vim
1301 1433 1603 1484 imbecillio-

541 1523 651 1559 rem
684 1507 797 1559 fore
821 1509 1115 1567 crederent,
1144 1511 1187 1560 si
1227 1525 1291 1560 eo
1321 1517 1473 1573 pacto
1500 1511 1604 1560 vel-

541 1587 615 1636 uti
654 1586 977 1648 dilueretur‚’
1013 1591 1111 1637 &c.
1190 1583 1276 1636 De
1312 1596 1604 1652 unguento·

541 1678 654 1713 rum
687 1663 814 1714 luxu
856 1670 910 1713 et
932 1664 1172 1728 mollitie,
1204 1662 1346 1715 Piin.
1385 1679 1512 1715 xur.
1552 1670 1603 1718 3.

542 1747 599 1791 et
652 1740 915 1791 Plutarch.
975 1741 1360 1807 Apophthegm.
1408 1743 1603 1793 Lacon.

541 1817 632 1866 ubi
677 1817 888 1868 scribit:
946 1824 961 1846 ·
981 1818 1353 1883 Unguentariis
1405 1819 1604 1870 aditum

538 1896 745 1960 Spartae
782 1896 1093 1960 praeclnsum
1141 1912 1172 1946 a
1216 1897 1478 1962 Lycurgo,
1513 1912 1604 1947 uu-

540 1980 840 2039 guentaque
868 1974 1009 2024 velut
1029 1977 1380 2039 corruptelam
1402 1982 1459 2025 et
1486 1989 1606 2040 per-

540 2050 726 2100 niciem
737 2051 943 2101 omuino
960 2051 1253 2117 proscripta
1268 2059 1424 2119 atque
1434 2067 1609 2101 aman-

534 2127 700 2178 data!
770 2129 899 2179 Coel.
933 2129 1156 2194 Rhodig.
1195 2143 1384 2179 xxvn.
1422 2134 1503 2180 24.
1541 2126 1608 2180 ex

538 2204 893 2269 Xenophonte
915 2213 970 2256 et
1005 2208 1244 2273 Socrate,
1272 2206 1457 2273 refert,
1489 2223 1606 2259 cum

540 2283 771 2334 bellariis
789 2285 1098 2352 coronisque
1122 2286 1174 2336 in
1191 2287 1444 2337 secundas
1466 2302 1606 2337 men·

532 2374 626 2409 sas
652 2361 859 2412 venisse
882 2369 1145 2426 unguenta
1175 2361 1461 2428 profligatis
1484 2379 1606 2415 cou-

537 2432 674 2501 'grua
690 2437 917 2488 moribus
939 2446 1102 2505 atque
1120 2436 1413 2505 impudicis.

604 2518 668 2563 23
707 2515 829 2571 Quis
850 2517 941 2565 udo
974 2517 1304 2582 Deproperare
1331 2519 1457 2585 apio,
1492 2521 1603 2585 ssa]

541 2589 624 2640 Ad
651 2589 896 2643 famulum
920 2595 1061 2645 haec:
1088 2596 1219 2648 Quis
1238 2597 1473 2660 protinus
1498 2604 1609 2646 tex-

540 2674 596 2718 et
620 2671 770 2721 nobis
792 2672 1012 2722 corollas
1049 2687 1116 2722 ex
1146 2672 1267 2738 apio
1300 2673 1387 2724 vel
1417 2682 1607 2742 myrto,

541 2747 728 2811 quibus
769 2763 836 2798 ex
876 2765 1019 2800 more
1055 2741 1192 2801 inter
1227 2753 1410 2816 epulas
1448 2760 1608 2817 caput

536 2827 883 2876 'exornemusi
941 2827 1064 2891 Udo,
1088 2830 1169 2877 vel
1185 2829 1405 2894 recenti,
1422 2830 1504 2880 vel
1521 2846 1608 2893 po-

543 2900 647 2949 tius
672 2902 807 2966 qnod
832 2903 1051 2953 humidis
1070 2904 1121 2953 in
1140 2905 1264 2955 locis
1280 2907 1470 2956 crescit
1483 2906 1607 2957 affa-

541 2978 634 3027 tim
658 2988 715 3029 et
730 2981 1015 3044 colligitur.
1051 2981 1137 3031 De
1153 2989 1319 3047 myrto
1340 3000 1380 3035 1.
1402 2985 1505 3035 od.
1522 2991 1608 3037 38.

604 3060 669 3105 24
702 3056 851 3122 Apio]
888 3059 1025 3109 Ptin.
1058 3071 1156 3110 xX.
1178 3064 1258 3109 11.
1293 3063 1308 3089 ‘
1329 3061 1466 3129 Apio
1490 3078 1607 3129 gra-

541 3131 617 3182 tia
640 3132 794 3196 vulgo
818 3136 970 3185 inest.
1034 3136 1270 3203 Namque
1294 3139 1422 3189 rami
1446 3141 1607 3205 largis

539 3210 863 3273 portionibus
897 3227 992 3276 per
1018 3214 1141 3278 jura
1180 3215 1437 3280 innatant,
1458 3227 1513 3267 et
1553 3219 1605 3266 in

540 3285 885 3359 condimentis
914 3291 1229 3353 pecniiarem
1266 3295 1485 3357 gratiam
1515 3295 1606 3345 ha-

538 3364 687 3416 bent.
723 3366 902 3416 Honos
926 3369 1023 3432 ipsi
1059 3369 1111 3418 in
1133 3369 1332 3422 Achaia
1353 3387 1605 3424 coronare

542 3441 767 3494 victores
820 3448 954 3497 sacri
1008 3451 1308 3499 certaminis
1355 3451 1607 3502 Nemeae.’

539 3519 677 3572 Haec
695 3525 986 3586 posteriora
1003 3526 1150 3575 addit
1173 3526 1309 3577 idem
1329 3528 1466 3578 Piin.
1487 3543 1607 3580 xu.

541 3602 591 3648 8.
639 3598 776 3649 Vide
799 3599 953 3652 Alex.
979 3602 1046 3651 ab
1070 3603 1224 3653 Alex.
1246 3619 1296 3655 v.
1322 3609 1369 3654 8.
1418 3605 1607 3658 Athen.

539 3684 632 3725 XV.
657 3681 735 3727 lo.
764 3678 901 3728 inter
922 3677 1076 3729 flores
1111 3683 1410 3732 coronarios
1431 3684 1605 3747 apium

537 3748 614 3803 ita
639 3766 881 3808 recenset
895 3773 962 3807 ex
978 3759 1330 3810 Pherecrate:
1369 3761 1386 3789 ‘
1410 3763 1524 3826 Age
1549 3775 1604 3813 tu

542 3833 629 3894 qui
655 3834 1131 3900 malvamintueris,
1155 3837 1484 3901 hyacinthum
1499 3840 1605 3904 spi-

542 3923 644 3971 ras,
689 3911 973 3961 melilotum
1014 3913 1257 3979 loqueris,
1316 3931 1458 3965 rosas
1502 3915 1605 3966 dis-

540 3985 724 4036 tractis
753 3987 907 4038 labiis
945 3980 1105 4053 rides,
1138 4006 1429 4047 amaracum
1458 4010 1607 4045 oscu-

537 4065 681 4128 laris,
694 4067 893 4119 dimoto
912 4083 1134 4133 corpore
1151 4072 1325 4136 apium
1339 4075 1469 4137 oles„
1495 4090 1608 4126 cos-

539 4143 896 4194 mosandalum
931 4146 1148 4212 incedis,
1182 4149 1352 4201 vinum
1378 4150 1606 4214 affunde,

541 4225 598 4268 et
643 4219 877 4270 acclama
922 4223 1133 4273 tertium
1175 4226 1389 4293 Paeana,
1426 4235 1484 4277 ut
1525 4233 1609 4277 est

541 4294 659 4359 iege
678 4297 964 4349 sancitum.’
1018 4301 1150 4351 Sunt
1178 4303 1267 4367 qui
1290 4306 1408 4367 apio
1426 4304 1608 4358 dicant

1685 1276 1989 1327 ebrietatem
2027 1276 2289 1342 impediri,
2324 1275 2575 1341 quocirca
2605 1281 2742 1325 vete-

1687 1368 1767 1403 res
1790 1369 1853 1404 eo
1876 1369 1931 1405 se
1953 1361 2256 1404 coronarent
2280 1355 2330 1402 in
2354 1352 2625 1404 conviviiS.
2674 1352 2742 1402 At

1685 1438 1981 1497 repugnant
2037 1431 2281 1483 Botanici
2338 1420 2637 1481 Doctores:
2691 1428 2740 1478 id

1684 1523 1811 1559 vero
1849 1508 2052 1560 bederae
2090 1509 2320 1574 quidem,
2351 1522 2459 1565 ,non
2497 1508 2617 1574 apio
2654 1508 2741 1558 tri-

1685 1586 1866 1637 buunt.
2345 1600 2352 1643 ζ

1748 1669 1810 1715 25
1849 1662 2001 1721 Quem
2044 1663 2203 1716 Venus
2231 1664 2467 1722 arbitrum
2499 1665 2645 1716 Dicet
2677 1662 2745 1713 ln·-

1684 1742 1846 1807 bendi]
1887 1741 2017 1796 Quis
2040 1742 2142 1794 erit
2168 1751 2222 1793 et
2253 1741 2346 1821 ‘³³1‘
2366 1742 2591 1792 convivii
2616 1743 2745 1804 Rex,

1678 1818 1826 1884 jactu
1850 1821 2089 1870 Venereo
2113 1820 2167 1871 in
2190 1818 2313 1893 taffl
2324 1817 2501 1871 felici?
2556 1819 2746 1869 Horat.

1685 1913 1726 1950 1.
1753 1899 1858 1950 od.
1880 1902 1930 1950 4.
1951 1898 1971 1928 ‘
1992 1913 2088 1950 nec
2109 1894 2270 1964 regiia
2292 1899 2400 1948 vini
2426 1897 2647 1949 sortiere
2673 1904 2749 1946 ta-

1686 1975 1779 2026 lis!
1829 1972 1970 2026 Vide
2011 1985 2066 2027 et
2106 1991 2223 2042 quae
2260 1976 2333 2027 ibi
2375 1976 2751 2027 annotavimus.

1688 2053 1773 2105 Ad
1825 2052 2218 2119 intelligendum
2272 2067 2479 2103 sensum
2540 2050 2751 2102 Horatii

1688 2132 1887 2182 duobus
1911 2132 2024 2183 istis
2045 2132 2171 2183 locis
2191 2132 2433 2195 observa,
2454 2136 2501 2181 l.
2526 2132 2580 2181 in
2609 2145 2748 2180 com-

1688 2210 2044 2276 potationibus
2078 2217 2311 2262 veterum
2344 2209 2511 2261 creari
2543 2210 2752 2260 solitum
2829 2224 2834 2231 ·

1690 2288 1906 2352 Regem,
1938 2303 1969 2337 u
2003 2302 2104 2354 quo
2144 2284 2445 2352 poculorum
2470 2288 2612 2350 leges
2634 2286 2754 2335 alia-

1687 2382 1787 2432 que
1810 2366 1862 2417 in
1886 2366 2123 2416 convivio
2156 2366 2480 2417 observanda
2516 2363 2753 2429 praescri·

1687 2445 1964 2495 berentnr:
2002 2460 2118 2494 eum
2158 2459 2312 2509 porro
2343 2443 2547 2495 Graeeis
2571 2443 2753 2506 appel-

1685 2524 1845 2572 latum
1876 2520 2259 2587 συμποσίαρχαν,
2283 2517 2512 2581 βασιλέα,
2547 2534 2755 2582 στρατη-

1686 2600 1798 2666 γόν·
1847 2601 2047 2652 Latinis
2088 2610 2264 2650 antem
2296 2598 2524 2648 convivii
2564 2598 2753 2648 Dicta·

1689 2688 1873 2741 torem,
1888 2680 2066 2729 Plant.
2090 2676 2613 2742 Modiinperatorem,
2627 2675 2758 2723 Var-

1688 2773 1764 2809 ro.
1787 2757 2082 2821 Arbitrum,
2109 2756 2295 2806 Horat.
2336 2754 2508 2816 Vulgo
2526 2752 2755 2802 convivii

1687 2835 2014 2900 Magistrum,
2038 2833 2258 2896 Regem,
2283 2833 2507 2892 Ducem,
2535 2830 2755 2894 Sympo-

1687 2912 1961 2961 siarchum.
2036 2910 2333 2972 strategum
2392 2909 2553 2957 etiam
2620 2906 2756 2956 dixit

1689 2988 1929 3050 Plautus,
1945 2992 2003 3037 et
2021 2987 2391 3038 Dictatricem.
2440 2989 2492 3034 2.
2526 2984 2756 3034 Consue-

1687 3070 1799 3113 tum
1822 3064 1876 3113 id
1898 3073 2041 3114 sorte
2063 3063 2196 3127 fieri,
2218 3072 2276 3114 et
2297 3062 2505 3129 quidem
2533 3063 2755 3110 talorum

1689 3142 1771 3190 vei
1797 3148 2107 3193 tesserarum
2129 3155 2328 3191 summo
2346 3140 2515 3204 jactu,
2544 3139 2633 3204 qni
2666 3138 2757 3188 Ve-

1686 3233 1776 3267 nus
1796 3218 2098 3269 dicebatur:
2136 3227 2353 3283 eratque
2370 3231 2488 3267 cum
2511 3218 2605 3266 tali
2629 3231 2756 3280 qua·

1690 3303 1807 3346 tuor
1843 3296 2051 3347 diversa
2082 3294 2215 3347 facie
2250 3294 2538 3345 cadebant:
2575 3294 2627 3342 in
2652 3301 2758 3343 tes·

1687 3373 1817 3423 seris
1842 3380 2014 3423 autem
2038 3372 2245 3438 quando
2271 3379 2351 3422 ter
2375 3370 2608 3421 senarius
2630 3386 2758 3421 con-

1689 3450 1945 3515 tingebat.
2001 3448 2087 3500 De
2105 3450 2183 3499 his
2207 3448 2339 3500 ludis
2365 3449 2511 3514 plura
2529 3449 2594 3498 ad
2622 3449 2757 3499 Per-

1689 3529 1877 3589 siiSat.
1903 3543 1958 3578 v.
1981 3529 2358 3579 annotavimus.
2393 3530 2559 3578 Vetus
2584 3528 2757 3578 Inter-

1689 3626 1719 3673 p
1727 3623 1805 3659 res
1816 3609 1897 3658 iiic
1908 3609 1982 3659 ita
1993 3608 2177 3659 scribit
2193 3625 2206 3657 ε
2243 3610 2258 3637 ‘
2274 3606 2587 3672 Ἀρχιποσίαν
2600 3608 2759 3671 signi-

1686 3685 1833 3751 ficat,
1855 3686 1910 3736 id
1934 3688 2033 3752 est,
2056 3692 2371 3736 tesserarum
2398 3685 2549 3750 jactu
2573 3685 2756 3735 datum

1688 3764 1740 3812 in
1759 3763 1982 3814 bibendo
2007 3764 2301 3828 primatum.
2335 3762 2557 3812 Veneris
2580 3770 2760 3813 autem

1680 3842 1860 3906 jactus
1884 3841 2176 3891 laetissimus
2212 3841 2425 3904 dicitnr,
2461 3840 2550 3905 qui
2575 3848 2758 3890 unmea-

1688 3935 1800 3969 rum
1826 3918 1987 3969 habet
2020 3928 2101 3970 ter
2130 3915 2430 3969 senarium!
2482 3917 2589 3968 Ubi
2623 3932 2760 3968 cave

1689 3997 1766 4046 ita
1805 3997 1969 4061 legas,
2024 4011 2090 4046 ne
2142 4010 2263 4045 vero
2303 3996 2456 4060 male,
2500 3995 2760 4045 tricenari-

1687 4091 1786 4132 um,
1817 4090 1933 4124 cum
1966 4074 2341 4124 insanientibus
2366 4072 2618 4122 Librariis
2640 4072 2757 4138 qui·

1685 4150 1903 4201 busdam
1951 4151 2193 4217 Acronis,
2246 4149 2646 4215 Porphyrionis,
2700 4156 2776 4219 et,

1688 4229 1924 4281 aliorum.
1970 4226 2123 4281 Quod
2145 4229 2343 4293 optime
2365 4227 2534 4279 sensit
2549 4226 2758 4293 pridem

1689 4312 1746 4356 et
1782 4306 2012 4358 correxit
2051 4305 2351 4357 Hadrianus
2392 4304 2600 4364 Juuius,
2625 4303 2760 4355 Ani·
