3059 4909
993 398 1408 450 cARMffluM
1463 395 1611 443 ms.
1660 394 1708 441 1.
1755 377 1857 441 15.

2397 369 2525 434 137

595 547 848 630 Urgent
875 544 1200 629 impavidi
1232 549 1298 607 te
1327 540 1733 608 Salaminius

678 651 958 726 Teucer,
988 655 1054 711 te
1087 644 1445 711 Sthenelus
1473 642 1695 706 sciens

592 753 875 833 Pugnae,
903 750 1045 815 sive
1076 766 1252 832 opus
1283 753 1386 810 est
1410 743 1795 827 imperitare
1821 739 2031 824 equis„

1337 847 1689 910 Merionen
1720 862 1991 926 quoque

971 953 1173 1030 Ecce,
1199 952 1360 1016 furit
1392 958 1460 1014 te
1487 948 1773 1033 reperire
1799 954 1996 1011 atrox

600 854 750 918 Non
781 853 1008 934 auriga
1037 850 1249 933 piger.

595 955 883 1020 Nosces».

674 1056 993 1141 TydideS,
1022 1056 1258 1119 melior
1283 1061 1512 1137 patre:

595 1159 815 1239 Quem
844 1165 941 1235 tu,
973 1177 1212 1223 cervus
1240 1157 1335 1220 uti
1363 1155 1553 1219 vallis
1582 1154 1649 1216 in
1682 1153 1890 1217 altera

591 1262 836 1327 Visum
868 1266 1054 1345 parte
1086 1261 1320 1343 lupum
1349 1257 1661 1341 graminis
1689 1257 2057 1329 immemor,

2444 1247 2531 1313 30

596 1363 878 1428 Sublimi
909 1362 1124 1445 fugies
1155 1361 1380 1426 mollis
1412 1359 1711 1424 anhelitu
1739 1378 1758 1439 3

685 1465 842 1529 Non
869 1465 993 1529 hoc
1024 1464 1363 1547 pollicitus
1393 1469 1549 1528 tuae.
1626 1498 1631 1503 ·

326 1688 411 1731 tuo
429 1679 649 1741 fatales?
693 1683 756 1731 Te
781 1680 1074 1730 Salaminius
1102 1678 1293 1738 Teucer,
1315 1684 1362 1728 te
1396 1677 1647 1727 Sthenelus
1680 1676 1788 1726 belli
1807 1689 2009 1736 gnarus,
2024 1688 2080 1722 ac
2111 1671 2154 1720 si
2181 1674 2363 1734 oportet
2393 1680 2533 1730 equos

327 1762 514 1810 regere,
535 1750 700 1796 ductor
721 1748 845 1795 haud
866 1746 1042 1806 segnis,
1063 1743 1293 1805 intrepidi
1309 1747 1670 1806 persequuntur.
1737 1740 1929 1790 Senties
1945 1741 2088 1789 eiiam
2108 1737 2383 1786 Merionem.
2457 1732 2533 1779 En

327 1814 466 1861 ardet
487 1814 731 1861 incurrere
762 1813 812 1860 in
836 1815 881 1859 te
900 1809 1170 1872 impavidus
1195 1809 1341 1871 Tydei
1411 1808 1504 1855 lius
1523 1807 1741 1867 genitore
1756 1806 1958 1865 sortior.
2028 1803 2175 1852 Hunc
2199 1806 2270 1856 tn,
2289 1799 2414 1847 velut
2434 1794 2534 1845 cer-

324 1891 417 1925 vus
435 1882 676 1940 aspectum
697 1877 750 1924 in
766 1878 968 1924 adversa
980 1872 1120 1922 vallis
1139 1873 1329 1933 regione
1369 1885 1528 1933 upum,
1543 1870 1792 1919 herbarum
1812 1870 2002 1929 oblitus,
2014 1867 2180 1928 fug-ies
2200 1861 2536 1929 effeminatus,

325 1941 551 2002 graviter
585 1941 810 1990 anhelans
827 1956 843 1989 .-
895 1940 1016 2003 quod
1037 1935 1225 2001 quidem
1265 1941 1360 1985 tnoe
1397 1949 1686 1997 nequaqnam
1726 1933 2004 1997 promisisti.
2072 1930 2337 1991 Indignata
2372 1923 2533 1974 classis

1257 2095 1557 2135 “Oe-0300„
1561 2111 1618 2131 ‘O

331 2250 559 2312 Cuning.
593 2255 654 2297 ut
687 2248 788 2298 sits
821 2247 909 2313 qui
949 2246 1052 2297 erit
1086 2247 1289 2297 exitium
1323 2253 1418 2297 tuoe
1453 2247 1753 2296 (ἔπτὰ-23
1789 2239 2101 2299 Salaminius,
2137 2237 2417 2296 Teucerqne,
2448 2232 2532 2292 850.

331 2312 606 2378 distinguit
630 2314 876 2364 Glarean.
900 2319 960 2362 ut
991 2312 1282 2362 Salaminius
1319 2313 1387 2362 sit
1421 2310 1560 2374 Ajax
1597 2306 2076 2358 Telamonium—24
2115 2302 2290 2350 Teucer
2320 2302 2368 2346 et
2403 2311 2533 2346 unus

330 2381 454 2428 Vat.
489 2386 547 2428 et
577 2380 733 2427 Torn.
771 2376 949 2427 Lamb.
990 2376 1199 2440 quidam
1235 2378 1392 2438 Cruq.
1427 2376 1601 2424 Pulm.
1639 2378 1684 2422 1.
1706 2377 1757 2422 2.
1779 2376 1826 2421 3.
1846 2375 1895 2419 4.
1930 2370 2036 2419 duo
2070 2369 2268 2416 Ber-sm.
2307 2364 2530 2423 Franeq.

330 2445 507 2507 Lipss.
532 2442 657 2506 dno,
678 2443 826 2491 Dess.
847 2447 898 2491 2.
933 2440 1087 2490 Harl.
1108 2445 1156 2490 1.
1178 2445 1227 2490 2.
1247 2445 1295 2490 3.
1335 2442 1514 2490 Bentl.
1554 2437 1780 2502 plurimi,
1802 2437 2014 2484 Venett.
2042 2435 2188 2481 1477.
2213 2431 2361 2478 1478.
2390 2427 2533 2474 1479.

331 2513 484 2558 1490.
517 2507 645 2558 Asc.
687 2506 908 2557 Locher.
978 2508 1239 2569 Teucer-que
1269 2511 1318 2555 et
1354 2518 1529 2553 omnes
1559 2505 1800 2552 Torrent.
1835 2496 2057 2547 Mentel.
2096 2509 2224 2543 unus
2258 2491 2436 2540 Bentl.
2473 2490 2539 2538 is-

330 2589 433 2634 que
458 2572 731 2622 recentiss.
764 2572 956 2620 Venet.
991 2575 1137 2619 1590.
1173 2568 1334 2618 Basil.
1358 2572 1502 2619 1531.
1566 2567 1654 2617 Sic
1693 2563 1952 2614 dederunt
1985 2560 2167 2620 Steph.
2192 2556 2322 2606 Fab.
2359 2553 2539 2603 Bentl.

327 2639 526 2689 Dacer.
552 2638 683 2688 Cnn.
704 2637 825 2686 San.
848 2637 967 2687 Jon.
990 2632 1201 2685 Wakef.
1228 2641 1283 2682 et
1319 2633 1479 2682 Kidd.
1549 2632 1743 2692 Teucer,
1776 2635 1823 2677 te
1860 2625 2024 2675 Sthen.
2062 2623 2164 2672 duo
2201 2621 2347 2669 Vatt.
2387 2617 2536 2666 Harl.

329 2707 378 2753 4.
423 2709 474 2752 5.
512 2707 566 2752 6.
618 2701 865 2751 Jannoct.
909 2699 1095 2749 Faern.
1128 2700 1279 2748 Russ.
1316 2698 1497 2748 Nicot.
1538 2711 1623 2758 ap.
1664 2693 1847 2743 Lamb.
1896 2699 2002 2740 tres
2043 2686 2231 2737 Bland.
2271 2691 2329 2732 et
2370 2681 2536 2731 Malu.

330 2768 499 2831 Cruq.
520 2766 669 2830 Lips.
690 2770 740 2815 2.
764 2774 821 2815 et
853 2766 932 2814 sic
968 2764 1152 2814 Heins.
1174 2764 1334 2825 Rutg.
1358 2763 1510 2812 Baxt.
1560 2759 1716 2813 Quod
1742 2759 1757 2786 ‘
1777 2770 1892 2806 cum
1918 2761 2178 2818 praeterea
2200 2757 2254 2799 et
2274 2744 2538 2810 ἑμφατικῶ-

332 2849 478 2895 τερον
495 2831 585 2890 Sit,
606 2839 660 2879 et
683 2830 908 2885 intelligi
935 2830 1118 2893 possit,
1150 2827 1406 2891 quomodo
1429 2842 1495 2877 ex
1519 2840 1582 2874 eo
1607 2826 1710 2875 illae
1736 2823 1948 2872 variatt.
1970 2826 2097 2873 ortoe
2124 2813 2263 2878 sint,'
2280 2815 2354 2862 ita
2371 2808 2548 2861 edidit‘

331 2897 479 2957 Jani.
548 2895 632 2944 Ita
653 2896 810 2945 etiam
835 2895 1051 2957 Bipont.
1088 2893 1302 2943 Mitsch.
1327 2899 1382 2941 et
1401 2887 1758 2940 Wetze1.—42⁷
1798 2886 1947 2936 Harl.
1969 2888 2019 2932 6.
2058 2886 2183 2945 certe
2222 2894 2318 2944 pro
2352 2892 2540 2928 ecce.—

332 2966 397 3010 28
425 2961 642 3020 Tutides,
657 2968 714 3009 et
736 2959 932 3024 Tyiides
952 2958 1184 3007 nonnulli
1207 2957 1361 3007 codd.
1386 2963 1441 3005 et
1461 2954 1585 3006 edd.
1611 2955 1886 3003 vem—29>
1900 2950 2030 3006 Quos
2047 2953 2101 2996 tu
2119 2945 2302 2999 Jones.
2327 2956 2420 3006 pro
2440 2956 2485 2990 v.
2506 2940 2540 2988 l.

336 3029 462 3075 —31
502 3024 701 3074 Sublato
719 3025 888 3084 fugies
911 3032 1075 3086 prov.
1099 3023 1135 3072 l.
1157 3036 1241 3088 ap.
1263 3021 1639 3072 eundem.—32
1675 3019 1789 3067 Non
1810 3016 1878 3066 sic
1897 3013 2137 3079 pollicitus
2156 3009 2295 3073 conj.
2319 3006 2538 3068 Cuning.

1314 3165 1550 3222 ‘NOTAE

1479 3284 1749 3345 Horatius,
1778 3294 1902 3330 sane
1935 3278 2054 3344 quia
2075 3274 2227 3326 Iliad.
2259 3279 2314 3324 Ε.
2346 3271 2540 3322 dicitnr

332 3265 342 3339 ,¹
402 3295 467 3341 23
502 3289 795 3340 Salaminius
824 3287 1030 3359 Teucer]
1085 3262 1266 3351 Ajacis
1309 3287 1397 3336 ille

1479 3361 1706 3409 Martem
1725 3372 1786 3407 sc
1798 3357 2061 3406 Venerem
2086 3353 2139 3401 in
2164 3350 2350 3415 praelio
2367 3349 2544 3397 vulne·

337 3367 518 3417 frater.
584 3364 721 3414 Vide
760 3350 938 3427 snpra‘,
976 3362 1082 3413 od.
1117 3376 1216 3412 vu.
1236 3366 1320 3412 27.
1343 3369 1400 3412 et

338 3459 459 3506 seq.

336 3560 344 3566 .
401 3523 465 3569 24
501 3516 775 3579 Sthenelus]
831 3515 923 3564 Vir
977 3514 1402 3579 pugnacissimus,

340 3609 510 3645 eomes
565 3592 850 3654 Diomedis,
900 3605 1029 3639 unus
1083 3604 1262 3640 eorum
1314 3590 1401 3655 qui

340 3686 475 3736 ,equo
498 3685 556 3720 se
575 3670 798 3732 Trojano
822 3667 1151 3717 abdiderunt.

404 3753 470 3798 26
505 3746 753 3801 Merionen
802 3759 980 3808 quoque
1031 3743 1230 3806 Nosces]
1290 3743 1399 3791 Tuo

343 3824 553 3889 quidem
575 3823 711 3872 malo
743 3833 1023 3884 cognosces
1052 3825 1107 3868 et
1128 3817 1400 3880 experiere

343 3901 607 3960 virtutem,
627 3899 775 3952 iram,
799 3908 1047 3960 acresque
1065 3896 1262 3943 animos
1284 3893 1399 3942 Me-

343 3975 514 4025 rionis.
581 3973 689 4022 Hic
712 3972 963 4036 patruelis
979 3978 1110 4029 ‚erat
1133 3969 1401 4018 Idomenei

344 4049 670 4107 Cretensium
692 4046 874 4098 Ducis.
910 4047 991 4096 De
1010 4060 1074 4096 eo
1097 4059 1273 4110 snpra,
1296 4044 1399 4095 Od.

352 4139 419 4176 v1.
445 4130 523 4174 15.

408 4205 472 4251 28
509 4199 737 4264 ‘tydide-s,
757 4198 920 4248 melier
935 4197 1098 4262 patre]
1117 4197 1283 4261 Supra
1299 4195 1403 4246 od.

353 4291 426 4330 vi.
457 4275 743 4342 ‘Tydidem
764 4274 975 4340 Superis
1013 4273 1217 4346 parem'
1251 4279 1404 4328 vocat

1479 3450 1637 3485 rasse.
1719 3432 1872 3482 Unde
1904 3429 2030 3479 ibid.
2053 3426 2313 3477 Homerus
2336 3426 2446 3487 ejus
2467 3421 2541 3470 fe·

1481 3512 1674 3562 rociam
1696 3514 1969 3572 comparat
2002 3502 2202 3575 flumini
2231 3500 2403 3551 omnia
2419 3499 2541 3547 sub·

1480 3588 1725 3647 vertenti,
1767 3599 1829 3634 ac
1885 3581 2020 3632 leoni
2070 3579 2354 3628 vulnerato.
2421 3574 2542 3623 Non

1480 3664 1664 3719 mirum
1675 3675 1820 3724 ergo,
1834 3660 1877 3708 si
1894 3658 1981 3706 hic
1999 3653 2175 3718 Tydeo
2195 3658 2364 3715 patre,
2382 3661 2541 3711 quan-

1479 3754 1632 3804 quam
1655 3737 1792 3786 bono
1815 3740 1871 3782 et
1905 3729 2053 3789 forti,
2077 3726 2260 3774 melior
2282 3730 2454 3772 tamen
2479 3736 2542 3770 ac

1480 3812 1667 3863 fortior
1692 3807 1972 3858 Diomedes
1999 3807 2346 3864 nuncupetur.

1488 3876 1491 3881 '
1547 3891 1608 3936 ει
1644 3882 1851 3934 Sublimi
1891 3879 2059 3942 fugies
2109 3877 2261 3926 nwllis
2306 3874 2543 3938 anhelitu]

1481 3963 1731 4012 Ferocem
1754 3958 1895 4007 illum
1928 3952 2236 4006 Diomedem
2261 3960 2412 4017 patre
2436 3964 2542 4000 me·

1481 4039 1665 4088 liorem
1703 4049 1763 4084 ac
1787 4033 2005 4097 Superis
2027 4043 2207 4095 parem
2229 4027 2415 4093 fugies,
2435 4034 2543 4076 tam

1484 4113 1716 4187 graviter
1748 4111 2010 4171 anhelans,
2037 4122 2146 4171 prae
2182 4114 2324 4155 metu
2357 4110 2413 4153 et
2449 4117 2542 4166 pa-

1483 4205 1630 4253 yore‚
1669 4202 1822 4253 quam
1857 4199 2038 4236 cervus
2071 4184 2246 4246 lupum
2270 4178 2541 4243 aspiciens.

1483 4272 1699 4331 Mecum
1723 4280 1866 4336 vero,
1885 4264 2069 4327 lector,
2096 4259 2305 4322 mirare,
2326 4269 2428 4327 quo
2449 4254 2543 4311 du·
