3059 4909
997 390 1406 443 οΑηΜιΝυΜ
1464 389 1607 439 mn.
1657 391 1707 442 1.
1748 330 1829 442 9,
2375 365 2501 429 105

573 538 755 619 Quid
787 538 872 602 sit
901 537 1188 602 futurum
1217 554 1389 613 crae,
1419 536 1576 617 fuge
1600 555 1928 619 queen-erm
1972 538 2041 598 et

570 640 791 721 Quem
822 660 967 739 sors
990 640 1241 705 dierum
1271 657 1556 737 cumque
1578 639 1799 746 ‘dabit’
1829 639 2016 705 lucro

599 768 607 777 ·
650 741 944 829 Appone
959 792 986 858 3
1026 716 1418 845 ‘ne‘c'dulces
1448 759 1733 849 amorcs‘
2418 729 2507 796 15

737 846 1008 931 Sperne,
1044 864 1227 929 puer,
1259 863 1477 929 neque
1507 850 1584 909 tu
1612 844 1918 922 choreae,

568 947 808 1013 Donec
840 949 1073 1014 virenti
1102 946 1391 1013 canities
1423 947 1618 1012 abest

568 1051 871 1118 Morosa.
960 1051 1160 1117 Nunc
1192 1056 1261 1116 et
1290 1069 1594 1134 campuS,
1621 1056 1690 1115 et
1719 1066 1915 1129 areae,

307 1214 401 1262 tari
422 1214 539 1277 quid
556 1230 662 1264 crus
680 1222 954 1266 eventurum
973 1217 1068 1275 sit,-
1101 1223 1149 1266 et
1170 1216 1420 1280 quemlibet
1455 1217 1580 1267 diem
1601 1219 1806 1278 fortuna
1833 1216 2084 1281 largietur,
2115 1214 2313 1280 qua-§tui
2334 1213 2502 1274 adfice·

310 1278 474 1342 Neque
494 1295 605 1330 vero
619 1295 785 1330 suares
804 1297 986 1332 amores
1007 1289 1060 1332 tu
1071 1283 1262 1342 juvenis
1280 1287 1537 1346 contemne,
1570 1298 1714 1346 neque
1736 1283 1944 1344 choreas,
1969 1283 2079 1332 dum
2100 1297 2130 1331 a
2151 1287 2199 1330 te
2218 1279 2374 1329 calido
2393 1294 2501 1342 pro-

237 1368 240 1370 *
306 1346 380 1392 cul
409 1349 481 1395 est
514 1352 726 1397 senectus
755 1348 977 1413 difficilis.
1041 1349 1157 1397 Jam
1178 1353 1227 1397 et
1252 1350 1480 1411 Campum
1503 1349 1738 1401 Martium
1757 1356 1806 1400 et
1826 1362 1961 1399 areas
1983 1347 2276 1417 frequenta:
2307 1360 2391 1395 uec
2410 1358 2504 1395 non

1220 1478 1596 1501 ONNONOOOO

308 1570 391 1619 ap.
414 1556 538 1608 Jani
564 1558 958 1610 Tautarene—1³
993 1560 1056 1611 In
1077 1560 1178 1612 fine
1199 1568 1247 1614 et
1267 1562 1421 1613 abest
1446 1578 1476 1613 a
1500 1562 1777 1624 nonnullis,
1803 1570 1859 1611 ut
1875 1561 2029 1611 Fran.
2060 1561 2220 1611 Dese.
2243 1561 2293 1607 2.
2320 1554 2427 1607 Au.
2450 1558 2501 1607 2.

309 1629 360 1669 et
383 1622 458 1670 ita
481 1621 653 1673 edidit
676 1625 1026 1688 cuning.-14
1052 1628 1201 1683 'Quod
1225 1628 1337 1688 sors
1356 1630 1490 1694 conj.
1516 1629 1740 1692 cuning.
1797 1628 1953 1684 Quem
1971 1625 2084 1688 fors
2123 1622 2404 1674 Lambinus
2437 1634 2504 1670 ex

310 1687 463 1735 codd.
483 1687 577 1737 sed
601 1690 722 1741 Vet.
743 1691 913 1740 Schol.
934 1699 990 1741 et
1013 1692 1217 1754 plur-imi
1241 1693 1394 1744 codd.
1417 1708 1536 1745 cum
1558 1693 1680 1743 edd.
1716 1701 1842 1742 vett.
1880 1692 2074 1741 habent
2096 1703 2215 1749 sors,
2246 1701 2347 1737 non
2374 1685 2506 1747 jors.

307 1751 421 1801 Vid.
443 1750 717 1803 Drakenb.
738 1755 801 1804 ad
821 1756 913 1804 Sil.
938 1769 1032 1806 xv.
1052 1761 1293 1808 105.-16
1331 1758 1554 1822 Cuning.
1574 1774 1665 1808 neu
1686 1757 1841 1808 dulcis
1855 1775 1876 1818 ,-
1912 1756 2100 1807 Sanad.
2119 1769 2205 1804 aec
2225 1755 2382 1801 dulces
2408 1751 2506 1798 Ca·

306 1824 629 1867 maenaa—16
649 1825 664 1847 ⁴
686 1821 950 1883 Displicet
964 1821 1072 1870 viro
1093 1837 1290 1872 summo
1308 1822 1341 1874 J
1348 1824 1450 1873 ulio
1464 1824 1731 1888 scaligero
1755 1835 2037 1886 pronomen
2059 1826 2114 1870 tu
2133 1820 2217 1868 hic
2234 1819 2506 1867 intrusum.

305 1886 318 1906 ⁸
338 1881 577 1944 Versus‚'
610 1884 703 1944 ait,
734 1885 1001 1950 ‘coegisse
1024 1887 1232 1936 videtur
1267 1902 1404 1949 enm,
1440 1894 1498 1938 nt
1537 1902 1819 1952 pronomen
1856 1881 2252 1947 interponeret!
2317 1881 2452 1930 Sane
2475 1894 2509 1927 a

307 1946 579 1996 codicibus
606 1949 849 1998 Petu-ensi
875 1959 930 2000 et
953 1950 1186 2001 Galeano
1209 1952 1360 2003 abest
1395 1956 1450 2001 lu
1464 1969 1483 2011 ,-
1514 1952 1758 2015 fot-tasse,
1782 1951 1918 2016 qnod
1945 1957 2000 2000 et
2020 1947 2274 1998 Librariis
2298 1957 2505 2010 quoque

307 2012 473 2060 otiose
499 2012 724 2073 positum
747 2013 1036 2069 videbatur.
1104 2017 1211 2066 Cur
1241 2017 1396 2078 igitur
1427 2018 1582 2067 iidem
1620 2016 1841 2078 Virgilio
1863 2016 2166 2079 ignoscunt,
2198 2011 2286 2075 qui
2324 2007 2505 2057 eodem
2575 2020 2578 2023 ’

306 2076 462 2135 plane
488 2078 640 2127 modo
675 2080 876 2129 locutus
899 2085 998 2141 est,
1017 2078 1133 2129 AEn.
1159 2095 1213 2131 v-
1229 2081 1363 2131 456!
1388 2083 1551 2132 Bentl-
1592 2083 1610 2111 ‘
1629 2081 1691 2131 In
1716 2081 1805 2131 illo
1828 2085 1881 2130 tu
1904 2078 2176 2143 singularis
2195 2082 2276 2125 est
2299 2075 2506 2151 elegan-

305 2140 395 2194 tia,
422 2141 514 2190 sed
538 2157 601 2191 ea
619 2144 821 2193 Graecae
849 2146 1148 2209 Latinaeque
1172 2146 1361 2211 tinguae
1389 2162 1598 2211 prorsus
1621 2143 1871 2210 propria?
1906 2144 2042 2195 Jam’.
2108 2139 2329 2192 Wetzel.
2348 2145 2508 2187 inter-

307 2206 494 2268 pungit
514 2222 528 2256 ι
547 2223 630 2257 nec
651 2209 699 2256 d.
721 2220 768 2257 a.
792 2222 831 2257 s.
853 2226 905 2274 p.
927 2225 976 2258 n.
998 2215 1035 2259 t.
1058 2210 1287 2270 enorme,-
1322 2213 1395 2263 D.
1418 2229 1466 2262 υ.
1484 2228 1526 2261 e.
1545 2229 1594 2261 a.
1615 2212 1826 2263 Morosa.
1865 2211 2026 2270 Nunc,
2043 2209 2256 2284 ξομ-,18
2289 2206 2383 2261 Dr.·
2400 2204 2508 2266 By·-

308 2282 435 2320 rom.
459 2277 626 2321 cantus
648 2279 694 2323 et
714 2275 832 2323 alea.
867 2273 938 2324 cf.
968 2274 1116 2324 Anal.
1141 2277 1234 2325 Gr.
1257 2290 1297 2326 1.
1326 2281 1437 2327 162.
1472 2278 1641 2342 Epod.
1662 2290 1793 2327 xm·
1828 2279 1908 2326 17.
1932 2282 1987 2326 et
2010 2288 2075 2325 ιι.
2100 2273 2269 2337 Epist.
2285 2274 2335 2321 2.
2359 2272 2510 2318 56.-

1305 2399 1518 2450 NOTAE

373 2494 436 2540 13
473 2492 607 2548 Quid
625 2486 924 2553 sitfit'turum
943 2494 1201 2556 cras,fltge
1237 2508 1370 2557 quoe·

308 2568 437 2631 rere]
467 2567 587 2617 Sive
610 2583 676 2617 ex
702 2576 896 2619 natura·
923 2569 1018 2619 sibi
1039 2570 1269 2620 timentis
1290 2585 1371 2619 so·

308 2642 599 2706 licitudine,
620 2645 728 2694 sive
749 2660 815 2695 ex
837 2647 1040 2695 curiosa
1079 2646 1371 2697 futurorum

311 2718 710 2784 investigatione
737 2737 829 2785 per
854 2722 1246 2787 Genethliacos,
1267 2723 1374 2774 noli

312 2801 362 2844 te
418 2794 758 2850 discruciare.
825 2800 960 2848 Nam
1008 2800 1371 2852 Mathematici

314 2872 425 2934 plus
460 2880 707 2938 torquent
745 2890 897 2942 quam
927 2876 1145 2939 juvant:
1180 2886 1249 2928 et.
1274 2879 1370 2929 hoc

312 2949 456 3000 Deos
479 2948 716 3016 offendit,
739 2954 824 3017 qui
853 2955 1088 3003 notitiam
1122 2955 1249 3007 banc
1273 2956 1371 3006 sibi

312 3035 656 3078 reservarunt.
715 3032 1017 3091 Favorinus,
1061 3035 1199 3096 apud
1245 3035 1372 3085 Gel-

312 3101 433 3151 lium
456 3117 537 3152 w.
562 3108 610 3170 1.
667 3109 683 3134 ⁴
708 3106 818 3156 Aut
841 3107 1059 3158 adversa
1083 3111 1371 3174 praedicunt

312 3177 665 3242 Genethliaci,
695 3190 785 3230 aut
813 3198 1074 3247 prospera.
1141 3186 1195 3236 Si
1222 3202 1369 3250 pros-

315 3268 458 3316 pera,
493 3262 551 3305 et
583 3255 791 3321 fallunt,
824 3260 979 3310 miser
1015 3261 1124 3319 fies,
1174 3262 1369 3315 frustra

313 3332 659 3393 expectando.
700 3334 753 3383 Si
780 3336 1015 3398 adversa,
1035 3347 1089 3387 et
1114 3341 1369 3389 mentiun-

314 3411 416 3466 tur,
448 3407 606 3456 miser
633 3406 726 3458 fies
760 3408 954 3462 frustra
977 3414 1245 3478 timendo,'
1268 3420 1368 3465 διο.

317 3481 446 3531 vide
469 3483 592 3533 Not.
619 3486 681 3533 ad
708 3485 811 3535 od.
838 3502 898 3536 η.
921 3504 1066 3554 seqq.

326 3571 333 3577 ·
376 3562 438 3608 14
474 3559 629 3616 Quem
661 3577 764 3611 sors
797 3564 981 3614 dierum
1015 3581 1224 3637 cumque,
1259 3569 1369 3638 Qua]

271 3700 275 3704 ⁵
315 3635 419 3686 Pro
438 3636 586 3689 lucro
616 3640 747 3690 habe
771 3643 996 3708 singulos
1016 3645 1104 3708 qui
1128 3647 1224 3696 tibi
1249 3661 1371 3699 eon·

314 3712 572 3764 ceduntur
592 3716 716 3767 vitae
741 3719 886 3770 dies:
925 3736 987 3770 ac
1011 3722 1155 3772 velut
1176 3724 1373 3774 lucrum

235 3812 243 3827 ι
313 3790 687 3867 Ιιιοτομρροιιο
715 3799 1098 3862 quotquotjam
1116 3809 1238 3851 ante
1253 3817 1371 3851 con·

314 3869 471 3918 cessis
493 3871 775 3922 adduntur.
841 3876 969 3925 Cum
1005 3876 1142 3926 enim
1179 3876 1196 3905 ‘
1219 3878 1374 3928 morti

315 3943 633 4011 debeamur,'
665 3954 724 3998 ut
756 3950 830 4000 ait
866 3952 931 4000 ad
971 3953 1209 4016 Pisones,
1246 3961 1376 4019 quot

315 4019 421 4070 dies
445 4022 685 4085 vivimus,
724 4032 777 4075 et
817 4035 945 4092 quot
968 4026 1094 4089 fors,
1117 4045 1206 4079 sen
1228 4032 1374 4082 Deo·

315 4110 422 4147 rum
455 4098 694 4151 voluntas
730 4101 841 4168 dat,
883 4105 1099 4155 totidem
1139 4107 1187 4157 ei
1225 4109 1373 4160 velut

314 4177 624 4243 eripiuntur,
657 4181 802 4229 nobis
836 4196 960 4231 vero
994 4184 1141 4247 qnasi
1176 4186 1371 4239 lucrum

314 4253 591 4306 accedunt.
624 4256 736 4307 Cic.
762 4258 826 4308 ad
850 4259 992 4309 Fam.
1016 4273 1096 4310 tx.
1121 4265 1201 4311 17.
1245 4263 1262 4290 ‘
1285 4264 1371 4314 De

1450 2496 1598 2554 lucro
1642 2498 1754 2563 jam
1808 2493 2200 2560 quadriennium
2253 2490 2507 2539 vivimus:

1453 2573 1676 2622 Omnem
1699 2571 1856 2622 crede
1880 2571 2016 2620 diem
2039 2568 2136 2618 tibi
2162 2566 2406 2616 diluxisse
2428 2579 2512 2616 su-.

1452 2649 1724 2713 premam!
2462 2716 2469 2722 .

1519 2731 1581 2775 15
1618 2727 1724 2777 Nec
1740 2725 1900 2775 diacos
1932 2734 2110 2773 amores
2146 2718 2345 2789 Sperne,
2374 2729 2511 2792 puer,

1451 2803 1561 2867 qia]
1593 2804 1733 2854 Dum
1748 2800 1962 2868 juvenis
1993 2813 2070 2860 ee,
2083 2793 2345 2869 juveniles
2365 2806 2511 2842 exer*

1449 2881 1729 2931 citationes
1747 2887 1803 2930 et
1817 2876 2198 2928 oblectationes
2214 2888 2280 2924 ne
2301 2871 2512 2932 omitte3

1449 2965 1725 3022 antequam
1759 2956 1937 3015 veniat
1974 2958 2234 3011 senectus,
2277 2958 2394 3014 qnoej
2433 2945 2513 2997 his

1448 3037 1684 3086 omnibns
1705 3033 1859 3090 finem
1883 3031 2117 3097 imponit.

1517 3117 1581 3163 18
1615 3111 1832 3174 Morosa]
1866 3111 1979 3171 Cic.
2020 3107 2088 3158 de
2121 3107 2423 3165 Senectute,
2458 3115 2512 3161 n,

1450 3196 1533 3249 64,
1559 3197 1614 3246 et
1626 3206 1732 3255 seq.
1776 3196 1791 3218 ⁴
1817 3186 2035 3249 Morosi,
2067 3183 2225 3247 anxii,
2261 3179 2513 3241 iracundi,

1452 3274 1508 3321 et
1554 3266 1789 3317 difficiles
1832 3277 1983 3313 senes
2022 3268 2163 3312 sunt.
2235 3255 2515 3307 Morositas

1450 3343 1543 3395 illa
1564 3351 1738 3394 tamen
1764 3336 2116 3390 excusationis
2140 3334 2299 3384 habet
2320 3329 2516 3396 aliquid

1454 3455 1467 3469 .
1495 3455 1508 3470 .
1536 3455 1549 3470 .
1574 3451 1589 3467 .
1605 3452 1628 3468 ..
1651 3454 1664 3468 .
1690 3415 1955 3468 contemni
1977 3427 2032 3463 se
2069 3415 2273 3475 putant,
2295 3406 2515 3472 despici,

1451 3497 1620 3547 illudi.
1686 3495 1960 3547 Praeterea
1993 3489 2043 3538 iu
2083 3486 2256 3551 fragili
2292 3497 2516 3547 corpore

1454 3575 1634 3624 odiosa
1665 3572 1829 3621 omnis
1852 3567 2071 3619 offensio
2096 3563 2217 3616 est!
2271 3564 2341 3611 Et
2362 3562 2515 3625 paulo

1456 3656 1606 3715 post:
1639 3650 1657 3678 ⁴
1674 3649 1875 3699 Quarta
1895 3649 2059 3694 restat
2075 3640 2229 3701 ratio,
2242 3652 2358 3702 quae
2374 3651 2517 3684 max-

1454 3726 1554 3777 ime
1578 3738 1771 3790 angere
1813 3737 1875 3772 ac
1899 3718 2159 3777 solicitam
2184 3712 2373 3763 habere
2397 3724 2515 3767 nos·

1452 3808 1584 3852 tram
1611 3806 1820 3853 aetatem
1858 3794 2097 3853 videtur:
2133 3788 2517 3863 appropinqua-

1453 3879 1530 3928 tio
1549 3876 1750 3936 mortis,
1764 3886 1882 3940 quae
1899 3875 2043 3921 certe
2069 3882 2099 3917 a
2120 3871 2393 3917 senectute
2411 3877 2516 3914 non

1455 3959 1633 4018 potest
1654 3951 1806 4012 longe
1830 3945 2160 4008 abesse,’&c.

1527 4026 1755 4092 Campus]
1793 4021 2217 4076 Exercitationes
2249 4015 2517 4083 juventuti

1453 4108 1666 4160 idoneas
1700 4105 1751 4155 in
1795 4102 1992 4165 Campo
2026 4096 2229 4149 Martio
2264 4092 2515 4145 celebrari

1449 4185 1627 4235 solitas
1652 4179 1943 4246 frequenta.
2012 4177 2092 4227 De
2114 4173 2214 4226 illis
2239 4171 2361 4222 vide
2386 4170 2517 4222 Not-

1454 4262 1521 4312 ad
1543 4258 1646 4311 od.
1666 4261 1714 4309 8.
1732 4269 1908 4324 supra·
