3059 4909
508 408 636 476 188

1224 425 1294 485 Q.
1340 419 1658 472 noan-11
1691 419 1972 472 ‘abacos

854 568 1001 633 Vix
1030 568 1351 651 illigatum
1381 575 1449 632 te
1475 568 1753 636 triformi

943 670 1249 754 Pegasus
1276 670 1599 755 expediet
1625 669 1979 737 Chimaera.

512 863 729 926 Pegasus
747 864 1023 928 αφὶίσὶιιιιι
1043 870 1094 915 te
1112 865 1201 915 vix
1220 863 1445 916 liberabit
1464 878 1526 914 ex
1547 863 1647 914 iste
1670 863 1912 913 Chimera
1932 860 2164 923 triformi.

1425 1006 1453 1026 θ
1459 1004 1781 1026 ΜΟΜΟ

509 1107 640 1154 -24
673 1105 887 1166 Pegasos
906 1104 1143 1220 cuninffi‘„
1163 1107 1355 1171 expedit
1386 1121 1449 1157 ex
1482 1105 1724 1155 Chimera
1760 1105 1901 1169 Lips.
1924 1110 1977 1155 4.
2026 1102 2247 1166 expediat
2274 1100 2367 1152 01..
2402 1099 2622 1162 Cuning.
2648 1104 2703 1149 et

511 1167 699 1219 Sanad.
720 1170 971 1221 Chinoeroe
988 1174 1071 1236 qui

508 1234 737 1284 ckimoera
759 1236 892 1286 Exc.
913 1235 1033 1286 Sax.
1056 1236 1216 1286 Brod.
1234 1244 1290 1286 et
1314 1236 1492 1286 Zarot.

1145 1186 1192 1221 m
1217 1172 1395 1222 Lamb.
1413 1172 1606 1220 Venet.
1633 1173 1776 1223 1590.
1796 1170 2002 1220 Fabric.
2026 1169 2154 1218 Fab.
2177 1168 2358 1231 Stepb.
2375 1172 2430 1215 et
2455 1164 2702 1229 Rutgers.

1499 1382 1715 1434 NOTAE

574 1479 639 1525 23
669 1475 767 1527 Vix
786 1477 1028 1539 intentum
1046 1483 1094 1528 te
1110 1478 1338 1542 triformi,
1350 1478 1457 1544 ξω]
1474 1477 1567 1544 Ip-

512 1568 570 1603 se
593 1552 957 1617 Bellerophon,
985 1555 1074 1619 qui
1104 1553 1306 1620 Pegaso
1335 1555 1566 1607 insidens

510 1629 814 1681 Chimaeram
835 1629 1119 1689 interfecit,
1139 1632 1314 1696 capite
1343 1639 1434 1681 aut
1460 1630 1567 1681 for·

508 1719 592 1755 ma
624 1705 819 1769 triplici
842 1706 1170 1769 horrendam,
1194 1707 1280 1756 vix
1302 1713 1358 1757 te
1380 1706 1569 1756 libera-

509 1780 589 1829 bit
626 1780 694 1830 ab
725 1781 828 1831 ista
862 1796 1023 1845 prava
1048 1783 1264 1833 muliere
1285 1783 1405 1834 huic
1426 1797 1569 1833 mon-

508 1862 616 1907 stro
638 1871 738 1907 non
763 1857 998 1908 absimili.
1063 1858 1205 1909 Vide
1224 1858 1375 1911 iufra.

573 1938 640 1984 24
672 1933 912 1999 Pegasus]
945 1934 1101 2000 Apud
1124 1934 1301 1987 Strab.
1323 1942 1380 1988 et
1401 1933 1571 1988 1²⁸1ae-

512 2012 652 2076 phat.
682 2013 915 2076 Pegasus
939 2028 1042 2064 non
1063 2020 1142 2064 est
1165 2028 1347 2080 equus,
1365 2014 1455 2065 sed
1481 2030 1571 2065 na-

510 2089 587 2138 vis
609 2089 760 2153 longa
782 2096 836 2139 et
860 2089 1126 2153 citissima,
1145 2090 1246 2140 hoc
1265 2090 1383 2140 ideo
1405 2091 1569 2140 nomi·

510 2180 579 2216 ne
613 2167 877 2230 insignita,
913 2181 1015 2231 qua
1049 2166 1399 2231 Bellerophon
1432 2168 1569 2218 inse-

510 2250 664 2292 cutus
687 2243 1077 2306 comprehendit
1101 2249 1158 2296 et
1175 2233 1367 2294 cecidit
1386 2242 1567 2308 Lycio-

511 2332 623 2367 rum
648 2318 870 2379 Ducem,
894 2318 1099 2367 nomine
1132 2317 1461 2377 Chimaeram,
1489 2319 1569 2382 pi-

509 2394 677 2442 ratica
712 2391 976 2454 infamem,
1013 2400 1218 2444 vectum
1253 2394 1387 2457 navi,
1418 2394 1569 2459 cujus

510 2483 668 2532 prora
708 2470 890 2534 leonis,
935 2472 1127 2536 puppis
1170 2471 1427 2536 draconis,
1462 2485 1571 2520 me-

510 2546 651 2596 dium
689 2561 864 2611 capre
901 2544 1119 2611 effigiem
1164 2553 1254 2597 aut
1291 2546 1569 2611 imaginem

511 2624 774 2688 depictam
818 2625 1115 2676 exhibebat.
1199 2624 1442 2690 Hincque
1489 2623 1569 2673 fa·

509 2699 648 2749 bulae
692 2701 834 2750 locus
868 2701 1045 2763 datus,
1084 2706 1217 2750 teste
1249 2701 1412 2751 etiam
1444 2700 1570 2751 Plu·

511 2776 712 2839 tucho,
736 2776 803 2826 de
822 2776 978 2826 claris
1002 2775 1316 2826 mulieribus.

576 2852 808 2915 Tristia-nti
844 2851 1089 2915 chimarra]
1143 2851 1225 2902 Ex
1266 2849 1443 2903 Strab.
1481 2851 1572 2903 cit.

508 2929 665 2980 Mons
681 2931 768 2980 ille
786 2930 961 2995 Lyciae
978 2929 1285 2993 ignivomus,
1300 2928 1354 2978 in
1371 2928 1570 2979 vertice

508 3006 702 3070 leones,
732 3006 784 3058 in
816 3005 985 3055 medio
1018 3017 1223 3070 capras,
1244 3002 1309 3053 ad
1341 3002 1570 3053 radicem

510 3090 780 3145 serpentes
813 3079 1057 3131 babebat.
1121 3078 1280 3129 Hunc
1299 3092 1424 3128 vero
1448 3079 1570 3129 Bel·

506 3158 757 3222 lerophon
789 3155 1106 3221 expurgavit
1141 3160 1197 3205 et
1230 3154 1570 3206 inhabitatum

510 3233 653 3298 prius
697 3232 885 3284 exinde
934 3232 1270 3284 habitabilem
1319 3231 1570 3283 reddidit.

510 3309 668 3375 Apud
689 3309 1007 3360 fabulatores
1044 3310 1285 3360 Chimera
1318 3316 1402 3359 est
1426 3324 1571 3359 mon·

511 3395 676 3438 strum
697 3388 933 3451 triforme,
955 3395 1117 3452 capnt
1146 3394 1204 3438 et
1225 3387 1384 3452 pedes
1407 3388 1573 3437 leonis

511 3464 726 3523 habens,
740 3480 911 3529 caprae
931 3471 1184 3525 ventrem,
1197 3463 1433 3514 draconis
1451 3478 1571 3513 cau·

512 3538 660 3590 damz
697 3539 877 3605 Πρόσθε
912 3538 1054 3604 λέων,
1088 3541 1246 3591 ὄπιθεν
1294 3538 1346 3590 δὲ
1378 3538 1576 3606 δράκων,

506 3613 666 3678 μέσση
688 3615 740 3668 δὲ
760 3616 974 3684 χίμαιρα.
1030 3616 1171 3669 Hinc
1207 3617 1479 3670 Lucretius
1514 3631 1573 3668 v.

1644 1481 1759 1530 903.
1816 1479 1832 1507 ⁸
1859 1477 2038 1529 Prima
2076 1478 2180 1538 leo,
2225 1480 2489 1539 postrema
2530 1470 2705 1532 draco,

1644 1553 1814 1605 media
1832 1554 1946 1619 ipsa
1969 1550 2261 1605 Chimaera.’
2296 1550 2453 1600 ovid.
2473 1550 2606 1598 Met.
2624 1561 2708 1599 rx.

1642 1636 1762 1682 646.
1786 1630 2068 1681 ‘mediisin
2090 1629 2323 1695 partibus
2335 1627 2556 1686 hircum,
2575 1626 2708 1675 Pec-

1646 1714 1731 1757 tus
1752 1714 1808 1758 et
1830 1722 1920 1758 ora
1941 1708 2059 1770 leoe,
2081 1705 2301 1756 caudam
2334 1701 2595 1766 serpentis
2618 1701 2707 1750 ha-

1644 1786 1842 1838 bebat.’
1899 1786 2015 1837 Hoc
2039 1800 2162 1836 vero
2187 1784 2535 1849 Bellerophon
2561 1781 2709 1846 Nep·

1647 1870 1774 1914 tuno
1817 1861 2042 1927 adjutus,
2095 1865 2235 1913 alato
2273 1875 2408 1926 equo
2452 1859 2708 1916 invectus,

1647 1941 1853 2006 sagittis
1876 1939 2123 1991 confecit.
2176 1938 2432 1989 Lucienus
2466 1934 2608 1984 Dial.
2639 1933 2707 1983 de

1647 2017 1847 2069 Astrol.
1888 2019 1964 2068 ait
1996 2017 2207 2067 minime
2242 2014 2341 2065 sibi
2384 2024 2708 2078 persuasum,

1645 2096 1838 2145 alatum
1858 2091 2254 2159 Bellerophonti
2291 2105 2477 2156 equum
2508 2088 2704 2139 fuisse:

1648 2186 1828 2221 verum
1870 2177 2077 2234 putare,
2099 2170 2241 2219 illum
2283 2168 2401 2219 talis
2434 2165 2708 2229 sapientie

1648 2245 1822 2297 studio
1855 2243 2380 2307 deditum,·sublimia
2410 2250 2466 2293 et
2490 2255 2606 2306 qum
2640 2240 2710 2290 ad

1648 2322 1820 2373 sidera
1857 2323 2128 2386 pertinent
2153 2320 2491 2370 meditantem
2523 2318 2578 2367 in
2604 2331 2711 2367 coe·

1648 2400 1754 2449 lum
1786 2397 2079 2449 ascendisse
2117 2412 2221 2448 non
2246 2411 2379 2462 equo
2402 2395 2492 2445 sed
2517 2401 2708 2444 mente.

1650 2475 1784 2525 Vide
1802 2482 1859 2525 et
1882 2474 2014 2525 Coet.
2046 2473 2265 2536 Rhodig.
2298 2485 2428 2524 xm.
2452 2475 2504 2522 9.
2540 2471 2709 2521 Porro

1650 2552 1785 2604 bene
1808 2552 2057 2603 Horatius
2079 2549 2405 2601 meretricem
2440 2562 2557 2598 cum
2590 2548 2710 2597 Chi·

1651 2644 1814 2680 maera
1866 2627 2089 2679 confert.
2152 2626 2326 2691 Hujus
2370 2625 2510 2676 enim
2551 2624 2709 2674 habet

1650 2706 1739 2757 illa
1778 2719 2050 2763 venenum,
2109 2701 2368 2764 foetorem,
2407 2700 2709 2762 feritatem3

1649 2780 1970 2846 impuraque
2000 2777 2231 2830 libidinis
2262 2776 2492 2828 flammas
2519 2776 2709 2841 passim

1651 2863 1878 2908 eructat.
1945 2854 2098 2907 Adde
2135 2855 2269 2920 quod
2291 2856 2480 2905 amoris
2519 2853 2709 2918 princi·

1650 2933 1738 2997 pia
1769 2933 2022 2997 impetum
2063 2932 2244 2995 leonis,
2273 2930 2501 2982 medium
2529 2944 2708 2994 capra
2735 2980 2740 2984 ,

1648 3008 1991 3071 salacitatem,
2021 3007 2137 3059 fluis
2172 3013 2341 3057 autem
2366 3006 2557 3056 doloris
2578 3019 2709 3054 mor-

1651 3100 1738 3135 sus
1760 3085 1905 3137 velut
1935 3086 2196 3149 serpentis
2228 3097 2292 3135 ac
2317 3082 2553 3132 draconis
2591 3081 2711 3132 leti·

1650 3158 1791 3211 feros
1809 3175 2069 3225 nunquam
2082 3174 2185 3210 non
2208 3159 2392 3209 exerit.
2467 3158 2708 3220 Fulgeut.

1651 3236 1880 3300 Mytbol.
1915 3235 2006 3288 lib.
2031 3249 2119 3289 m.
2169 3234 2441 3286 Chimaeroe
2466 3241 2709 3296 tanquam

1650 3315 1729 3364 rei
1753 3330 1868 3379 quae
1892 3328 2152 3378 nunquam
2173 3310 2273 3362 fuit
2297 3318 2387 3361 aut
2408 3324 2522 3360 esse
2542 3308 2713 3374 potuit

1651 3389 1885 3440 meminit
1905 3388 2102 3439 Tullius
2131 3388 2200 3438 de
2229 3388 2351 3438 Nat.
2390 3388 2556 3437 Deor.
2582 3399 2623 3434 1.
2656 3398 2710 3436 n.

1653 3469 1766 3516 109.
1788 3472 1844 3515 et
1866 3463 1931 3515 ad
1968 3464 2137 3515 Attic.
2172 3477 2240 3514 ιι.
2267 3468 2346 3513 16.
2371 3462 2459 3512 ubi
2482 3470 2541 3512 et
2578 3461 2711 3511 citat

1652 3540 1967 3592 versiculum
2004 3539 2270 3604 Graecum,
2305 3538 2398 3607 qui
2436 3551 2593 3603 supra
2619 3538 2711 3587 ba·

1652 3615 1820 3670 betur.
