3059 4909
494 377 624 442 518
1210 392 1280 450 Q.
1329 385 1650 439 nonam
1702 384 1966 434 resecr
2005 386 2018 419 ³

841 535 1090 612 Adriae,
1118 534 1303 612 novi,
1336 532 1544 609 sinna,
1571 536 1640 594 et
1667 528 1828 614 quid
1861 527 2056 593 albus

1356 635 1607 700 Peccet
1638 632 1880 717 Iapyx.

842 739 1155 806 Hostium
1186 757 1431 804 uxores
1465 736 1789 820 puerique
1818 749 2042 797 caecos

843 843 1148 907 Sentiant
1176 848 1400 906 motus
1431 837 1705 904 orientis
1734 833 1995 910 Austri,
2027 837 2093 897 et

843 943 1163 1028 AEquoris
1191 943 1360 1026 nigri
1385 938 1739 1015 fremitum,
1769 940 2212 1001 ettrementes
2263 980 2272 985 -
2315 976 2322 983 ·

1357 1043 1661 1109 Verbere
1688 1042 1893 1122 ripas.

845 1146 963 1211 Sic
991 1149 1056 1211 et
1086 1144 1354 1230 Europe
1384 1144 1653 1209 niveum
1684 1141 1925 1207 doloso

2523 625 2695 690 ·20

504 1352 647 1410 atque
670 1346 819 1407 fallat
843 1346 999 1411 Iapyx
1018 1359 1224 1397 aerenum
1293 1342 1527 1404 Coniuges
1555 1346 1601 1390 et
1624 1339 1729 1405 filii
1756 1328 1961 1388 hostiurn
1991 1337 2296 1401 experientem·
2326 1337 2528 1385 occultos
2549 1340 2701 1384 motus

504 1412 678 1461 Austri
694 1414 950 1474 surgentis,
968 1415 1017 1460 et
1036 1409 1264 1459 emaus
1282 1409 1382 1457 atri
1403 1406 1570 1469 maris,
1590 1420 1646 1454 ac
1667 1405 1834 1454 littora
1856 1404 2031 1454 ictibus
2049 1404 2290 1485 fluctuum
2318 1415 2554 1452 mnemo-
2622 1399 2707 1448 Ito

1420 1549 1598 1571 “udo
1603 1548 1784 1569 &tom

509 1650 752 1702 convenit
774 1650 1040 1700 monitoris
1063 1648 1272 1701 affectui
1298 1650 1515 1713 simplex
1554 1647 1838 1714 punctum!
1868 1648 2143 1699 huie-19
2182 1645 2388 1696 Hadria·
2419 1645 2474 1694 in
2498 1642 2708 1708 quibus-

508 1719 644 1767 dam.
715 1716 846 1766 Vide
866 1716 989 1765 Var.
1016 1717 1187 1766 Lectt.
1213 1715 1275 1764 ad
1302 1730 1340 1765 1.
1374 1714 1478 1765 Od.
1498 1719 1548 1766 3.
1577 1718 1657 1763 15.
1698 1715 1824 1763 altus
1845 1720 1949 1763 vet.
1985 1712 2100 1763 cod.
2132 1712 2201 1763 H.
2226 1712 2405 1774 Stepb.
2430 1707 2599 1760 Praef.
2640 1708 2704 1758 ad

510 1784 812 1832 lactc-22
834 1780 1008 1831 Austri
1031 1780 1182 1831 Harl.
1204 1784 1251 1830 l.
1273 1784 1384 1830 23.
1406 1785 1455 1829 4.
1477 1785 1526 1829 5.
1551 1785 1601 1827 6.
1623 1787 1677 1828 et
1693 1792 1867 1828 omnes
1884 1778 1969 1827 alii
1989 1777 2145 1829 codd.
2167 1791 2284 1826 cum
2310 1776 2430 1827 edd.
2451 1774 2707 1839 antiquis;

509 1848 745 1896 Muretus
762 1847 954 1910 primus
975 1845 1123 1895 dedit
1143 1844 1293 1894 Hoedi
1315 1860 1377 1895 ex
1395 1858 1480 1894 ιιι.
1507 1843 1612 1894 Od.
1628 1848 1767 1894 ms·
1787 1857 2008 1908 eumque
2030 1847 2243 1892 secutus
2267 1840 2551 1891 Lambinus
2572 1839 2707 1889 unde

509 1914 561 1961 in
587 1914 758 1976 plures
772 1911 892 1960 edd.
910 1911 1067 1960 veu‘n.
1100 1910 1225 1960 astri
1241 1909 1468 1974 suspicio
1492 1924 1578 1972 ap.
1602 1908 1784 1960 Jones.
1809 1923 1960 1974 quam
1998 1907 2260 1972 improbat
2279 1906 2418 1958 Jani.
2449 1910 2499 1955 et
2521 1906 2574 1954 in
2606 1904 2705 1953 fine

513 1992 589 2026 vs.
622 1978 771 2027 abest
794 1991 822 2024 a
845 1976 1118 2025 Pulmanni
1158 1974 1333 2024 Hunn.
1367 1974 1662 2024 Helmstad.
1699 1974 1888 2027 Venet.
1925 1976 2073 2029 1492.
2135 1971 2353 2023 Ascens.
2376 1970 2598 2034 Cuning.
2622 1970 2709 2018 Sa-

511 2042 632 2092 nad.
673 2042 903 2099 Francis,
948 2049 1002 2090 et
1035 2041 1278 2099 'l'owers3
1314 2038 1497 2105 ‘quia,’
1529 2038 1701 2102 inquit
1735 2038 1956 2102 Cuning.
1991 2037 2009 2064 ‘
2031 2038 2305 2088 conveniat
2343 2034 2708 2099 imprecationi

510 2100 762 2156 dissoluta
782 2104 978 2156 oratio.’
1044 2104 1175 2155 ‘Sed
1213 2105 1458 2155 convenit
1493 2104 1655 2154 multo
1689 2102 1889 2168 magis‚'
1920 2103 2090 2167 inquit
2121 2102 2262 2165 Jani,
2292 2101 2711 2165 ‘polysyndeton

514 2172 604 2220 tali
629 2169 1155 2221 vehementiae.’—23.
1179 2173 1243 2220 24
1278 2169 1498 2232 Cuning.
1533 2176 1589 2218 et
1634 2168 1822 2219 Sanad.
1848 2168 1932 2218 hic
1966 2169 2124 2218 etiam
2149 2168 2398 2217 omittunt
2420 2170 2485 2215 et.
2531 2164 2640 2215 Ait.
2660 2169 2710 2214 2.

511 2239 791 2286 tremendas.
827 2233 1054 2286 Bentleii
1077 2237 1209 2299 Reg.
1247 2236 1363 2284 Soc.
1402 2234 1647 2284 trementis
1676 2233 1880 2284 Verbera
1913 2234 2065 2297 ripae;
2106 2241 2162 2282 et
2185 2234 2259 2291 sic
2295 2231 2468 2282 edidit
2485 2230 2710 2293 Cuniug.

514 2306 767 2351 vementes
810 2300 1014 2350 Verbera
1057 2300 1189 2364 ripas
1229 2299 1377 2350 dedit
1422 2301 1639 2349 Baxter.
1679 2303 1920 2361 gementes
1956 2299 2097 2363 conj.
2140 2299 2314 2348 Bentl.
2360 2301 2411 2346 et
2454 2299 2706 2349 tranantes

522 2365 723 2416 Verbere
764 2366 896 2428 ripas
942 2365 1090 2416 Harl.
1139 2369 1180 2415 1.
1215 2366 1263 2415 2.
1311 2368 1360 2413 3.
1399 2367 1448 2412 4.
1487 2369 1536 2414 5.
1578 2370 1627 2414 6.
1674 2365 1759 2413 alii
1799 2363 1951 2414 codd.
1993 2372 2050 2414 et
2084 2364 2204 2414 edd.
2243 2368 2299 2412 et
2326 2362 2399 2413 sic
2429 2362 2563 2427 legit
2597 2360 2713 2410 Nic.

514 2429 762 2480 Heinsius
807 2429 872 2479 ad
911 2429 1067 2478 Ovid.
1112 2429 1163 2479 in
1203 2429 1441 2479 Addend.
1485 2429 1551 2477 ad
1588 2436 1711 2478 tom.
1736 2442 1792 2478 ι.·
1821 2445 1875 2493 p.
1896 2433 2010 2479 44⁰.
2092 2429 2228 2479 Vide
2282 2429 2470 2478 Burm:
2508 2426 2574 2476 ad
2598 2425 2713 2474 Val-

516 2495 690 2547 Flacc.
711 2508 773 2544 ιι.
796 2497 878 2545 78.
941 2494 1129 2543 Sanad.
1151 2509 1309 2559 rupes,
1327 2508 1421 2557 pro
1443 2495 1593 2558 ripas,
1610 2492 1790 2544 eadem
1816 2495 1882 2543 de
1903 2508 2075 2550 causa,
2094 2494 2161 2543 ob
2185 2507 2338 2560 quam
2362 2493 2537 2543 Bentl.
2577 2490 2715 2539 vole·-

514 2560 608 2608 bat
630 2564 887 2622 gementes,
905 2573 978 2609 sc.
998 2560 1120 2624 quia
1142 2560 1444 2622 navigantes
1467 2560 1518 2608 in
1556 2560 1665 2609 alto
1690 2560 1817 2608 mari
1841 2573 1941 2608 non
1977 2558 2177 2624 possint
2205 2558 2399 2609 sentire
2423 2561 2711 2607 trementes

517 2624 676 2687 ripas,
699 2624 873 2674 audire
911 2632 1172 2686 gementes
1211 2625 1558 2688 possum—26
1585 2624 1727 2688 Lips.
1753 2629 1796 2675 l.
1817 2629 1867 2674 2.
1903 2624 1989 2674 Sic
2006 2631 2055 2675 et
2077 2625 2429 2688 Europa—26
2464 2622 2641 2672 Bentl.
2662 2623 2717 2668 at

515 2695 787 2746 sementem,
810 2689 931 2753 quia
947 2688 1021 2738 sit
1036 2689 1335 2751 antithesis;
1367 2689 1440 2738 sic
1464 2695 1521 2739 et
1542 2689 1679 2741 Sivr.
1725 2693 1738 2717 ‘
1761 2688 1847 2740 Ita
1866 2696 1983 2753 post
2003 2690 2298 2739 Bentleium
2318 2689 2430 2754 ipse
2454 2687 2716 2751 corrigen-

1488 2902 1491 2907 .
1520 2837 1734 2887 »ποτε

581 2956 643 3001 21
671 2951 899 3000 Hostium
920 2965 1108 3012 uxores,
1134 2950 1240 3014 erm]
1297 2950 1360 3000 In
1399 2950 1578 3001 hostes

527 3034 796 3077 vertantur
816 3032 872 3075 et
894 3027 1092 3077 irruant
1115 3027 1250 3076 mala
1283 3026 1513 3091 quaevis:
1551 3040 1582 3075 a

526 3105 749 3157 Galatea
776 3110 1090 3153 avertantur.

1664 2906 2027 3002 Verumtamen
2073 2950 2197 3015 quid
2250 2955 2395 3000 vetat
2443 2948 2718 3000 Horatium

1663 3026 1897 3078 Galateae
1935 3026 2256 3076 interminari
2294 3025 2522 3084 Orionis,
2559 3025 2722 3076 bosti-

1663 3102 1759 3157 bus
1783 3118 1904 3152 vero
1925 3103 2190 3153 haedorum
2214 3101 2583 3165 malignitatem
2604 3103 2624 3150 ἒ

2614 1136 2793 1201 25..

587 3184 747 3232 Caecos
761 3179 984 3230 sentiant
1004 3185 1156 3229 motus
1177 3181 1373 3231 orientis
1386 3179 1583 3243 Austri]

519 3257 867 3308 Meridianum
885 3257 1017 3308 bunc
1036 3262 1244 3306 ventum
1267 3257 1469 3321 ignorat
1489 3272 1578 3307 ne-

519 3350 602 3385 mo
627 3333 775 3384 valde
799 3348 908 3382 esse
933 3333 1295 3397 procellosum.

588 3414 748 3460 Coecos
767 3410 940 3474 molus]
976 3409 1198 3462 Quidam
1239 3409 1580 3475 interpretan-

519 3495 625 3552 tur,
660 3493 954 3548 nocturnos,
975 3500 1038 3536 eo
1068 3485 1202 3550 quod
1234 3488 1249 3514 ‘
1268 3493 1423 3536 noctu
1448 3485 1583 3536 Aus-

520 3573 622 3628 ter,
662 3564 887 3614 interdiu
906 3563 1095 3628 Aquilo
1131 3563 1484 3612 vehementior
1504 3599 1518 3614 .
1539 3599 1553 3613 .
1572 3595 1586 3612 .

521 3649 576 3692 et
598 3641 798 3691 Austro
837 3641 1059 3704 majores
1094 3637 1282 3689 flnctus
1322 3639 1588 3701 eduntur,’

1726 3183 1789 3229 25
1813 3178 1901 3228 Sic
1931 3184 1980 3228 et
2016 3179 2220 3242 Europe,
2238 3176 2344 3242 dm]
2374 3175 2508 3227 Vide
2532 3192 2600 3227 ne
2625 3178 2721 3229 tibi

1663 3257 1934 3321 contingat
1964 3254 2016 3304 id
2054 3256 2190 3321 quod
2230 3254 2450 3320 contigit
2477 3255 2722 3320 Europae.

1665 3332 1814 3395 Haec,
1825 3337 2145 3381 mansuetum
2162 3337 2218 3382 et
2232 3330 2504 3383 amabilem
2519 3338 2725 3402 taurum

1663 3412 1981 3476 conspicata,
2003 3425 2105 3461 non
2131 3417 2211 3461 est
2237 3409 2402 3460 verita
2424 3409 2537 3473 ejus
2575 3417 2724 3475 tergo

1663 3487 1907 3550 insidere,
1922 3494 2078 3552 atque
2101 3487 2259 3538 etiam
2275 3487 2428 3536 maris
2450 3486 2583 3536 inire
2599 3485 2725 3537 fluc-

1666 3573 1750 3615 tus
1773 3572 1828 3615 et
1845 3565 2197 3629 inambulare.
2263 3553 2615 3629 At'poenituit
2646 3580 2726 3616 se-

1666 3644 1770 3695 rius
1794 3658 1911 3692 cum
1945 3658 2002 3693 se
2039 3649 2277 3694 avectam
2314 3643 2516 3708 longius
2547 3644 2728 3693 sensit.

521 3718 661 3768 Plin.
682 3731 745 3767 n.
768 3721 852 3766 47.
876 3716 929 3765 ἰιι
948 3715 1069 3766 fine.
1107 3714 1212 3764 Alii
1234 3715 1411 3778 legunt
1430 3716 1585 3764 orien—
1660 3718 1748 3768 Sic
1774 3725 1847 3780 tu,
1870 3718 2111 3776 Galatea,
2142 3718 2400 3782 placidum
2425 3734 2561 3769 mmc
2585 3734 2727 3769 mare

520 3798 587 3844 tis
607 3794 749 3843 lioedi.
813 3793 899 3842 De
934 3786 1197 3842 haedorum
1229 3798 1417 3840 exortu
1454 3799 1584 3841 tem-

520 3877 784 3934 pestuoso,
807 3868 928 3917 vide
955 3868 1082 3917 Not.
1107 3867 1258 3930 hujus
1276 3866 1394 3916 libri
1414 3866 1518 3917 Od.
1546 3882 1583 3916 ι.

521 3947 730 4010 Stropb.
751 3949 801 3993 7.
841 3944 1103 4010 Numquid
1130 3958 1253 3993 vero
1273 3954 1432 4006 sagax
1451 3944 1583 3994 Ροέ-

521 4032 579 4075 ta
592 4024 851 4089 junxisset
868 4022 1131 4072 baedorum
1151 4028 1321 4072 ortum
1341 4037 1456 4072 cum
1476 4021 1585 4072 Oc-

524 4114 651 4150 casu
690 4097 918 4160 Orionis,
963 4113 1116 4162 qnem
1174 4097 1327 4148 modo
1373 4099 1585 4150 attulit?

523 4175 627 4229 Hic
664 4172 917 4240 siquidem
956 4175 1110 4237 longe
1133 4180 1228 4223 -est
1261 4183 1381 4238 post
1424 4175 1585 4226 illum.

1664 3794 1803 3843 ultro
1832 3796 2172 3844 conscendis:
2210 3800 2265 3844 at
2298 3809 2416 3844 mox
2451 3795 2727 3857 poenitebit

1666 3879 1737 3932 te,
1761 3886 1878 3920 cum
1901 3871 2165 3921 turbatum
2186 3887 2249 3922 ac
2266 3871 2507 3934 procellis
2531 3871 2726 3922 elatum

1665 3948 1951 3997 intuebere.
2018 3948 2230 4011 Europa
2266 3963 2297 3997 a
2329 3947 2461 3999 Jove
2498 3949 2550 3997 in
2592 3949 2729 3998 tauri

1665 4021 1879 4072 for-mam
1936 4038 2191 4073 converso
2240 4025 2497 4087 decepta,
2527 4034 2730 4083 avecta,

1669 4100 1848 4149 vitiata
1870 4108 1977 4148 est:
2018 4107 2073 4149 tu
2100 4099 2165 4148 ab
2189 4098 2387 4163 Iapyge
2412 4100 2726 4167 Austroque,

1667 4175 1857 4239 ventis,
1882 4183 1937 4224 et
1961 4175 2025 4224 ab
2051 4175 2245 4226 Orione
2269 4175 2526 4243 haedoqqe
2549 4177 2730 4229 sideri-
