3059 4909
1030 911 1906 1007 SERENISSIMO

618 1179 2400 1366 DELPHI‘NQ.

341 1755 651 1864 Enseu
714 1776 973 1864 dextra,
1029 1780 1211 1864 laeva
1263 1779 1512 1845 librum
1572 1786 1804 1846 tenens
1859 1777 2089 1847 Julius
2147 1778 2264 1844 illc
2334 1778 2557 1848 Divus
2677 1802 2683 1812 ·

338 1881 692 1966 quondam
722 1884 796 1947 in
838 1873 1236 1950 numismate
1266 1882 1493 1971 vol'uit
1514 1880 1760 1965 effingi,
1790 1902 1942 1947 cum
1969 1882 2096 1948 hac
2130 1882 2558 1967 Epigraphe:

335 1982 465 2051 Ex
499 1999 867 2063 U'ffloqmz
899 1984 1199 2068 CAESAR.
1259 1983 1379 2051 Sic
1401 1981 1633 2049 Roma
1656 2005 1856 2051 suum
1887 1985 2371 2070 Imperatorem
2402 1985 2563 2050 doc·

335 2093 486 2152 tum
517 2106 714 2171 aeque
745 2095 815 2152 et
833 2085 1234 2152 bellicosum
1263 2087 1430 2152 ultro
1459 2093 1772 2153 venerata
1798 2094 1924 2154 est.
2125 2139 2155 2146 .,

426 2189 563 2269 Te,
593 2190 1116 2272 Suanmssmu
1157 2189 1568 2274 ancuPS,
1599 2190 1849 2270 Gallia,
1880 2190 2151 2276 Europa
2193 2196 2360 2269 tota,
2409 2189 2561 2274 pari

339 2292 580 2374 elogio
625 2289 1015 2360 decoratumx
1052 2292 1347 2378 salutat3
1390 2313 1596 2378 quem
1644 2298 1713 2359 et
1762 2293 2067 2360 Minerva
2114 2293 2261 2359 suis
2308 2293 2564 2357 artibus

335 2394 658 2480 impense
689 2396 1019 2477 excoluit,
1066 2403 1137 2461 et
1180 2396 1452 2463 militari
1497 2397 1711 2479 gloria
1741 2397 2050 2464 certatim
2081 2399 2371 2461 exornat
2408 2396 2567 2460 Pal-

336 2497 495 2581 las;
542 2505 830 2583 utraque
859 2500 1088 2565 lauros
1121 2505 1363 2584 sponte
1395 2498 1703 2583 affundit.

349 2640 355 2646 ·
433 2599 902 2687 Obstupescat
943 2621 1108 2666 sane
1157 2599 1542 2679 Germania,
1590 2602 1662 2665 in
1709 2620 1911 2684 quarn
1954 2599 2175 2685 prima
2234 2617 2569 2663 armorum

340 2709 617 2769 tuorum
647 2704 926 2769 fulmina
954 2699 1417 2781 detonuerunt,
1448 2710 1641 2769 tanto
1670 2702 1937 2789 quidem
1960 2703 2253 2788 fragore,
2286 2708 2360 2766 ut
2387 2708 2567 2766 totus

315 2805 574 2872 adhuc
604 2806 887 2892 Rhenus
934 2806 1426 2892 contremiscat,
1458 2804 1715 2890 Aquila
1757 2824 1915 2870 vero
1945 2824 2204 2890 pavens
2233 2803 2418 2869 haud
2451 2823 2568 2868 vo·
2671 2881 2678 2884 ,

343 2908 565 2973 latum
623 2914 889 2975 tentare
937 2909 1154 2990 ausit;
1214 2908 1420 2973 immo
1468 2909 1692 2974 lucem
1745 2927 1827 2974 ac
1873 2907 2096 2972 solem
2157 2907 2407 2972 exinde
2462 2927 2570 2970 re-

342 3008 584 3093 fugiat.
1042 3074 1046 3078 .

438 3111 626 3177 Hinc
668 3111 940 3178 attoniti
983 3110 1306 3178 mirentur
1345 3112 1582 3179 hostes
1626 3111 2253 3198 Philippoburgum‚
2284 3109 2573 3194 Mogun-

346 3215 544 3292 tiam,
571 3221 679 3281 tot
721 3216 896 3280 alias
937 3216 1158 3303 urbes·
1191 3235 1519 3300 arcesque
1572 3219 1789 3301 probe
1813 3216 2126 3302 'munitas
2175 3213 2365 3280 brevi
2406 3218 2571 3279 tem—

345 3318 540 3401 poris
601 3318 953 3406 intervallo
1008 3323 1079 3384 et
1127 3338 1340 3405 parvo
1393 3329 1646 3387 conatu
1702 3326 1936 3404 raptas
1987 3325 2054 3383 et
2102 3323 2569 3404 expugnatas:

349 3421 518 3505 quin
546 3425 616 3486 et
641 3421 902 3507 hyemis
947 3430 1019 3488 et
1064 3424 1390 3508 paludum
1440 3432 1507 3490 et
1554 3424 1913 3489 fluviorum
1964 3420 2387 3509 diffipultates
2424 3425 2567 3484 tam
2631 3441 2644 3450 ·

346 3522 557 3588 facile
585 3524 831 3589 victas·
912 3524 1058 3591 Vix
1088 3534 1272 3592 certe
1303 3527 1661 3612 quisquam
1688 3533 2110 3611 posterorum
2158 3523 2396 3588 credat
2418 3521 2569 3586 haec

349 3644 505 3690 esse
561 3626 820 3693 militiae
875 3628 1250 3694 rudimenta
1316 3630 1674 3708 duntaxat,
1734 3634 1799 3694 et
1866 3628 2196 3713 quasdam
2255 3625 2440 3692 velut
2497 3624 2569 3687 in

351 3746 600 3818 campo
655 3727 910 3796 Martio
953 3730 1398 3814 prolusioneS.

441 3827 634 3908 Quid
692 3851 853 3897 vero
910 3833 1094 3916 quod
1153 3832 1369 3897 altera
1427 3831 1867 3916 expeditione
1919 3828 2572 3912 circumglomeratas

352 3930 662 4016 improbe
711 3934 1188 3999 foederatorum
1248 3933 1489 4018 copias
1549 3933 1651 3997 sic
1708 3931 1955 3997 Galliae
2008 3930 2251 3996 finibus
2294 3932 2571 4016 propul-

354 4034 551 4114 sasti,
592 4043 689 4114 ut,
716 4035 999 4102 hostiles
1042 4038 1244 4101 etiam
1282 4037 1586 4119 regiones
1624 4043 1977 4121 appetem,
2015 4035 2305 4120 propriis
2345 4054 2573 4099 eorum

357 4139 846 4203 commeatibus
904 4138 1288 4230 opibusque
1340 4140 1710 4204 exercitum
1759 4145 1946 4203 tuum
1998 4136 2266 4202 abunde
2308 4143 2570 4201 susten-

358 4238 523 4302 taris
567 4239 939 4326 ditatisque
970 4259 1142 4306 anno
1181 4240 1319 4306 fere
1368 4240 1667 4324 integr03
1709 4241 1903 4327 ipsos
1942 4243 2163 4305 autem
2204 4238 2379 4304 fame
2408 4258 2570 4304 con·

492 4354 669 4421 Delph.
703 4362 753 4407 et
782 4358 901 4410 Ver.
921 4359 1053 4408 Clas.
1404 4358 1589 4407 Horat.
2388 4355 2437 4404 A
