3059 4909
1008 422 1423 472 οΑιῑΜιΝυΜ
1476 421 1620 470 ma.
1671 422 1717 470 1.
1758 406 1867 471 15.

135 655 1089 809 ww&
1225 660 1422 726 oDE
1468 659 1640 726 xv.

739 829 820 876 ΙΝ
874 829 951 875 Μ.
996 828 1402 877 ANTONIUM
1456 829 1547 875 ΕΤ
1596 824 2127 875 CLEOPATRAM.

2399 401 2526 468 133
2556 504 2564 512 .

332 970 588 1033 Exemplo
608 969 813 1019 Paridis
836 969 1081 1029 luxuriosi
1100 969 1316 1021 ,Iuvenis
1338 969 1418 1018 M.
1440 967 1726 1018 Antonium
1750 981 1781 1015 a
1802 965 1953 1016 Civili
1971 964 2119 1015 Bello
2133 963 2384 1013 deterret.
2419 959 2529 1026 (Si-

386 1050 536 1099 ‘milia
560 1051 930 1101 vetustissimus
963 1050 1095 1100 liber
1125 1050 1399 1106 Torrentii,
1420 1050 1524 1099 Ms.
1553 1049 1707 1099 Gott.
1727 1046 2009 1104 Laudinus,
2034 1045 2314 1108 Lochems,
2351 1046 2452 1092 διο.
2474 1047 2531 1092 et

394 1131 588 1193 probat
620 1131 937 1195 Allegoriam
973 1131 1290 1180 Sauadonus.
1356 1129 1436 1180 Ac
1477 1126 1687 1178 difficile
1724 1131 1806 1176 est
1840 1141 1948 1176 rem
1978 1140 2170 1191 negare
2193 1124 2532 1188 simpliciter:

399 1210 491 1260 sed
511 1225 608 1261 nec
622 1221 724 1273 est,
746 1227 847 1276 quo
869 1211 1075 1261 refellas
1095 1226 1231 1272 eum,
1253 1211 1339 1276 qui
1357 1210 1518 1274 dicat,
1541 1209 1724 1258 lusisse
1751 1207 2024 1257 Horatium
2051 1208 2129 1256 vel
2148 1206 2439 1256 imitatione
2453 1204 2537 1255 vel

395 1292 732 1342 translatione
757 1293 888 1343 adeo
911 1293 1082 1342 Graeci
1107 1293 1377 1342 Carminis.
1444 1290 1698 1356 Equidem
1723 1296 1869 1353 puto,
1894 1289 1940 1353 si
1962 1287 2213 1352 cogitavit
2245 1286 2527 1337 Antonium

393 1379 449 1421 et
470 1372 806 1437 Cleopatram
829 1374 1101 1438 Horatius,
1119 1373 1260 1422 illum
1283 1373 1434 1422 modo
1458 1372 1735 1436 cogitasse,
1757 1370 1883 1419 nihil
1907 1370 2063 1423 aliud.
2100 1366 2271 1430 Geta.)

590 1454 898 1617 P‘Ag‘fon
929 1453 1538 1670 cum'traheretgpe'r
1569 1503 1734 1569 freta
1763 1450 2048 1567 navibu's

593 1605 801 1711 ldaeis
832 1587 1365 1764 Helenam)p‹{rfi
1415 1627 1491 1673 us
1519 1580 1885 1691 hd'spita‘m,

402 1786 523 1834 Cum
563 1791 724 1849 pastor
742 1789 904 1847 fallax
932 1804 1020 1853 per
1054 1789 1206 1837 maria
1243 1788 1487 1837 abduceret
1528 1783 1780 1836 Helenom'
1799 1783 2032 1849 hospitam
2063 1780 2259 1830 navibus
2299 1775 2532 1838 Τνοᾶαιιίε,

1466 1939 1617 1960 “ne

336 2058 343 2065 '
399 2054 519 2105 Ode
542 2070 677 2104 nona
698 2057 841 2107 Libri
864 2057 1079 2107 secundi
1103 2059 1154 2106 iu
1173 2057 1270 2106 Ed.
1294 2056 1487 2107 Sanad.
1524 2054 1748 2104 variant
1772 2053 1823 2100 in
1838 2048 2194 2112 Inscriptione
2218 2044 2373 2095 codd.
2423 2040 2528 2090 Alii

333 2118 548 2176 habent,
582 2121 666 2169 Aa
703 2123 928 2171 Paridem
940 2127 977 2182 ,·'
1013 2123 1119 2187 alii,
1155 2124 1234 2171 Ad
1267 2122 1629 2179 Alexandrum5
1682 2119 1788 2181 alii,
1816 2117 1894 2165 De
1930 2114 2127 2163 Paride.
2195 2112 2412 2187 yenett.
2434 2105 2535 2155 As-

336 2197 477 2232 oens.
501 2191 557 2234 et
580 2185 796 2234 Locber.
821 2187 1166 2249 Prognosticon
1193 2188 1385 2247 Trojani
1416 2185 1628 2243 exe-idib
1683 2184 1908 2246 optimus
1942 2186 1997 2229 et
2033 2185 2411 2228 vetustissimus
2449 2184 2538 2246 co-

336 2248 436 2296 dex
456 2249 699 2299 Torrent.
737 2251 816 2299 Aa
836 2251 1164 2301 Alexandrum
1186 2252 1430 2310 Paridem,
1455 2251 1541 2300 sub
1580 2251 1711 2313 cnjus
1746 2262 1942 2311 persona
1978 2243 2203 2307 exprimit
2239 2239 2538 2312 immineutw

250 2372 256 2377 ³
338 2310 489 2371 bello5
545 2316 724 2379 ceteri,
762 2316 824 2364 In
859 2317 934 2365 M.
958 2317 1221 2365 Antonium
1252 2323 1299 2366 et
1327 2318 1643 2379 Cleopatram,
1678 2321 1691 2343 ‘
1712 2313 1850 2378 quod
1873 2310 2024 2373 liujus
2062 2309 2160 2357 loci
2186 2320 2289 2355 non
2313 2301 2430 2360 est‚'
2465 2315 2542 2348 m·

336 2378 450 2437 quit
473 2377 708 2429 saut—2
743 2381 891 2429 Idoeis
922 2382 1121 2431 AElenen
1162 2382 1312 2430 Harl.
1347 2385 1392 2429 l.
1459 2381 1695 2429 Helenam
1734 2379 1949 2425 Venett.
1980 2373 2103 2423 Ald.
2140 2372 2324 2421 Heius.
2362 2366 2544 2441 Stepb·

339 2442 529 2506 Delph.
555 2444 725 2492 Boud.
751 2446 1009 2495 Sclirevel.
1031 2447 1248 2495 Baxter.
1286 2444 1467 2495 Comb.
1502 2454 1557 2492 et
1590 2440 1791 2495 Wakef.
1859 2440 2074 2488 Helenen
2109 2433 2345 2485 Lambini
2382 2432 2537 2504 pleri-

339 2520 468 2569 que,
486 2508 659 2557 Pulm.
686 2515 726 2559 l.
753 2514 800 2559 2.
827 2514 874 2559 3.
892 2515 941 2561 4.
976 2511 1134 2575 Cruq.
1179 2509 1355 2559 Lamb.
1393 2509 1639 2558 Glarean.
1676 2505 1851 2554 Bentl.
1895 2503 2116 2563 Cuning.
2157 2496 2353 2549 Sanad.
2391 2495 2536 2548 Jmn.

1322 2650 1541 2729 Nom:

402 2763 636 2811 Mettum
660 2761 794 2811 idem
817 2762 954 2826 quod
975 2775 1131 2824 supra
1153 2759 1271 2810 Ode
1290 2772 1362 2808 vt.
1479 2755 1835 2818 educatusque
1872 2767 1902 2801 a
1941 2755 2169 2814 pastore,
2206 2754 2261 2795 et
2299 2745 2411 2808 ipse
2448 2740 2541 2790 ali-

404 2845 432 2887 l
472 2840 647 2888 Pastor
687 2853 792 2888 cum
828 2839 1060 2900 traheret,
1095 2837 1202 2900 ‹Ere-J
1253 2836 1399 2886 Sicut
1479 2832 1722 2899 quamdiu
1748 2838 1943 2894 pastor,
1959 2840 2249 2893 quanquam
2272 2819 2542 2871 eratfilius

340 2914 476 2976 apud
505 2914 868 2978 Bacchylidem
899 2915 1192 2964 Cassandra
1214 2912 1397 2962 Paridi
1481 2910 1680 2960 Priami
1694 2909 2040 2972 Trojanorum
2061 2901 2198 2966 regis
2212 2906 2264 2949 et
2283 2896 2541 2956 Hecubae,

340 2991 546 3054 Trojam
567 2991 983 3053 ingredienti,ita
1002 2991 1085 3039 liic
1108 2990 1274 3040 eidem
1299 2990 1399 3040 iter
1482 3002 1599 3051 quae
1638 2997 1916 3050 praegnans
1963 2979 2130 3031 facem
2171 2992 2226 3027 se
2269 2974 2540 3025 ardentem

343 3069 541 3131 agenti,
560 3068 918 3132 Helenamque
954 3067 1079 3116 belli
1111 3065 1276 3116 facem
1307 3067 1398 3115 du·
1484 3078 1670 3128 parere
1687 3058 1961 3111 somniavit
1980 3076 1993 3108 z
2032 3071 2133 3120 quo
2149 3054 2333 3105 territa
2352 3058 2406 3100 et
2422 3063 2544 3099 con-

342 3146 502 3204 centi,
517 3144 716 3193 Nereus
731 3144 1043 3194 vaticinatur
1060 3149 1252 3207 quanta
1266 3142 1402 3192 ferat
1474 3130 1735 3205 jectorum
1760 3138 1983 3202 impulsa
2012 3145 2259 3198 responso
2281 3140 2544 3194 exponen-

342 3224 498 3278 mala,
519 3223 754 3286 adeoque
776 3222 944 3285 Trojae
969 3220 1188 3269 ruinam.
1238 3220 1402 3270 Anto·
1483 3219 1605 3267 dum
1629 3223 1904 3266 curaverat
1927 3212 2103 3261 filium.

342 3299 483 3347 nium
521 3297 815 3362 Cleopatrae
854 3296 1113 3346 amoribus
1139 3297 1400 3345 irretitum

344 3374 584 3436 exemplo
618 3373 824 3422 Paridis
857 3373 1123 3423 admoneri
1141 3372 1205 3421 ab
1231 3372 1402 3423 Hora-

347 3449 420 3499 tio
466 3464 566 3498 non
610 3464 761 3499 nemo
806 3450 1065 3513 opinatur.
1154 3451 1402 3499 Ceterum

348 3533 536 3575 cuncta
579 3524 692 3574 fere
735 3540 801 3575 ex
842 3525 1071 3574 Homero
1113 3525 1402 3588 depromta.

347 3604 533 3652 Sensus
571 3610 681 3655 est:
717 3604 849 3653 Cum
873 3603 1026 3652 Paris
1049 3603 1304 3652 Helenam
1329 3617 1406 3652 ra-

348 3687 497 3741 peret
521 3678 734 3743 hospitis
750 3679 980 3728 Menelai
997 3692 1228 3739 uxorem,
1247 3685 1406 3742 atque

351 3769 379 3803 e
411 3755 603 3819 Sparta
639 3754 846 3817 Trojam
882 3753 1172 3817 navigaret,
1204 3754 1406 3803 Nereus

352 3830 496 3879 Deus
535 3832 761 3879 marinus
800 3836 979 3879 ventos
1013 3828 1265 3892 cohibuit,
1285 3828 1407 3878 dum

352 3905 645 3968 perfido'illi
669 3906 867 3969 raptori
881 3913 1095 3956 caneret
1112 3904 1408 3967 impenden-

350 3989 455 4030 tem
478 3981 705 4043 cladem,
736 3980 804 4030 oh
828 3980 1071 4030 violatum
1100 3980 1208 4042 jus,
1242 3985 1298 4026 et
1333 3979 1409 4028 in-

350 4064 517 4106 cestas
539 4057 767 4120 nuptias.
810 4056 947 4105 Vide
971 4055 1221 4105 Herodot.
1243 4054 1332 4104 lib.
1346 4067 1409 4105 n.

351 4131 588 4181 Eustath.
612 4131 667 4179 in
686 4130 843 4180 Iliad.
864 4137 917 4179 z.

416 4206 616 4268 Pastor]
650 4205 823 4267 Paris,
861 4205 960 4255 alio
995 4206 1202 4269 nomine
1237 4203 1411 4255 dictus

351 4281 667 4343 Alexander,
690 4281 954 4347 expositus
987 4281 1042 4333 in
1081 4282 1179 4334 Ida
1214 4288 1410 4346 monte,

1551 3291 1806 3355 Traheret]
1838 3291 1945 3339 Per
1979 3287 2147 3338 varias
2186 3282 2437 3346 regiones,
2469 3277 2547 3327 di-

1484 3383 1737 3434 versaque
1780 3366 1964 3426 maria,
2005 3363 2316 3425 tandemque
2355 3358 2413 3429 in,
2455 3370 2545 3419 pa·

1485 3446 1637 3497 triam
1662 3458 1806 3494 suam
1827 3442 2037 3504 Trojam
2070 3438 2415 3503 pertraheret.

1552 3520 1772 3570 Nauibus
1804 3515 1976 3578 Idoeis]
2027 3512 2314 3566 Fabricatis
2353 3509 2404 3556 iu
2449 3505 2548 3555 Ida

1482 3596 1704 3648 Troadis
1727 3601 1920 3644 monte.

1553 3679 1585 3724 2
1622 3673 1858 3724 Helenam
1880 3666 2085 3731 perfidus
2104 3657 2357 3724 hospitam]
2391 3655 2545 3705 Paris

1484 3749 1711 3811 bospitio
1734 3750 1976 3805 receptus
1992 3738 2128 3801 apud
2151 3735 2467 3792 Menelaum,
2484 3743 2547 3778 eo

1487 3822 1697 3886 quidem
1735 3820 1951 3868 absente
1995 3816 2045 3862 iu
2090 3809 2399 3861 adulterium
2438 3805 2549 3871 pel·

1485 3897 1620 3948 lexit
1641 3894 1961 3955 abduxitque
1995 3889 2251 3938 Helenam
2285 3886 2393 3949 ejus
2424 3897 2550 3932 uxo-

1494 3989 1641 4036 rem;
1698 3972 1979 4034 adjuvaute
2034 3965 2269 4015 nimirum
2320 3962 2547 4020 Venere,

1493 4065 1611 4116 quse
1654 4044 2071 4098 formosissimam
2107 4038 2287 4090 Paridi
2328 4048 2554 4099 spopon-

1492 4131 1643 4178 derat
1665 4125 1942 4186 foemiuam,
1964 4123 2022 4181 in„
2045 4117 2313 4185 praemium
2341 4111 2549 4178 judicii,

1491 4220 1594 4270 quo
1614 4204 1811 4256 Junoni
1842 4209 1897 4250 et
1931 4195 2135 4248 Palladi
2159 4193 2378 4258 praelata
2399 4189 2464 4238 ab
2489 4200 2553 4238 eo

1491 4281 1682 4333 fuerat.
