3059 4909
997 370 1407 422 cantantum
1459 373 1603 422 ms.
1649 373 1696 422 1.
1739 357 1846 426 28.

2389 359 2516 424 189

1094 626 1292 692 ΟΒΕ
1356 625 1735 701 XXVIII.

332 780 573 846 Archytae
596 782 863 834 Tarentini
887 785 1061 835 eximii
1100 784 1440 852 Pythagorici
1474 789 1735 852 exemplo,
1751 788 1839 854 qui
1864 789 1915 839 in
1941 790 2117 840 littore
2139 788 2345 855 Apuliae
2369 803 2401 838 a
2421 788 2515 837 mi·

389 876 502 912 sero
523 862 794 929 naufragio
818 865 907 915 diu
928 865 1221 917 inhumatus
1244 868 1437 931 jacuit,
1458 867 1692 917 ostendit
1714 868 1851 919 idem
1884 866 2049 919 fatum
2074 877 2129 918 et
2151 870 2308 919 bonos
2329 875 2386 917 et
2407 883 2516 915 ma-

391 945 466 994 los
489 945 542 993 in
564 946 659 995 hac
680 946 791 997 vita
810 960 1038 999 manere.
1102 948 1301 998 Callida
1325 949 1551 1014 Dilogia,
1582 949 1691 1020 sive
1724 950 2016 1014 Hyponoea,
2052 949 2203 1000 Bruti
2237 948 2316 998 sui
2347 946 2512 997 fatum

388 1023 569 1090 deflet,
585 1025 851 1092 flebilique
867 1034 922 1078 et
941 1029 1161 1092 simplici
1185 1044 1420 1080 sermone
1444 1030 1585 1080 dolet
1609 1043 1856 1080 summam
1875 1030 2121 1080 virtutem
2144 1030 2236 1080 tali
2258 1030 2366 1079 viro
2390 1030 2514 1079 nihil

388 1104 664 1170 profuisse.
730 1108 967 1173 (Fateor,
986 1123 1068 1162 me
1091 1124 1261 1176 neque
1291 1111 1513 1162 Brutum
1533 1110 1617 1162 hic
1651 1110 1904 1171 invenire,
1924 1123 2094 1174 neque
2121 1110 2276 1160 aliam
2297 1107 2510 1173 Allego·

389 1187 512 1246 riam
537 1189 623 1238 vel
644 1189 904 1253 Dilogian,
925 1197 1016 1241 aut
1037 1191 1320 1244 irrisionem
1344 1191 1476 1242 adeo
1489 1191 1690 1242 Tar-otii
1713 1191 1868 1255 illius,
1890 1190 1958 1241 de
1980 1206 2085 1256 qao
2101 1191 2213 1242 Cic.
2238 1190 2306 1240 de
2327 1190 2509 1240 Divin-

391 1281 453 1317 11.
474 1272 556 1318 47.
590 1270 834 1333 Suspicor
846 1270 1021 1333 potius
1037 1270 1191 1322 animi
1202 1286 1371 1328 causa,
1386 1285 1706 1337 quacumque
1721 1271 1972 1322 invitante
1988 1272 2275 1335 occasione,
2296 1270 2511 1321 Poetam

387 1349 469 1397 vel
506 1362 537 1398 e
560 1348 1113 1415 Graeco,expressisse,
1149 1352 1230 1403 vel
1260 1353 1429 1417 iprum
1456 1353 1641 1404 lusisse
1667 1353 1824 1402 talem
1849 1367 1967 1402 cum
1994 1352 2225 1415 Archyta
2258 1351 2512 1415 Dialogis-

378 1443 542 1491 mum,
573 1444 676 1494 quo
701 1429 980 1481 vanitatem
1004 1432 1287 1484 studiorum
1322 1435 1659 1483 humanorum
1694 1439 1874 1483 contra
1904 1434 2185 1483 Fortunam
2208 1439 2265 1483 et
2295 1440 2511 1482 mortem

385 1509 629 1559 ostendit.
713 1509 909 1575 Incipit
933 1520 1102 1563 autem
1138 1519 1295 1564 nauta
1329 1513 1470 1578 apud
1492 1512 1719 1564 cadaver
1741 1511 1990 1578 Archytae
2013 1514 2245 1564 miserari
2270 1514 2379 1578 ejus
2402 1527 2508 1563 sor-

387 1595 508 1640 tem.
546 1589 719 1656 Gesa.)

491 1724 602 1788 Ta
631 1725 836 1788 maris
860 1728 1149 1789 etterrae
1177 1744 1584 1807 numeroque
1615 1724 1901 1788 carentis
1929 1686 2145 1787 arenae

580 1825 966 1891 Mensorem
1000 1826 1327 1902 cohibent,
1360 1825 1688 1913 Archyta,

395 2004 438 2051 0
460 2004 694 2070 Archyta,
717 2010 783 2067 te,
801 2005 883 2072 qui
903 2021 1033 2058 mare
1056 2012 1318 2072 terramque
1335 2014 1385 2058 et
1403 2007 1615 2070 sabulum
1633 2007 1970 2060 innumerabile
1995 2006 2234 2056 dimam
2256 2017 2322 2059 es.
2342 2000 2514 2054 modici

1235 2137 1418 2158 ‘eom

1420 2136 1600 2160 ‘Onu

391 2213 558 2278 nujus
583 2216 724 2267 Libri
752 2217 867 2268 ode
891 2218 1044 2270 tertis
1068 2220 1120 2270 in
1144 2222 1244 2274 Ed.
1265 2222 1543 2276 sauadona.
1613 2199 1907 2286 Epigraphe
1929 2218 1983 2267 iu
2002 2216 2221 2267 Menteu.
2257 2214 2513 2264 Geometra

328 2280 542 2341 wlff-⁹
559 2283 618 2331 de
639 2282 893 2347 Mufwgio
908 2301 929 2344 ,·
962 2286 1177 2337 Venett.
1198 2286 1416 2340 Ascens.
1438 2296 1492 2338 et
1514 2288 1731 2337 Locher.
1768 2284 1994 2335 Ostendit
2014 2287 2210 2333 mortem
2229 2291 2513 2329 commanem

1309 2419 1525 2470 Nora:

385 2511 615 2561 Metrum
645 2520 726 2563 est
758 2503 896 2563 idem
926 2515 1066 2580 quod
1087 2530 1244 2580 supra
1267 2513 1371 2566 Od.

330 2602 426 2639 vu.

386 2668 412 2713 1
451 2666 519 2715 Te
537 2666 823 2730 murias-m]
853 2666 1195 2731 Idolopoeiam
1216 2667 1372 2730 insig-

320 2752 452 2801 nem,
471 2740 620 2789 simul
659 2748 715 2792 et
748 2742 1037 2793 irrisionem
1064 2743 1374 2808 Pythagori-

321 2830 396 2866 cae
419 2817 708 2881 disciplinae
731 2818 942 2868 exhibet
972 2819 1238 2882 Horatius,
1260 2821 1374 2884 ipse

320 2894 528 2958 quidem
565 2894 886 2958 Epicureus:
934 2894 1169 2959 inprimis
1198 2902 1373 2947 autem

320 2971 489 3034 carpit
509 2970 910 3020 Mathematicas
931 2977 1069 3021 artes
1086 2970 1371 3022 divinandi.

320 3046 530 3097 Inducit
565 3057 775 3098 nautam
806 3048 958 3099 obvio
993 3049 1234 3099 cadaveri
1277 3049 1373 3099 Ar-

319 3122 486 3187 chytae
552 3137 655 3171 non
715 3124 901 3173 leviter
949 3125 1373 3189 exprobrantem,

320 3199 458 3264 quod
492 3199 675 3249 misere
705 3198 905 3262 jaceat,
953 3214 1051 3250 nec
1089 3200 1372 3266 Babyloni-

317 3290 492 3326 corum
533 3290 862 3326 numerorum
903 3290 1003 3341 ope
1053 3287 1157 3327 tam
1203 3277 1373 3328 dirum

316 3350 483 3402 fatum
507 3352 736 3401 evitarit.
803 3353 943 3402 Ecce
968 3367 1092 3403 vero
1121 3352 1228 3406 Jul.
1250 3354 1375 3404 Sca·

315 3428 442 3493 liger
464 3428 711 3478 humilem
738 3430 947 3494 stylum,
979 3431 1374 3495 interruptaque

320 3505 568 3556 orationis
606 3504 837 3556 membra
869 3506 1083 3571 culpat:
1135 3507 1374 3557 nimirum

318 3582 414 3632 hoc
439 3582 570 3631 vitio
593 3582 686 3631 dat
708 3582 846 3647 quod
868 3589 984 3633 erat
1008 3582 1146 3633 laudi
1167 3591 1374 3638 verten-

319 3658 460 3708 dum.
513 3659 704 3724 Agitur
726 3658 792 3708 de
813 3659 1072 3710 humando
1093 3660 1374 3711 cadavere:

318 3734 579 3801 Archytas
619 3740 810 3786 sortem
853 3751 996 3786 suam
1031 3737 1374 3787 lamentatur:

322 3825 386 3860 an
406 3826 508 3861 non
533 3813 636 3861 ista
658 3811 814 3861 decet
837 3813 1003 3862 oratio
1026 3813 1237 3862 tenuis?
1293 3811 1375 3861 An

320 3888 758 3953 magniloquentia
780 3888 863 3937 hic
898 3890 1253 3953 congrueret?
1305 3888 1379 3937 At

322 3963 541 4030 insurgit
571 3966 661 4015 ille
695 3979 882 4030 porro:
930 3966 1085 4031 ‘quid
1117 3965 1254 4031 quod
1277 3964 1377 4016 sibi

325 4039 492 4090 Poeta
513 4039 880 4100 contradicit?
914 4044 1012 4091 διο.
1071 4041 1205 4092 Vide
1244 4040 1378 4091 infra

322 4131 395 4167 vs.
413 4122 495 4167 23.

338 4201 347 4206 ’
390 4194 455 4243 Te
477 4195 627 4244 mar-is
659 4199 708 4243 et
736 4200 897 4256 terroe,
928 4193 1037 4258 &ml
1081 4194 1376 4260 Alloquitur

328 4267 495 4321 Poeta
519 4270 830 4335 Archytam:
878 4271 1073 4322 siccine
1111 4270 1262 4322 deest
1298 4281 1381 4322 sat·

1454 2517 1683 2581 pulveris
1711 2514 1775 2568 ad
1800 2509 2134 2578 operiendum
2171 2513 2335 2559 totum
2360 2507 2513 2556 cada-

1453 2593 1581 2642 ver?
1616 2591 1770 2656 idque
1788 2589 1898 2639 fata
1919 2593 2111 2650 negant
2130 2584 2245 2641 tibi,
2261 2582 2349 2648 qui
2372 2582 2513 2632 Geo-

1454 2675 1620 2718 metra
1641 2667 1899 2731 egregius,
1919 2663 2352 2728 Astrologusque,
2376 2665 2430 2708 et
2457 2660 2513 2708 in

1454 2744 1804 2808 Pythagorica
1835 2739 2108 2804 disciplina
2135 2735 2403 2806 perfectus
2435 2733 2514 2786 fu-

1454 2821 1575 2871 isti?
1608 2821 1772 2870 Aiunt
1789 2818 1929 2884 apud
1950 2815 2225 2883 AEgyptios
2249 2814 2514 2862 inventam

1456 2899 1676 2962 primum
1699 2896 2069 2948 Geometriam.
2103 2894 2233 2943 Cum
2257 2889 2395 2942 enim
2409 2888 2512 2936 sin·

1454 2976 1587 3040 gulis
1610 2974 1757 3024 annis
1780 2972 2070 3024 exundaret
2100 2969 2272 3029 Nilus,
2305 2973 2361 3016 et
2388 2966 2513 3016 limo

1454 3059 1645 3102 cuncta
1688 3053 2005 3114 coaequaret,
2055 3051 2117 3096 ut
2156 3044 2244 3095 illo
2287 3041 2514 3093 abeunte

1454 3128 1580 3178 nulli
1603 3141 1841 3191 agrorum
1867 3125 2076 3185 limites,
2091 3121 2237 3172 nulla
2259 3116 2514 3168 discrimi-

1453 3219 1521 3254 na
1555 3204 1885 3268 apparerent,
1919 3207 2075 3265 atque
2107 3198 2226 3247 lites
2256 3195 2375 3243 hinc
2406 3192 2514 3242 frc-

1454 3286 1696 3348 quentes,
1728 3279 2009 3341 orirentur,
2044 3283 2148 3324 tum
2174 3273 2382 3323 demum
2418 3282 2514 3333 per

1454 3356 1618 3407 lineas
1639 3363 1695 3407 et
1728 3368 1994 3406 mensuras
2026 3351 2136 3415 agri
2169 3348 2335 3398 notati
2359 3353 2478 3396 sunt
2497 3361 2514 3395 x

1456 3447 1686 3498 curaque
1702 3433 1794 3482 illa
1810 3426 2171 3481 sacerdotibus
2190 3423 2514 3474 demandata.

1456 3510 1610 3562 Hanc
1657 3521 1813 3572 porro
1867 3504 2138 3555 scientiam
2186 3501 2251 3550 ad
2297 3501 2514 3550 Graecos

1457 3584 1779 3638 transtulisse
1804 3580 2131 3646 Pythagoras
2152 3576 2334 3627 fertur.
2379 3574 2514 3623 Vide

1456 3662 1588 3711 Coel.
1613 3659 1838 3722 Rhodig.
1862 3668 2030 3706 xvm.
2052 3657 2133 3702 84.

1521 3738 1579 3786 N
1578 3749 1821 3800 umeroque
1833 3731 2039 3782 carentis
2048 3742 2206 3779 arenae
2222 3723 2518 3787 mensorem]

1455 3810 1814 3863 Ecclesiastici
1837 3821 1953 3870 cap.
1988 3819 2027 3854 1.
2063 3802 2324 3852 ‘Areuam
2359 3801 2515 3849 maris

1458 3889 1572 3953 quis
1606 3883 1953 3936 dinumeravit
1971 3880 2009 3930 ?’
2048 3878 2262 3930 Pindar.
2300 3878 2514 3942 olymp.

1459 3962 1566 4014 Od.
1599 3975 1664 4011 11.
1687 3963 1739 4010 in
1763 3959 1884 4021 fine,
1903 3956 2092 4022 ψάμμος
2113 3953 2302 4021 ἀριθμὸν
2326 3952 2518 4018 περιπέ-

1455 4049 1624 4104 φευγε,
1653 4053 1797 4089 arena
1820 4036 1964 4100 fugit
2001 4049 2260 4085 numerum.
2323 4032 2514 4081 Mem·

1454 4116 1580 4181 rem]
1614 4113 1936 4179 Hyperbole.
1988 4112 2217 4172 Scilicet,
2239 4107 2378 4175 quod
2402 4114 2516 4156 erat

1455 4190 1827 4243 innumerabile
1865 4190 2055 4239 ceteris
2095 4188 2208 4251 ipse
2244 4196 2536 4254 numerare·

1459 4270 1737 4335 potuisset.
1803 4267 1885 4316 An
1915 4264 2130 4329 respicit
2164 4260 2414 4312 Horatius
2448 4258 2512 4306 ad
