3059 4909
528 369 661 439 212
1258 387 1325 448 q.
1371 384 1692 435 nonam
1744 383 2011 433 nascor

793 531 855 597 Ο
887 531 1097 597 decus
1126 530 1394 609 Phoebi,
1426 538 1492 597 et
1520 531 1810 615 dapibus
1840 527 2134 614 supremi

788 632 1000 699 Grata
1029 633 1304 699 testudo
1334 634 1380 698 J
1386 635 1559 711 evisa,
1587 654 1630 698 o
1660 633 1965 698 laborum

789 737 1008 802 Dulce
1036 738 1342 814 lenimen,
1373 737 1537 801 mihi
1570 754 1856 819 cumque
1884 734 2076 800 salve
2648 732 2731 832 ,¹5
2782 777 2797 832 ,ᾗ
2826 819 2830 827 .

1304 839 1462 903 Rite
1492 839 1786 904 vocanti.
1873 889 1882 898 .
2621 845 2680 868 ²·
2830 830 2836 864 ⁷

519 1030 827 1095 conspicuum.
899 1032 948 1081 0
968 1033 1078 1096 lyra
1101 1030 1336 1095 Apollinis
1353 1034 1695 1093 ornamentum,
1716 1029 1977 1093 summique
1995 1030 2136 1079 Jovis
2167 1031 2299 1094 epulo
2318 1029 2552 1091 jucunda,
2573 1041 2676 1090 uve,
2696 1040 2723 1073 o

523 1110 840 1146 mutuarum
859 1097 1068 1146 levamen
1088 1111 1229 1147 suane
1244 1096 1363 1146 nulii
1385 1096 1761 1159 quandocumque
1782 1095 1895 1144 bene
1912 1096 2179 1145 admei.

1451 1257 1542 1276 ΟΝ
1546 1256 1817 1276 ‘HOMO‘

527 1372 752 1438 Cuning.
818 1375 890 1423 Et
914 1374 1078 1439 Lycen
1098 1388 1147 1423 n.
1167 1387 1212 1422 o.
1234 1388 1284 1422 n.
1314 1374 1373 1421 C.
1406 1374 1624 1422 decoram
1655 1373 1794 1436 conj.
1830 1387 1915 1435 ap.
1947 1362 2264 1424 donea-43
2299 1371 2405 1422 Pro
2435 1376 2480 1420 et
2514 1372 2725 1435 dapibus,

527 1439 749 1502 Cuning.
773 1440 971 1499 mallet,
1005 1454 1032 1488 o
1066 1437 1412 1501 ‹lumbum—15
1448 1438 1627 1488 Bentl.
1652 1439 1786 1516 conj:
1812 1439 1949 1500 milti,
1968 1439 2154 1501 cuique,
2173 1440 2323 1515 salve,
2343 1438 2407 1487 -h.
2431 1452 2478 1487 e.
2516 1437 2637 1487 mihi
2673 1444 2725 1485 et

524 1503 1082 1619 ffll‘ltfi.⁸¹³.i.i·1.÷’”.‘?‚?.5
1082 1500 2154 1632 '33502’22‘11‘52225iffiassisse‘ssffluffae
2174 1508 2249 1567 '“'
2281 1518 2317 1552 ¹‘
2341 1517 2388 1552 ε’
2426 1509 2721 1567 ⁰²⁶⁰¹¹¹q⁸²⁹

1520 1713 1739 1763 NOTAE

593 1831 655 1877 13
694 1828 740 1876 0
761 1829 901 1878 decus
927 1826 1115 1890 Phoebi]
1151 1825 1415 1877 citharam
1451 1826 1587 1876 enim

523 1906 640 1969 ipse
683 1904 879 1954 dieitur
923 1902 1210 1963 invenisse3
1262 1902 1424 1968 lyram
1468 1915 1589 1952 vero

523 1979 622 2030 sibi
656 1992 949 2030 concessam
966 1992 997 2026 a
1018 1977 1284 2028 Mercurio
1308 1979 1452 2027 velut
1475 1991 1591 2041 pro·

523 2057 688 2122 priam
712 2068 1005 2119 usurpasse.
1058 2054 1210 2107 Quod
1243 2054 1408 2105 fusius
1432 2069 1589 2118 supra

523 2134 698 2184 monui
720 2133 824 2183 od.
848 2147 903 2184 x.

591 2211 812 2275 Dapibus
845 2212 1050 2274 supremi
1089 2212 1247 2261 Grata
1282 2215 1467 2262 testudo
1500 2215 1588 2263 Jo-

520 2287 624 2350 vis]
686 2288 834 2339 Jovis
880 2290 1090 2351 epulum
1136 2303 1333 2339 summa
1383 2290 1589 2353 laetitia,

522 2365 761 2430 adeoque
785 2378 887 2414 non
908 2365 1018 2415 sine
1047 2366 1268 2417 Musicae
1293 2383 1353 2419 ac
1371 2368 1585 2419 citharae

510 2444 843 2509 jucunditate
857 2445 1232 2499 celebrabatur.
1256 2447 1446 2500 Athen.
1463 2462 1498 2498 x
1508 2463 1587 2500 tv.

521 2526 573 2571 6.
596 2536 664 2572 ex
689 2522 918 2573 Homero
942 2524 1049 2573 ait:
1086 2526 1102 2554 ‘
1127 2526 1384 2576 citharam
1405 2527 1584 2590 epula-

519 2612 634 2649 rum
660 2601 850 2651 sociam
869 2616 899 2650 a
922 2600 1034 2650 Diis
1056 2600 1248 2653 factam
1270 2603 1315 2652 :’
1343 2603 1583 2667 qnoniam

519 2677 663 2727 utilis
686 2677 1087 2732 convivantibus
1109 2695 1191 2729 ars
1225 2680 1448 2741 Musica,
1475 2685 1587 2729 tum

518 2756 658 2820 quod
682 2756 1082 2806 temulentorum
1120 2757 1461 2821 petulantiam
1494 2757 1589 2806 mi-

517 2831 652 2895 tiget
690 2837 748 2882 et
779 2832 1042 2894 cohibeat,
1089 2838 1196 2881 tum
1249 2832 1386 2897 quod
1428 2831 1587 2882 tristi·

518 2908 646 2957 tiam
689 2907 954 2971 discutiat,
1000 2908 1366 2974 liberalemque
1419 2911 1587 2972 pariat

516 2985 771 3035 laetitiam.
849 2986 1188 3050 Quapropter
1234 2984 1492 3036 Homerus
1530 2987 1582 3036 in

516 3060 687 3123 prima
710 3058 901 3121 Iliade,
931 3068 1050 3125 post
1081 3038 1406 3112 ambitiosain
1441 3064 1582 3113 illam

515 3135 584 3185 de
605 3134 808 3185 Achille
840 3138 1245 3200 contentionem,
1279 3138 1433 3204 fingit
1464 3140 1584 3189 Mu·
1634 3157 1652 3168 ²

517 3210 625 3260 sica
661 3211 804 3260 Deos
844 3215 1089 3276 recreari,
1128 3213 1372 3279 Apolline
1416 3215 1582 3265 citha-

516 3301 628 3337 ram
648 3288 902 3351 pulsante,
925 3289 1092 3339 Musis
1110 3297 1285 3341 autem
1297 3291 1436 3341 dulci
1453 3305 1582 3342 voce

516 3362 906 3414 accinentibusz
945 3371 1000 3414 et
1035 3367 1189 3430 paulo
1222 3374 1339 3431 post
1368 3366 1581 3431 subjun-

514 3440 610 3504 git,
656 3440 854 3504 priscos
886 3441 1128 3492 statuisse
1169 3445 1396 3493 Deorum
1433 3445 1579 3507 hym-

513 3532 608 3568 nos
631 3518 683 3567 in
707 3519 954 3580 conviviis
978 3521 1196 3584 cantari,
1236 3529 1297 3570 ut
1337 3535 1579 3571 reveren·

514 3593 587 3643 tia
622 3594 885 3645 numinum
922 3597 1183 3660 graviores
1225 3597 1416 3648 fierent
1450 3612 1579 3663 epu-

511 3669 731 3720 lantium
753 3686 940 3730 mores,
960 3677 1061 3724 ὅτε.

579 3751 638 3795 15
676 3748 830 3797 Dulce
850 3749 1077 3813 lenimen]
1115 3749 1306 3801 Athen.
1338 3766 1459 3801 mox
1481 3752 1575 3802 cit.

509 3822 652 3873 Ibid.
696 3825 711 3851 ‘
737 3816 1026 3876 Fortissimi
1072 3827 1282 3892 quidem
1331 3829 1577 3879 Lacedae·

512 3899 668 3949 monii
685 3914 802 3950 cum
820 3901 945 3952 tibia
967 3903 1064 3953 sub
1080 3904 1237 3975 signis
1258 3912 1376 3955 sunt
1397 3924 1409 3954 ε
1446 3907 1574 3958 Cre-

1671 1833 1845 1877 tenses
1871 1843 1987 1878 cum
2016 1829 2147 1893 lyra,
2170 1842 2283 1879 cum
2304 1828 2488 1879 fistulis
2512 1836 2567 1880 et
2591 1830 2730 1880 tibiis

1673 1906 1828 1970 Lydi,
1850 1915 1910 1957 ut
1933 1909 2115 1958 scribit
2143 1899 2454 1959 Herodotus.
2505 1908 2586 1957 Ex
2613 1910 2728 1960 bar·-

1674 1984 1810 2035 baris
1833 1993 2007 2035 autem
2031 1986 2180 2035 multi
2218 1987 2417 2050 legatos
2453 1987 2519 2036 ad
2553 1987 2724 2035 hostes

1671 2062 1788 2112 cnm'
1812 2062 1955 2112 tibiis
1990 2070 2044 2112 et
2078 2063 2279 2113 cithara
2306 2063 2541 2120 mittunt,
2564 2071 2620 2113 ut
2645 2057 2727 2112 eo·

1672 2154 1783 2189 rnm
1800 2129 2017 2190 infestas
2034 2148 2233 2191 mentes
2252 2140 2531 2190 emolliant.
2565 2142 2729 2190 Theo—

1670 2230 1891 2279 pompus
1919 2216 2118 2266 Histor.
2140 2216 2227 2267 lib.
2252 2230 2405 2267 xnvr.
2439 2217 2601 2266 tradit
2626 2218 2727 2267 Ge-

1671 2299 1840 2342 tarum
1866 2294 2065 2355 legatos
2101 2293 2326 2343 citharas
2351 2294 2617 2357 pulsantes
2640 2295 2726 2343 ad·

1671 2361 1881 2418 v'enire.’
1916 2370 2053 2419 Haec
2073 2370 2178 2421 ille.
2210 2370 2429 2421 Constat
2449 2379 2597 2422 certe
2620 2388 2727 2421 mu·

1669 2446 1787 2495 sicis
1804 2446 2018 2496 modulis
2038 2461 2100 2496 ac
2135 2440 2349 2497 citharas
2381 2455 2544 2498 cantu
2581 2449 2726 2499 leniri

1671 2523 1964 2573 anxietates
1997 2522 2171 2586 animi,
2215 2538 2277 2573 ac
2310 2525 2499 2574 discuti
2534 2527 2726 2576 moesti-

1671 2589 1830 2649 tiam:
1867 2605 2017 2661 patet
2049 2614 2116 2649 ex
2151 2602 2314 2650 sacris
2353 2603 2509 2651 etiam
2534 2602 2726 2653 codici-

1668 2675 1778 2741 bus,
1800 2681 1827 2726 1
1856 2678 1987 2741 Reg.
2012 2689 2128 2727 xvt.
2159 2677 2243 2726 ubi
2266 2678 2388 2727 Saul
2414 2679 2548 2727 malo
2573 2694 2724 2730 vexa-

1668 2762 1752 2806 tus
1794 2755 1999 2820 spiritu,
2040 2756 2290 2806 citharam
2336 2758 2574 2820 pulsante
2620 2760 2720 2809 Da·

1666 2832 1807 2894 vide,
1829 2839 2098 2882 recreatur
2119 2847 2179 2881 ac
2204 2833 2368 2883 levius
2392 2835 2567 2885 habet.
2617 2836 2723 2886 Ho-

1667 2908 1826 2958 ratius
1853 2907 1972 2957 Ode
1993 2909 2311 2972 praecedenti
2346 2917 2611 2961 senectam
2636 2927 2722 2962 ex·

1666 2991 1819 3048 optat
1841 2985 2055 3035 citharae
2091 2985 2476 3037 oblectamento
2500 3002 2602 3037 non
2638 3004 2722 3039 ca·

1665 3069 1885 3112 rentem.
2144 3072 2164 3086 ‘

1733 3138 1966 3203 Cumque]
2000 3140 2281 3204 Expletiva
2298 3143 2464 3191 solum
2482 3148 2537 3192 et
2557 3143 2723 3194 inanis

1662 3215 1873 3266 videtur
1899 3217 2208 3281 quibusdam
2229 3219 2331 3268 ista
2352 3235 2479 3270 vox:
2513 3222 2721 3273 sednon

1665 3299 1815 3342 vacat
1834 3301 2038 3351 ornatu,
2061 3308 2281 3360 eamque
2301 3310 2403 3346 non
2437 3312 2557 3348 raro
2580 3300 2726 3350 adhi-

1665 3367 1792 3419 bere
1827 3372 2018 3421 amavit
2051 3379 2233 3422 noster
2262 3372 2432 3424 Poe‘ta
2471 3389 2722 3441 nusquam

1664 3461 1838 3496 vanus.
1890 3448 1975 3498 Sic
2015 3449 2227 3499 Terent.
2269 3450 2588 3515 ‘adesdum,’
2629 3468 2723 3517 pro

1659 3523 1675 3550 ‘
1698 3524 1858 3574 ades.’
1911 3524 1999 3575 Sic
2032 3527 2130 3575 πῶς
2166 3541 2335 3591 neque
2374 3528 2578 3605 Graecis
2625 3544 2721 3579 nec

1659 3601 1775 3652 aliis
1809 3603 2056 3653 hactenus
2092 3603 2334 3668 παρέλκων
2369 3605 2719 3657 existimatum

1659 3683 1755 3728 est.

1722 3754 1887 3819 Salve]
1920 3755 2146 3806 Videtur
2176 3756 2262 3806 hic
2295 3756 2608 3821 significare,
2644 3774 2721 3808 sa-

1657 3831 1754 3880 luti
1791 3832 1880 3889 sis,
1919 3831 2057 3896 fave,
2102 3832 2327 3883 lenimen
2369 3840 2427 3884 et
2471 3835 2715 3885 auxilium

1659 3914 1868 3971 praesta.
