3059 4909
975 380 1075 429 An
1128 379 1561 430 cARMmUM
1614 382 1762 430 ma.
1814 383 1862 429 1.
2394 370 2527 438 243

339 525 459 576 dere
478 525 638 577 etiam
661 526 838 589 video,
861 533 921 577 ut
944 527 1040 577 hoc
1066 532 1199 583 utar,
1225 528 1433 578 Baccho
1455 534 1509 578 et
1531 528 1743 579 Veneri.
1812 530 1930 579 Non
1956 535 2038 579 est
2061 544 2124 580 ex
2147 530 2374 596 antiquis
2395 532 2527 583 ideis

336 608 568 660 Baedms
591 608 665 658 ita
685 609 919 660 ebriosus
941 623 1002 659 ac
1027 607 1348 672 profligatus,
1372 610 1551 659 Venus
1576 610 1651 660 ita
1675 610 1859 676 turpis,
1881 612 1957 660 ita
1979 611 2242 676 impudica
2265 627 2323 661 ac
2344 612 2528 664 nesan-

336 691 417 751 da,
435 696 493 740 ut
512 696 689 741 nostra
710 696 840 740 oetas
863 690 958 740 sibi
984 689 1264 740 informare
1289 691 1438 740 solet.
1481 690 1603 741 vid.
1624 691 1816 755 Spene.
1837 691 2041 754 Polym.
2071 692 2205 743 Dial.
2230 706 2311 743 rx.
2335 708 2387 756 p.
2416 699 2536 747 181.ρ

334 770 414 822 111.
442 771 675 835 Lessing.
697 772 814 820 Wie
838 771 924 820 die
947 769 1106 821 Alten
1145 771 1201 821 d.
1239 771 1355 821 Tod
1394 772 1511 834 gel).
1546 788 1597 836 p.
1621 778 1703 822 56.
1770 772 2047 823 Winkelm.
2072 773 2140 824 G.
2164 774 2219 823 d.
2243 775 2312 824 K.
2336 790 2389 840 p.
2412 780 2527 828 166.

335 853 453 905 Non
476 860 687 916 possunt
708 853 832 902 satis
853 852 980 902 talia
1003 854 1204 902 moneri
1227 852 1607 902 adolescentes.

393 935 560 986 Porro
583 949 700 985 cum
723 935 995 996 Musicani,
1013 923 1156 999 (cum
1175 934 1560 999 Gymnastice‚)
1581 934 1852 984 maximam
1878 933 2070 984 habere
2089 934 2190 986 vim
2213 935 2278 985 ad
2302 931 2526 988 forman'-

335 1017 426 1068 dos
447 1017 697 1077 homines,
711 1023 768 1067 et
788 1016 1133 1066 necessarium
1155 1032 1266 1068 esse
1291 1017 1357 1068 ad
1381 1018 1602 1069 salutem
1628 1016 1925 1080 reipublice
1948 1018 2363 1068 constituendam
2386 1020 2530 1083 adju·

335 1107 580 1163 mentum,
600 1098 877 1150 crederent
894 1104 1100 1147 veteres
1121 1096 1254 1163 (vid.
1275 1098 1485 1149 Platon.
1505 1098 1572 1148 ‹lc
1598 1097 1820 1162 Republ.
1848 1097 1941 1147 lib.
1964 1111 2053 1147 ιιι.
2071 1113 2121 1161 p.
2144 1101 2259 1148 619.
2283 1097 2411 1163 sq.);
2435 1086 2527 1150 illa

335 1181 487 1232 etiam
522 1179 658 1247 (sive
686 1181 911 1245 proprie,
935 1180 1044 1230 sive
1068 1196 1163 1246 pro
1188 1182 1501 1247 Eloquentia
1523 1188 1579 1231 et
1601 1178 1755 1231 Ροὲοἰ
1789 1180 1965 1243 prisca
1995 1180 2244 1246 accepta)
2275 1183 2346 1231 ad.
2371 1182 2527 1231 Artes

332 1262 565 1328 pulchras
587 1262 658 1311 sit
680 1260 977 1325 referenda,
1011 1268 1171 1327 atque
1196 1264 1258 1313 ad
1283 1264 1526 1313 honestas
1549 1262 1939 1322 oblectationes,
1962 1262 2013 1311 in
2037 1278 2166 1327 quas
2189 1262 2417 1313 incidere
2436 1278 2526 1313 ue·

332 1358 470 1394 cesse
490 1351 609 1394 erat
629 1343 858 1393 homines
879 1344 1206 1393 humaniores
1223 1342 1427 1405 factos3
1453 1343 1605 1393 facile
1627 1343 1753 1407 lyrae
1778 1341 2040 1407 inventor,
2053 1344 2114 1393 et
2132 1343 2214 1393 vel
2230 1344 2350 1393 hinc
2369 1343 2525 1395 etiam

331 1424 614 1488 Poetarum
638 1425 782 1474 Deus
808 1425 1095 1474 Mercurius
1118 1424 1418 1476 declaratus
1440 1431 1539 1475 est.
2440 1464 2444 1468 .

390 1506 601 1572 Itaque,
619 1506 794 1572 siquis
814 1507 910 1556 hoe
932 1505 1031 1556 sibi
1055 1512 1329 1570 proponet,
1347 1505 1540 1567 omnia,
1554 1520 1670 1571 quse
1690 1504 1756 1554 ad
1773 1502 2047 1566 Ingenium
2068 1510 2124 1554 ct
2143 1505 2529 1571 Eloquentiam,

329 1587 393 1637 ad
413 1588 754 1652 Sapientiam,
773 1587 1093 1651 Docti-inam,
1117 1588 1395 1638 solertiam
1426 1594 1693 1650 spectent,
1716 1587 1981 1637 Mercurio
2013 1601 2129 1642 esse
2164 1588 2439 1651 attributa,
2467 1588 2529 1647 si,

327 1683 666 1735 quaecumque
687 1670 937 1720 hactenns
958 1669 1235 1720 observata
1260 1678 1400 1732 sunt,
1423 1676 1599 1719 mente
1633 1669 1853 1732 tenebit,
1886 1668 2189 1719 facillimum
2215 1669 2335 1726 erit,
2357 1667 2528 1718 omnia

326 1758 500 1801 cetera
522 1751 826 1812 declarare3
848 1766 897 1800 v.
917 1765 967 1800 c.
991 1765 1082 1799 cur
1102 1750 1392 1800 Mercurius
1409 1749 1662 1799 barbatus
1686 1757 1926 1798 occurrat
1949 1749 2002 1797 in
2023 1763 2300 1800 mon-mm.
2348 1750 2526 1799 Etrus-

325 1832 398 1882 eis
418 1831 734 1898 (winkelm.
760 1832 830 1883 G.
847 1831 901 1884 d.
923 1832 993 1881 K.
1016 1846 1070 1895 p.
1088 1829 1199 1895 88.)
1221 1846 1236 1879 ε
1273 1844 1364 1893 up.
1385 1830 1449 1880 ob
1491 1829 1822 1893 prudentiam
1847 1832 2088 1879 senilem:
2125 1845 2218 1880 eur
2238 1831 2404 1879 alatus
2425 1830 2525 1880 sit:

327 1927 438 1962 nam
461 1914 533 1963 nil
557 1921 736 1964 mente
759 1929 820 1964 ac
849 1927 1089 1963 sermone
1125 1913 1386 1962 velocinsz
1423 1926 1518 1962 cur
1540 1911 1842 1961 Mercurius
1877 1912 2169 1961 Minervam
2205 1912 2526 1975 amplectens

327 1994 394 2044 sit
428 1995 480 2044 in
518 2009 802 2047 monumm.
867 1993 1083 2060 (Causei
1104 1995 1182 2045 M.
1220 1995 1281 2043 R.
1319 2001 1440 2044 tom.
1464 2008 1505 2043 1.
1543 1993 1671 2043 Tab.
1707 2005 1907 2043 xavm.
1943 2008 1995 2057 p.
2017 1991 2158 2057 320:
2194 2008 2287 2043 cur
2317 1993 2525 2056 utrique
2557 1987 2561 1990 Α

328 2076 620 2126 communia
639 2073 835 2125 fuerint
848 2088 998 2124 sacra
1019 2091 1032 2122 ε
1056 2089 1152 2125 cur
1175 2073 1364 2124 mixtas
1386 2072 1518 2123 adeo
1545 2075 1809 2137 posuerint
1833 2073 1884 2123 in
1900 2072 2194 2138 Gymnasiis
2215 2088 2245 2123 e
2263 2074 2527 2124 Mercurio

328 2163 384 2207 et
425 2158 674 2207 Minerva
717 2162 935 2219 statuas,
969 2156 986 2185 ‘
1010 2155 1420 2206 Hermatbeuas'
1459 2156 1629 2206 dictas
1663 2154 1797 2221 (vid.
1836 2156 1949 2206 Cic.
1990 2154 2103 2206 Att.
2127 2169 2168 2205 ι.
2188 2154 2298 2220 8.)=
2330 2169 2423 2219 up.
2457 2156 2525 2204 ob

327 2239 644 2290 exercendas
666 2253 811 2304 aeqne
834 2240 1067 2302 corporis
1090 2253 1153 2288 ac
1173 2238 1329 2289 animi
1355 2238 1519 2288 vires:
1545 2252 1640 2288 cnr
1658 2238 1881 2287 Veneris
1905 2244 1962 2287 ct
1979 2237 2278 2287 Gratiarum
2300 2236 2527 2303 πάρεδρε

327 2321 423 2382 sit;
456 2321 562 2371 vid.
589 2333 629 2370 1.
652 2319 758 2369 Ocl.
777 2324 859 2369 8⁰.
878 2327 1017 2370 extr.
1039 2334 1133 2370 cur
1172 2325 1231 2370 et
1267 2319 1319 2369 in
1362 2318 1708 2369 monumentis
1740 2317 1875 2367 bene
1908 2317 2188 2370 elaboratis
2220 2318 2335 2383 ipse
2357 2321 2529 2371 vultus

326 2402 723 2453 solertissimum
749 2400 1206 2464 acutissimamque
1232 2402 1460 2450 Deorum
1485 2398 1688 2464 prodat.

387 2483 489 2534 Sed
514 2483 642 2549 quid
666 2481 765 2532 sibi
788 2481 1013 2545 denique
1035 2482 1148 2531 vult
1161 2480 1458 2531 Mercurius
1481 2478 1798 2541 ψυχοπομπὸς
1817 2484 1872 2529 et
1894 2476 2083 2539 χθόνιος
2104 2478 2237 2543 (vid.
2255 2480 2323 2529 ad
2346 2481 2528 2531 Nostri

329 2565 496 2614 Germ.
526 2578 608 2612 vs.
632 2566 712 2613 17.
742 2574 854 2626 sqq.
861 2560 920 2626 )?
986 2562 1104 2610 Una
1136 2560 1256 2610 idea
1291 2574 1357 2609 ex
1394 2561 1563 2610 altera
1598 2559 1826 2618 derivari
1862 2559 1913 2607 in
1949 2559 2147 2622 Mythis
2180 2559 2356 2609 solet..
2396 2560 2526 2610 Cum

326 2645 485 2709 igitur
507 2643 808 2694 Mercurius
847 2642 1010 2692 semel
1043 2647 1185 2691 esset
1223 2639 1453 2690 Nuntius
1490 2655 1552 2689 ac
1585 2640 1827 2689 Minister
1850 2640 2103 2701 Deorum,
2135 2639 2370 2703 proclive
2393 2648 2527 2701 erat,

329 2742 442 2780 eum
464 2726 677 2776 illorum
699 2724 850 2789 jussu
873 2739 936 2774 ac
963 2725 1231 2773 voluntate
1267 2723 1461 2773 animas
1494 2721 1564 2772 ad
1602 2719 1809 2774 Inferos
1850 2720 2061 2770 ducere.
2130 2719 2361 2779 Accedit,
2389 2720 2528 2785 quod

286 2837 297 2848 ι
324 2810 342 2838 ‘
364 2808 495 2860 bona
513 2810 671 2860 Mens
690 2804 1034 2871 Religioque,’
1056 2804 1335 2870 (Mercurii
1355 2804 1546 2854 donum
1558 2802 1601 2868 l)
1623 2802 1759 2853 omni
1782 2801 2030 2854 memoria
2043 2801 2225 2850 animae
2244 2800 2404 2852 vitam
2417 2816 2530 2852 cor-

326 2890 438 2954 pori
461 2888 803 2954 superstitem
827 2885 1064 2951 promisit
1086 2884 1410 2936 mortalibus.
1464 2884 1520 2934 Si
1545 2884 1701 2934 altius
1726 2893 1966 2947 repetere
1989 2896 2098 2932 rem
2125 2882 2271 2939 velis,
2285 2882 2451 2944 pessis
2473 2889 2529 2932 et

326 2970 398 3021 sic
418 2985 534 3021 eam
563 2968 835 3034 expedire,
852 2968 1009 3032 quod,
1028 2982 1145 3017 cum
1168 2967 1377 3017 humaui
1413 2967 1610 3031 ingenii
1640 2965 1933 3029 mentisque
1967 2961 2184 3013 formam
2209 2978 2241 3012 a
2261 2963 2528 3025 coelitem,

327 3052 472 3116 perie
508 3050 737 3114 solisque
770 3048 967 3098 virtute
1005 3049 1231 3111 pendere
1268 3053 1535 3112 putarent,
1562 3046 1883 3096 Mercurium
1908 3045 2040 3094 adeo
2064 3058 2158 3107 pro
2185 3057 2250 3093 ea
2284 3044 2527 3094 solisvirs·

327 3139 460 3198 tute,
482 3139 541 3181 et
564 3130 649 3179 vel
671 3144 765 3195 pro
785 3129 894 3179 sole
925 3129 1040 3191 ipso
1070 3128 1311 3192 accipere
1343 3127 1602 3179 interdum
1625 3127 1909 3190 Theologia
1932 3126 2145 3190 antiqua
2166 3125 2403 3175 videatur
2426 3124 2527 3189 (cf.

327 3212 570 3263 Maerob.
590 3211 801 3260 Satura.
823 3224 866 3259 1.
886 3206 1031 3273 19.);
1063 3215 1125 3258 ut
1147 3222 1176 3257 e
1194 3209 1303 3257 sole
1326 3223 1462 3260 uuae
1483 3223 1642 3273 supra
1663 3214 1824 3272 capnt
1859 3222 1995 3257 nuuc
2031 3205 2167 3256 infra
2202 3206 2359 3270 pedes
2382 3208 2529 3257 uobis

327 3304 569 3345 versante
594 3291 886 3342 Mercurius
906 3287 1136 3351 ὀλύμηος
1156 3294 1213 3339 et
1229 3287 1420 3352 χθόνιος
1441 3297 1589 3339 ortus
1603 3290 1710 3339 sit..
1734 3289 1981 3339 Ceterum
2000 3302 2065 3337 ex
2084 3287 2181 3336 hoc
2199 3286 2369 3336 denuo
2388 3286 2531 3336 Men-

326 3377 457 3427 earii
481 3389 696 3425 munere
729 3371 901 3434 fluxit,
923 3372 1059 3437 quod
1078 3381 1268 3436 praeest
1289 3372 1510 3434 Magicis
1531 3371 1753 3428 artibus,
1777 3377 1833 3420 et
1851 3368 2280 3432 Necyomantiae;
2304 3365 2526 3431 denique

327 3457 464 3523 qued
489 3454 888 3519 Expiationlbus
906 3452 1202 3517 aptissimus
1227 3459 1319 3503 est.
1368 3452 1490 3504 vid.
1515 3451 1581 3502 ad
1604 3466 1646 3502 1.
1670 3450 1777 3502 Od.
1799 3455 1850 3502 2.
1865 3454 1952 3501 41.
1971 3457 2028 3500 et
2051 3448 2117 3499 ad
2142 3451 2219 3498 10.
2243 3454 2377 3498 extr.

1075 3625 1594 3692 EXCURSUS
1667 3624 1798 3689 IV.

1219 3761 1317 3814 AD
1356 3760 1479 3816 01).
1515 3760 1638 3809 XV.

800 3895 1167 3945 vmmolAE
1214 3891 1528 3942 PARIDIS
1579 3891 1670 3938 ET
1720 3886 2070 3936 HELENAE.

332 4020 550 4070 Mamm
586 4022 836 4078 urgentur
877 4012 1031 4064 hodie
1069 4010 1283 4061 infamia
1303 4009 1453 4059 Paris
1474 4016 1529 4058 et
1553 4007 1777 4068 Helena,
1812 4004 1957 4070 cujus
1988 4004 2033 4053 si
2071 4003 2122 4051 in
2155 3999 2429 4051 veritatem
2455 3999 2532 4065 in-

332 4101 614 4164 quiramus,
653 4097 806 4158 longe
846 4095 1000 4144 alium
1041 4093 1312 4156 utriusque
1363 4091 1510 4141 uobis
1548 4087 1825 4139 informare
1871 4099 2116 4149 cogamur
2157 4084 2532 4133 characterem.

333 4180 488 4229 Paris
513 4178 738 4244 quidem,
760 4183 819 4226 ut
840 4177 904 4227 ab
926 4174 1058 4224 hoc
1043 4173 1304 4237 incipiam,
1325 4174 1437 4237 jam
1469 4170 1608 4236 apud
1645 4171 1900 4220 Romanos
1926 4166 2137 4228 Poe'tas,
2156 4171 2313 4228 atque
2341 4162 2388 4208 iu
2414 4160 2527 4222 ipso

339 4267 522 4308 nostro
539 4258 797 4314 Carmine,
818 4262 899 4306 est
921 4255 1086 4306 mollis
1108 4255 1278 4311 homo,
1300 4253 1538 4317 imbellis,
1561 4251 1783 4317 turpiter
1805 4248 2168 4304 effoeminatns,
2188 4244 2455 4307 voluptate
2476 4245 2531 4288 et
