<?xml version="1.0" encoding="UTF-8"?>
<!DOCTYPE html PUBLIC "-//W3C//DTD XHTML 1.0 Transitional//EN"
    "http://www.w3.org/TR/xhtml1/DTD/xhtml1-transitional.dtd">
<html xmlns="http://www.w3.org/1999/xhtml" xml:lang="en" lang="en">
 <head>
  <title>
</title>
<meta http-equiv="Content-Type" content="text/html;charset=utf-8" />
  <meta name='ocr-system' content='tesseract 3.04.00' />
  <meta name='ocr-capabilities' content='ocr_page ocr_carea ocr_par ocr_line ocrx_word'/>
</head>
<body>
  <div class='ocr_page' id='page_1' title='image "./quintihoratiifl00unkngoog_0032.png"; bbox 0 0 3059 4909; ppageno 0'>
   <div class='ocr_carea' id='block_1_1' title="bbox 348 379 1725 472">
    <p class='ocr_par' dir='ltr' id='par_1_1' title="bbox 348 379 1725 472">
     <span class='ocr_line' id='line_1_1' title="bbox 348 379 1725 472; baseline 0 -26"><span class='ocrx_word' id='word_1_1' title='bbox 348 463 355 472; x_wconf 36' lang='lat'><strong>·</strong></span> <span class='ocrx_word' id='word_1_2' title='bbox 458 379 548 446; x_wconf 77' lang='lat'><strong>22</strong></span> <span class='ocrx_word' id='word_1_3' title='bbox 614 411 621 416; x_wconf 94' lang='lat'>-</span> <span class='ocrx_word' id='word_1_4' title='bbox 1398 395 1495 443; x_wconf 72' lang='lat' dir='ltr'><strong>nn</strong></span> <span class='ocrx_word' id='word_1_5' title='bbox 1544 397 1725 446; x_wconf 71' lang='lat' dir='ltr'><strong>vri-A</strong></span> 
     </span>
    </p>
   </div>
   <div class='ocr_carea' id='block_1_2' title="bbox 458 539 2663 1543">
    <p class='ocr_par' dir='ltr' id='par_1_2' title="bbox 458 539 2663 1543">
     <span class='ocr_line' id='line_1_2' title="bbox 546 539 2657 621; baseline 0.001 -15"><span class='ocrx_word' id='word_1_6' title='bbox 546 541 782 607; x_wconf 87' lang='lat' dir='ltr'><strong>Patria</strong></span> <span class='ocrx_word' id='word_1_7' title='bbox 808 548 952 607; x_wconf 88' lang='lat' dir='ltr'><strong>erat</strong></span> <span class='ocrx_word' id='word_1_8' title='bbox 978 539 1306 619; x_wconf 79' lang='lat' dir='ltr'>Venusia,</span> <span class='ocrx_word' id='word_1_9' title='bbox 1346 541 1498 620; x_wconf 83' lang='lat' dir='ltr'><strong>vel,</strong></span> <span class='ocrx_word' id='word_1_10' title='bbox 1522 548 1601 607; x_wconf 91' lang='lat' dir='ltr'><strong>ut</strong></span> <span class='ocrx_word' id='word_1_11' title='bbox 1645 543 1785 621; x_wconf 92' lang='lat' dir='ltr'><strong>alii,</strong></span> <span class='ocrx_word' id='word_1_12' title='bbox 1814 541 2207 621; x_wconf 79' lang='lat' dir='ltr'><strong>Venusiam,</strong></span> <span class='ocrx_word' id='word_1_13' title='bbox 2238 541 2657 609; x_wconf 87' lang='lat' dir='ltr'><strong>Dauniorum</strong></span> 
     </span>
     <span class='ocr_line' id='line_1_3' title="bbox 462 639 2656 731; baseline 0.001 -20"><span class='ocrx_word' id='word_1_14' title='bbox 462 645 734 711; x_wconf 87' lang='lat' dir='ltr'><strong>colonia</strong></span> <span class='ocrx_word' id='word_1_15' title='bbox 783 643 996 731; x_wconf 91' lang='lat' dir='ltr'><strong>(Plin.</strong></span> <span class='ocrx_word' id='word_1_16' title='bbox 1051 661 1168 710; x_wconf 84' lang='lat'><strong>111.</strong></span> <span class='ocrx_word' id='word_1_17' title='bbox 1219 646 1326 710; x_wconf 84' lang='lat'><strong>11.</strong></span> <span class='ocrx_word' id='word_1_18' title='bbox 1382 645 1609 710; x_wconf 90' lang='lat' dir='ltr'><strong>Strab.</strong></span> <span class='ocrx_word' id='word_1_19' title='bbox 1670 661 1770 710; x_wconf 76' lang='lat' dir='ltr'><strong>vt.</strong></span> <span class='ocrx_word' id='word_1_20' title='bbox 1830 639 1896 728; x_wconf 88' lang='lat' dir='ltr'><strong>p.</strong></span> <span class='ocrx_word' id='word_1_21' title='bbox 1949 642 2151 728; x_wconf 57' lang='lat'><strong>1959,</strong></span> <span class='ocrx_word' id='word_1_22' title='bbox 2210 665 2382 711; x_wconf 91' lang='lat' dir='ltr'><strong>anno</strong></span> <span class='ocrx_word' id='word_1_23' title='bbox 2437 646 2526 711; x_wconf 89' lang='lat' dir='ltr'><strong>U.</strong></span> <span class='ocrx_word' id='word_1_24' title='bbox 2573 647 2656 714; x_wconf 85' lang='lat' dir='ltr'><strong>C.</strong></span> 
     </span>
     <span class='ocr_line' id='line_1_4' title="bbox 458 745 2657 831; baseline 0.002 -19"><span class='ocrx_word' id='word_1_25' title='bbox 458 763 842 812; x_wconf 66' lang='lat' dir='ltr'><strong>cccchxm</strong></span> <span class='ocrx_word' id='word_1_26' title='bbox 873 747 1163 813; x_wconf 88' lang='lat' dir='ltr'><strong>deducta</strong></span> <span class='ocrx_word' id='word_1_27' title='bbox 1189 746 1460 826; x_wconf 90' lang='lat' dir='ltr'><strong>(Vellei.</strong></span> <span class='ocrx_word' id='word_1_28' title='bbox 1515 763 1560 810; x_wconf 90' lang='grc' dir='ltr'><strong>ι.</strong></span> <span class='ocrx_word' id='word_1_29' title='bbox 1612 745 1786 831; x_wconf 83' lang='lat'><strong>14.)‚-</strong></span> <span class='ocrx_word' id='word_1_30' title='bbox 1808 747 2128 831; x_wconf 89' lang='lat' dir='ltr'><strong>oppidum</strong></span> <span class='ocrx_word' id='word_1_31' title='bbox 2159 766 2293 811; x_wconf 90' lang='lat' dir='ltr'><strong>non</strong></span> <span class='ocrx_word' id='word_1_32' title='bbox 2340 749 2657 831; x_wconf 79' lang='lat' dir='ltr'><strong>ignobile,</strong></span> 
     </span>
     <span class='ocr_line' id='line_1_5' title="bbox 460 847 2659 935; baseline 0.002 -22"><span class='ocrx_word' id='word_1_33' title='bbox 460 847 809 934; x_wconf 76' lang='grc' dir='ltr'><strong>εὖτείχιστον</strong></span> <span class='ocrx_word' id='word_1_34' title='bbox 838 849 1086 916; x_wconf 89' lang='lat' dir='ltr'><strong>dictum</strong></span> <span class='ocrx_word' id='word_1_35' title='bbox 1126 848 1443 934; x_wconf 82' lang='lat' dir='ltr'><strong>Polybio,</strong></span> <span class='ocrx_word' id='word_1_36' title='bbox 1493 865 1607 922; x_wconf 78' lang='grc' dir='ltr'><strong>ιιι.</strong></span> <span class='ocrx_word' id='word_1_37' title='bbox 1648 850 1758 914; x_wconf 90' lang='grc'><strong>90.</strong></span> <span class='ocrx_word' id='word_1_38' title='bbox 1800 848 1868 913; x_wconf 92' lang='lat' dir='ltr'><strong>in</strong></span> <span class='ocrx_word' id='word_1_39' title='bbox 1911 849 2198 914; x_wconf 85' lang='lat' dir='ltr'><strong>confinio</strong></span> <span class='ocrx_word' id='word_1_40' title='bbox 2229 849 2659 935; x_wconf 89' lang='lat' dir='ltr'><strong>Appulorum</strong></span> 
     </span>
     <span class='ocr_line' id='line_1_6' title="bbox 461 951 2660 1038; baseline 0.001 -21"><span class='ocrx_word' id='word_1_41' title='bbox 461 959 528 1017; x_wconf 92' lang='lat' dir='ltr'><strong>et</strong></span> <span class='ocrx_word' id='word_1_42' title='bbox 558 951 977 1038; x_wconf 77' lang='lat' dir='ltr'>Lucanorum</span> <span class='ocrx_word' id='word_1_43' title='bbox 1005 953 1103 1018; x_wconf 91' lang='lat' dir='ltr'><strong>ita</strong></span> <span class='ocrx_word' id='word_1_44' title='bbox 1131 952 1357 1029; x_wconf 88' lang='lat' dir='ltr'><strong>situm,</strong></span> <span class='ocrx_word' id='word_1_45' title='bbox 1384 957 1457 1018; x_wconf 90' lang='lat' dir='ltr'><strong>ut</strong></span> <span class='ocrx_word' id='word_1_46' title='bbox 1484 971 1737 1036; x_wconf 90' lang='lat' dir='ltr'><strong>anceps</strong></span> <span class='ocrx_word' id='word_1_47' title='bbox 1768 957 1972 1029; x_wconf 89' lang='lat' dir='ltr'><strong>esset,</strong></span> <span class='ocrx_word' id='word_1_48' title='bbox 2006 959 2159 1017; x_wconf 87' lang='lat' dir='ltr'><strong>utro</strong></span> <span class='ocrx_word' id='word_1_49' title='bbox 2192 954 2420 1037; x_wconf 88' lang='lat' dir='ltr'><strong>potius</strong></span> <span class='ocrx_word' id='word_1_50' title='bbox 2456 956 2660 1038; x_wconf 88' lang='lat' dir='ltr'><strong>perti-</strong></span> 
     </span>
     <span class='ocr_line' id='line_1_7' title="bbox 462 1052 2662 1134; baseline 0.002 -16"><span class='ocrx_word' id='word_1_51' title='bbox 462 1058 660 1120; x_wconf 81' lang='lat' dir='ltr'><strong>neret.</strong></span> <span class='ocrx_word' id='word_1_52' title='bbox 727 1053 908 1118; x_wconf 84' lang='lat' dir='ltr'>Vide</span> <span class='ocrx_word' id='word_1_53' title='bbox 942 1070 1021 1119; x_wconf 88' lang='lat'><strong>11.</strong></span> <span class='ocrx_word' id='word_1_54' title='bbox 1052 1053 1199 1119; x_wconf 90' lang='lat' dir='ltr'><strong>Sat.</strong></span> <span class='ocrx_word' id='word_1_55' title='bbox 1233 1071 1283 1119; x_wconf 88' lang='lat'><strong>1.</strong></span> <span class='ocrx_word' id='word_1_56' title='bbox 1313 1055 1420 1119; x_wconf 85' lang='lat'><strong>34.</strong></span> <span class='ocrx_word' id='word_1_57' title='bbox 1514 1054 1879 1119; x_wconf 86' lang='lat' dir='ltr'>Proximus</span> <span class='ocrx_word' id='word_1_58' title='bbox 1909 1060 2053 1119; x_wconf 91' lang='lat' dir='ltr'><strong>erat</strong></span> <span class='ocrx_word' id='word_1_59' title='bbox 2079 1052 2323 1120; x_wconf 87' lang='lat' dir='ltr'><strong>Vultur</strong></span> <span class='ocrx_word' id='word_1_60' title='bbox 2349 1076 2563 1134; x_wconf 90' lang='lat' dir='ltr'><strong>mons,</strong></span> <span class='ocrx_word' id='word_1_61' title='bbox 2594 1064 2662 1122; x_wconf 88' lang='lat' dir='ltr'><strong>at</strong></span> 
     </span>
     <span class='ocr_line' id='line_1_8' title="bbox 461 1155 2660 1243; baseline 0 -23"><span class='ocrx_word' id='word_1_62' title='bbox 461 1158 530 1220; x_wconf 91' lang='lat' dir='ltr'><strong>in</strong></span> <span class='ocrx_word' id='word_1_63' title='bbox 575 1156 920 1234; x_wconf 88' lang='lat' dir='ltr'><strong>Peucetia,</strong></span> <span class='ocrx_word' id='word_1_64' title='bbox 949 1155 1164 1221; x_wconf 87' lang='lat' dir='ltr'><strong>altera</strong></span> <span class='ocrx_word' id='word_1_65' title='bbox 1192 1155 1517 1240; x_wconf 84' lang='lat' dir='ltr'><strong>Appuliae</strong></span> <span class='ocrx_word' id='word_1_66' title='bbox 1551 1163 1774 1240; x_wconf 83' lang='lat' dir='ltr'><strong>parte3</strong></span> <span class='ocrx_word' id='word_1_67' title='bbox 1821 1157 1979 1222; x_wconf 85' lang='lat' dir='ltr'><strong>vide</strong></span> <span class='ocrx_word' id='word_1_68' title='bbox 2013 1175 2126 1223; x_wconf 88' lang='grc' dir='ltr'><strong>ιιι.</strong></span> <span class='ocrx_word' id='word_1_69' title='bbox 2158 1157 2290 1222; x_wconf 91' lang='lat' dir='ltr'><strong>Od.</strong></span> <span class='ocrx_word' id='word_1_70' title='bbox 2321 1159 2385 1222; x_wconf 88' lang='grc'><strong>4.</strong></span> <span class='ocrx_word' id='word_1_71' title='bbox 2417 1160 2480 1223; x_wconf 87' lang='grc'><strong>9.</strong></span> <span class='ocrx_word' id='word_1_72' title='bbox 2511 1179 2660 1243; x_wconf 91' lang='lat' dir='ltr'><strong>sqq.</strong></span> 
     </span>
     <span class='ocr_line' id='line_1_9' title="bbox 459 1258 2663 1344; baseline 0.001 -20"><span class='ocrx_word' id='word_1_73' title='bbox 459 1258 543 1324; x_wconf 83' lang='lat' dir='ltr'><strong>In</strong></span> <span class='ocrx_word' id='word_1_74' title='bbox 585 1279 669 1325; x_wconf 87' lang='lat' dir='ltr'><strong>ea</strong></span> <span class='ocrx_word' id='word_1_75' title='bbox 716 1258 987 1341; x_wconf 80' lang='lat' dir='ltr'>regione</span> <span class='ocrx_word' id='word_1_76' title='bbox 1028 1259 1312 1341; x_wconf 87' lang='lat' dir='ltr'><strong>agellum</strong></span> <span class='ocrx_word' id='word_1_77' title='bbox 1358 1279 1645 1343; x_wconf 83' lang='lat' dir='ltr'><strong>parvum</strong></span> <span class='ocrx_word' id='word_1_78' title='bbox 1698 1260 2015 1325; x_wconf 86' lang='lat' dir='ltr'><strong>habuisse</strong></span> <span class='ocrx_word' id='word_1_79' title='bbox 2062 1267 2315 1344; x_wconf 86' lang='lat' dir='ltr'><strong>patrem</strong></span> <span class='ocrx_word' id='word_1_80' title='bbox 2370 1261 2663 1336; x_wconf 83' lang='lat' dir='ltr'><strong>Horatii,</strong></span> 
     </span>
     <span class='ocr_line' id='line_1_10' title="bbox 459 1359 2661 1445; baseline 0 -18"><span class='ocrx_word' id='word_1_81' title='bbox 459 1366 722 1427; x_wconf 86' lang='lat' dir='ltr'><strong>constat</strong></span> <span class='ocrx_word' id='word_1_82' title='bbox 769 1381 859 1426; x_wconf 83' lang='lat' dir='ltr'><strong>ex</strong></span> <span class='ocrx_word' id='word_1_83' title='bbox 901 1378 948 1425; x_wconf 89' lang='lat'><strong>1.</strong></span> <span class='ocrx_word' id='word_1_84' title='bbox 979 1362 1122 1425; x_wconf 89' lang='lat' dir='ltr'><strong>Sat.</strong></span> <span class='ocrx_word' id='word_1_85' title='bbox 1153 1362 1219 1426; x_wconf 85' lang='lat'><strong>6.</strong></span> <span class='ocrx_word' id='word_1_86' title='bbox 1250 1360 1360 1425; x_wconf 83' lang='lat'><strong>71.</strong></span> <span class='ocrx_word' id='word_1_87' title='bbox 1450 1360 1621 1425; x_wconf 85' lang='lat' dir='ltr'><strong>Cum</strong></span> <span class='ocrx_word' id='word_1_88' title='bbox 1649 1359 2023 1445; x_wconf 90' lang='lat' dir='ltr'><strong>Appuliam</strong></span> <span class='ocrx_word' id='word_1_89' title='bbox 2066 1362 2417 1445; x_wconf 89' lang='lat' dir='ltr'><strong>attingeret</strong></span> <span class='ocrx_word' id='word_1_90' title='bbox 2465 1361 2661 1427; x_wconf 87' lang='lat' dir='ltr'><strong>Cala·</strong></span> 
     </span>
     <span class='ocr_line' id='line_1_11' title="bbox 459 1462 2490 1543; baseline 0.001 -16"><span class='ocrx_word' id='word_1_91' title='bbox 459 1464 627 1543; x_wconf 84' lang='lat' dir='ltr'><strong>bria,</strong></span> <span class='ocrx_word' id='word_1_92' title='bbox 662 1462 961 1529; x_wconf 83' lang='lat' dir='ltr'><strong>Martiali</strong></span> <span class='ocrx_word' id='word_1_93' title='bbox 998 1464 1244 1529; x_wconf 85' lang='lat' dir='ltr'><strong>Noster</strong></span> <span class='ocrx_word' id='word_1_94' title='bbox 1273 1463 1566 1529; x_wconf 81' lang='lat' dir='ltr'><strong>Calaber</strong></span> <span class='ocrx_word' id='word_1_95' title='bbox 1594 1465 1800 1529; x_wconf 89' lang='lat' dir='ltr'><strong>etiam</strong></span> <span class='ocrx_word' id='word_1_96' title='bbox 1830 1464 2072 1543; x_wconf 65' lang='lat' dir='ltr'><strong>dietus»,</strong></span> <span class='ocrx_word' id='word_1_97' title='bbox 2104 1480 2267 1529; x_wconf 82' lang='lat' dir='ltr'><strong>vlu.</strong></span> <span class='ocrx_word' id='word_1_98' title='bbox 2299 1465 2401 1530; x_wconf 81' lang='lat'><strong>18.</strong></span> <span class='ocrx_word' id='word_1_99' title='bbox 2429 1466 2490 1529; x_wconf 85' lang='lat'><strong>5.</strong></span> 
     </span>
    </p>
   </div>
   <div class='ocr_carea' id='block_1_3' title="bbox 677 1724 2443 1956">
    <p class='ocr_par' dir='ltr' id='par_1_3' title="bbox 677 1724 2443 1956">
     <span class='ocr_line' id='line_1_12' title="bbox 677 1724 2443 1855; baseline -0.002 -22"><span class='ocrx_word' id='word_1_100' title='bbox 677 1766 764 1833; x_wconf 89' lang='lat' dir='ltr'><strong>U.</strong></span> <span class='ocrx_word' id='word_1_101' title='bbox 795 1768 872 1834; x_wconf 91' lang='lat' dir='ltr'><strong>C.</strong></span> <span class='ocrx_word' id='word_1_102' title='bbox 901 1769 1051 1835; x_wconf 82' lang='lat'><strong>696.</strong></span> <span class='ocrx_word' id='word_1_103' title='bbox 1142 1771 1218 1835; x_wconf 90' lang='lat' dir='ltr'><strong>L.</strong></span> <span class='ocrx_word' id='word_1_104' title='bbox 1251 1769 1663 1855; x_wconf 84' lang='lat' dir='ltr'><strong>Calpurnius</strong></span> <span class='ocrx_word' id='word_1_105' title='bbox 1708 1769 1896 1835; x_wconf 87' lang='lat' dir='ltr'><strong>Piso.</strong></span> <span class='ocrx_word' id='word_1_106' title='bbox 1965 1768 2053 1833; x_wconf 90' lang='lat' dir='ltr'><strong>A.</strong></span> <span class='ocrx_word' id='word_1_107' title='bbox 2091 1724 2443 1834; x_wconf 80' lang='lat' dir='ltr'><strong>Gabinius.</strong></span> 
     </span>
     <span class='ocr_line' id='line_1_13' title="bbox 1161 1871 1960 1956; baseline -0.001 -20"><span class='ocrx_word' id='word_1_108' title='bbox 1161 1871 1249 1939; x_wconf 90' lang='lat' dir='ltr'><strong>A.</strong></span> <span class='ocrx_word' id='word_1_109' title='bbox 1283 1873 1360 1939; x_wconf 86' lang='lat' dir='ltr'><strong>C.</strong></span> <span class='ocrx_word' id='word_1_110' title='bbox 1392 1873 1499 1939; x_wconf 80' lang='lat'><strong>58.</strong></span> <span class='ocrx_word' id='word_1_111' title='bbox 1591 1872 1868 1938; x_wconf 86' lang='lat' dir='ltr'><strong>Horatii</strong></span> <span class='ocrx_word' id='word_1_112' title='bbox 1897 1875 1960 1956; x_wconf 59' lang='lat' dir='ltr'><strong>lg.</strong></span> 
     </span>
    </p>
   </div>
   <div class='ocr_carea' id='block_1_4' title="bbox 408 2062 2669 4088">
    <p class='ocr_par' dir='ltr' id='par_1_4' title="bbox 408 2062 2669 3557">
     <span class='ocr_line' id='line_1_14' title="bbox 554 2062 2662 2152; baseline 0 -26"><span class='ocrx_word' id='word_1_113' title='bbox 554 2062 760 2130; x_wconf 87' lang='lat' dir='ltr'><strong>Pater</strong></span> <span class='ocrx_word' id='word_1_114' title='bbox 790 2067 1092 2147; x_wconf 87' lang='lat' dir='ltr'><strong>Horatii,</strong></span> <span class='ocrx_word' id='word_1_115' title='bbox 1125 2070 1391 2152; x_wconf 89' lang='lat' dir='ltr'><strong>ingenui</strong></span> <span class='ocrx_word' id='word_1_116' title='bbox 1421 2076 1492 2134; x_wconf 88' lang='lat' dir='ltr'><strong>et</strong></span> <span class='ocrx_word' id='word_1_117' title='bbox 1512 2068 1821 2151; x_wconf 87' lang='lat' dir='ltr'><strong>generosi</strong></span> <span class='ocrx_word' id='word_1_118' title='bbox 1846 2067 1946 2133; x_wconf 88' lang='lat' dir='ltr'><strong>vir</strong></span> <span class='ocrx_word' id='word_1_119' title='bbox 1976 2067 2206 2144; x_wconf 89' lang='lat' dir='ltr'><strong>animi,</strong></span> <span class='ocrx_word' id='word_1_120' title='bbox 2237 2084 2392 2129; x_wconf 90' lang='lat' dir='ltr'><strong>cum</strong></span> <span class='ocrx_word' id='word_1_121' title='bbox 2424 2065 2490 2129; x_wconf 91' lang='lat' dir='ltr'><strong>in</strong></span> <span class='ocrx_word' id='word_1_122' title='bbox 2521 2062 2662 2128; x_wconf 85' lang='lat' dir='ltr'><strong>filio</strong></span> 
     </span>
     <span class='ocr_line' id='line_1_15' title="bbox 456 2163 2665 2250; baseline 0 -23"><span class='ocrx_word' id='word_1_123' title='bbox 456 2163 730 2245; x_wconf 81' lang='lat' dir='ltr'><strong>elegans</strong></span> <span class='ocrx_word' id='word_1_124' title='bbox 781 2167 1116 2250; x_wconf 82' lang='lat' dir='ltr'><strong>ingenium</strong></span> <span class='ocrx_word' id='word_1_125' title='bbox 1160 2171 1746 2245; x_wconf 86' lang='lat' dir='ltr'><strong>animadverteret,</strong></span> <span class='ocrx_word' id='word_1_126' title='bbox 1799 2186 2062 2232; x_wconf 90' lang='lat' dir='ltr'><strong>omnem</strong></span> <span class='ocrx_word' id='word_1_127' title='bbox 2111 2186 2336 2232; x_wconf 87' lang='lat' dir='ltr'><strong>curam</strong></span> <span class='ocrx_word' id='word_1_128' title='bbox 2381 2168 2447 2231; x_wconf 93' lang='lat' dir='ltr'><strong>in</strong></span> <span class='ocrx_word' id='word_1_129' title='bbox 2482 2166 2665 2229; x_wconf 92' lang='lat' dir='ltr'><strong>illius</strong></span> 
     </span>
     <span class='ocr_line' id='line_1_16' title="bbox 463 2265 2665 2354; baseline 0 -25"><span class='ocrx_word' id='word_1_130' title='bbox 463 2265 855 2332; x_wconf 81' lang='lat' dir='ltr'><strong>educatione</strong></span> <span class='ocrx_word' id='word_1_131' title='bbox 887 2271 1139 2353; x_wconf 89' lang='lat' dir='ltr'><strong>posuit,</strong></span> <span class='ocrx_word' id='word_1_132' title='bbox 1169 2277 1240 2336; x_wconf 90' lang='lat' dir='ltr'><strong>et</strong></span> <span class='ocrx_word' id='word_1_133' title='bbox 1268 2271 1589 2354; x_wconf 87' lang='lat' dir='ltr'><strong>quicquid</strong></span> <span class='ocrx_word' id='word_1_134' title='bbox 1620 2290 1709 2335; x_wconf 85' lang='lat' dir='ltr'><strong>ex</strong></span> <span class='ocrx_word' id='word_1_135' title='bbox 1742 2271 2180 2337; x_wconf 87' lang='lat' dir='ltr'><strong>facultatibus</strong></span> <span class='ocrx_word' id='word_1_136' title='bbox 2210 2268 2475 2352; x_wconf 85' lang='lat' dir='ltr'><strong>exiguis</strong></span> <span class='ocrx_word' id='word_1_137' title='bbox 2505 2287 2665 2351; x_wconf 92' lang='lat' dir='ltr'><strong>pos-</strong></span> 
     </span>
     <span class='ocr_line' id='line_1_17' title="bbox 465 2368 2665 2456; baseline -0.005 -12"><span class='ocrx_word' id='word_1_138' title='bbox 465 2372 586 2443; x_wconf 74' lang='lat' dir='ltr'><strong>set,</strong></span> <span class='ocrx_word' id='word_1_139' title='bbox 619 2368 901 2452; x_wconf 86' lang='lat' dir='ltr'><strong>benigne</strong></span> <span class='ocrx_word' id='word_1_140' title='bbox 949 2372 1017 2434; x_wconf 94' lang='lat' dir='ltr'><strong>in</strong></span> <span class='ocrx_word' id='word_1_141' title='bbox 1057 2391 1209 2438; x_wconf 87' lang='lat' dir='ltr'><strong>earn</strong></span> <span class='ocrx_word' id='word_1_142' title='bbox 1257 2373 1599 2456; x_wconf 86' lang='lat' dir='ltr'><strong>impendit.</strong></span> <span class='ocrx_word' id='word_1_143' title='bbox 1689 2371 1931 2456; x_wconf 89' lang='lat' dir='ltr'><strong>Agello</strong></span> <span class='ocrx_word' id='word_1_144' title='bbox 1975 2373 2153 2437; x_wconf 90' lang='lat' dir='ltr'><strong>enim</strong></span> <span class='ocrx_word' id='word_1_145' title='bbox 2201 2391 2328 2436; x_wconf 87' lang='lat' dir='ltr'><strong>suo</strong></span> <span class='ocrx_word' id='word_1_146' title='bbox 2368 2371 2495 2435; x_wconf 89' lang='lat' dir='ltr'><strong>sub</strong></span> <span class='ocrx_word' id='word_1_147' title='bbox 2538 2368 2665 2433; x_wconf 88' lang='lat' dir='ltr'><strong>boc</strong></span> 
     </span>
     <span class='ocr_line' id='line_1_18' title="bbox 463 2471 2669 2559; baseline 0.001 -28"><span class='ocrx_word' id='word_1_148' title='bbox 463 2471 731 2554; x_wconf 86' lang='lat' dir='ltr'><strong>tempus</strong></span> <span class='ocrx_word' id='word_1_149' title='bbox 753 2473 1028 2539; x_wconf 85' lang='lat' dir='ltr'><strong>vendito</strong></span> <span class='ocrx_word' id='word_1_150' title='bbox 1059 2494 1342 2559; x_wconf 88' lang='lat' dir='ltr'><strong>puerum</strong></span> <span class='ocrx_word' id='word_1_151' title='bbox 1389 2474 1679 2540; x_wconf 86' lang='lat' dir='ltr'><strong>Romam</strong></span> <span class='ocrx_word' id='word_1_152' title='bbox 1723 2474 2029 2553; x_wconf 83' lang='lat' dir='ltr'><strong>deduxit,</strong></span> <span class='ocrx_word' id='word_1_153' title='bbox 2074 2475 2303 2558; x_wconf 90' lang='lat' dir='ltr'><strong>ibique</strong></span> <span class='ocrx_word' id='word_1_154' title='bbox 2332 2472 2669 2538; x_wconf 83' lang='lat' dir='ltr'><strong>exactoris</strong></span> 
     </span>
     <span class='ocr_line' id='line_1_19' title="bbox 461 2573 2666 2655; baseline 0 -21"><span class='ocrx_word' id='word_1_155' title='bbox 461 2589 732 2639; x_wconf 88' lang='lat' dir='ltr'><strong>munere</strong></span> <span class='ocrx_word' id='word_1_156' title='bbox 793 2582 999 2655; x_wconf 89' lang='lat' dir='ltr'><strong>emto,</strong></span> <span class='ocrx_word' id='word_1_157' title='bbox 1048 2577 1257 2643; x_wconf 90' lang='lat' dir='ltr'><strong>filiurn</strong></span> <span class='ocrx_word' id='word_1_158' title='bbox 1315 2597 1449 2641; x_wconf 94' lang='lat' dir='ltr'><strong>non</strong></span> <span class='ocrx_word' id='word_1_159' title='bbox 1505 2578 1726 2641; x_wconf 86' lang='lat' dir='ltr'><strong>solum</strong></span> <span class='ocrx_word' id='word_1_160' title='bbox 1783 2576 2177 2649; x_wconf 59' lang='lat' dir='ltr'><strong>liberalibus</strong></span> <span class='ocrx_word' id='word_1_161' title='bbox 2235 2573 2666 2655; x_wconf 87' lang='lat' dir='ltr'><strong>honestisque</strong></span> 
     </span>
     <span class='ocr_line' id='line_1_20' title="bbox 463 2675 2666 2765; baseline -0.001 -28"><span class='ocrx_word' id='word_1_162' title='bbox 463 2675 722 2741; x_wconf 86' lang='lat' dir='ltr'><strong>artibus</strong></span> <span class='ocrx_word' id='word_1_163' title='bbox 753 2679 860 2756; x_wconf 86' lang='lat' dir='ltr'><strong>iis,</strong></span> <span class='ocrx_word' id='word_1_164' title='bbox 906 2680 1152 2765; x_wconf 91' lang='lat' dir='ltr'><strong>quibus</strong></span> <span class='ocrx_word' id='word_1_165' title='bbox 1195 2681 1517 2745; x_wconf 90' lang='lat' dir='ltr'><strong>nobilium</strong></span> <span class='ocrx_word' id='word_1_166' title='bbox 1541 2680 1758 2745; x_wconf 89' lang='lat' dir='ltr'><strong>-liberi</strong></span> <span class='ocrx_word' id='word_1_167' title='bbox 1805 2679 2341 2753; x_wconf 87' lang='lat' dir='ltr'><strong>instituebantur,</strong></span> <span class='ocrx_word' id='word_1_168' title='bbox 2372 2676 2666 2739; x_wconf 91' lang='lat' dir='ltr'><strong>imbuen-</strong></span> 
     </span>
     <span class='ocr_line' id='line_1_21' title="bbox 464 2773 2667 2865; baseline 0.002 -28"><span class='ocrx_word' id='word_1_169' title='bbox 464 2773 627 2838; x_wconf 91' lang='lat' dir='ltr'><strong>dum</strong></span> <span class='ocrx_word' id='word_1_170' title='bbox 658 2781 947 2858; x_wconf 86' lang='lat' dir='ltr'><strong>curavit,</strong></span> <span class='ocrx_word' id='word_1_171' title='bbox 974 2783 1224 2865; x_wconf 85' lang='lat' dir='ltr'><strong>spretis</strong></span> <span class='ocrx_word' id='word_1_172' title='bbox 1268 2782 1380 2859; x_wconf 85' lang='lat' dir='ltr'><strong>iis,</strong></span> <span class='ocrx_word' id='word_1_173' title='bbox 1429 2801 1588 2865; x_wconf 84' lang='lat' dir='ltr'><strong>quae</strong></span> <span class='ocrx_word' id='word_1_174' title='bbox 1633 2781 1719 2846; x_wconf 89' lang='lat' dir='ltr'><strong>ad</strong></span> <span class='ocrx_word' id='word_1_175' title='bbox 1770 2781 1986 2846; x_wconf 86' lang='lat' dir='ltr'><strong>solum</strong></span> <span class='ocrx_word' id='word_1_176' title='bbox 2034 2785 2360 2863; x_wconf 84' lang='lat' dir='ltr'><strong>quaestum</strong></span> <span class='ocrx_word' id='word_1_177' title='bbox 2390 2783 2667 2861; x_wconf 85' lang='lat' dir='ltr'><strong>speeta-</strong></span> 
     </span>
     <span class='ocr_line' id='line_1_22' title="bbox 408 2869 2664 2966; baseline 0 -25"><span class='ocrx_word' id='word_1_178' title='bbox 408 2951 413 2955; x_wconf 73' lang='lat'><strong>.</strong></span> <span class='ocrx_word' id='word_1_179' title='bbox 461 2885 652 2957; x_wconf 90' lang='lat' dir='ltr'><strong>rent;</strong></span> <span class='ocrx_word' id='word_1_180' title='bbox 697 2878 1128 2966; x_wconf 88' lang='lat' dir='ltr'><strong>habitumque</strong></span> <span class='ocrx_word' id='word_1_181' title='bbox 1158 2890 1225 2949; x_wconf 91' lang='lat' dir='ltr'><strong>et</strong></span> <span class='ocrx_word' id='word_1_182' title='bbox 1254 2885 1650 2949; x_wconf 89' lang='lat' dir='ltr'><strong>comitatum</strong></span> <span class='ocrx_word' id='word_1_183' title='bbox 1697 2885 1760 2949; x_wconf 86' lang='lat' dir='ltr'><strong>ei</strong></span> <span class='ocrx_word' id='word_1_184' title='bbox 1805 2882 2009 2960; x_wconf 88' lang='lat' dir='ltr'><strong>dedit,</strong></span> <span class='ocrx_word' id='word_1_185' title='bbox 2054 2882 2172 2965; x_wconf 92' lang='lat' dir='ltr'><strong>qui</strong></span> <span class='ocrx_word' id='word_1_186' title='bbox 2217 2899 2341 2943; x_wconf 87' lang='lat' dir='ltr'><strong>nec</strong></span> <span class='ocrx_word' id='word_1_187' title='bbox 2372 2869 2664 2944; x_wconf 90' lang='lat' dir='ltr'><strong>nobilem</strong></span> 
     </span>
     <span class='ocr_line' id='line_1_23' title="bbox 463 2982 2666 3067; baseline 0.001 -25"><span class='ocrx_word' id='word_1_188' title='bbox 463 3000 738 3063; x_wconf 89' lang='lat' dir='ltr'><strong>puerum</strong></span> <span class='ocrx_word' id='word_1_189' title='bbox 785 2984 1178 3065; x_wconf 77' lang='lat' dir='ltr'><strong>dedeceret3</strong></span> <span class='ocrx_word' id='word_1_190' title='bbox 1236 2986 1355 3051; x_wconf 85' lang='lat' dir='ltr'><strong>sed</strong></span> <span class='ocrx_word' id='word_1_191' title='bbox 1405 2987 1613 3052; x_wconf 90' lang='lat' dir='ltr'><strong>etiam</strong></span> <span class='ocrx_word' id='word_1_192' title='bbox 1659 3005 1917 3050; x_wconf 83' lang='lat' dir='ltr'><strong>morum</strong></span> <span class='ocrx_word' id='word_1_193' title='bbox 1968 2985 2090 3048; x_wconf 89' lang='lat' dir='ltr'><strong>filii</strong></span> <span class='ocrx_word' id='word_1_194' title='bbox 2145 2983 2295 3067; x_wconf 88' lang='lat' dir='ltr'><strong>ipse</strong></span> <span class='ocrx_word' id='word_1_195' title='bbox 2353 2982 2666 3047; x_wconf 89' lang='lat' dir='ltr'><strong>assiduus</strong></span> 
     </span>
     <span class='ocr_line' id='line_1_24' title="bbox 464 3086 2667 3171; baseline 0.001 -27"><span class='ocrx_word' id='word_1_196' title='bbox 464 3088 700 3148; x_wconf 88' lang='lat' dir='ltr'><strong>custos</strong></span> <span class='ocrx_word' id='word_1_197' title='bbox 751 3091 817 3151; x_wconf 93' lang='lat' dir='ltr'><strong>et</strong></span> <span class='ocrx_word' id='word_1_198' title='bbox 869 3093 1106 3166; x_wconf 88' lang='lat' dir='ltr'><strong>rector,</strong></span> <span class='ocrx_word' id='word_1_199' title='bbox 1152 3090 1608 3171; x_wconf 85' lang='lat' dir='ltr'><strong>virtutumque</strong></span> <span class='ocrx_word' id='word_1_200' title='bbox 1658 3091 1722 3153; x_wconf 91' lang='lat' dir='ltr'><strong>ei</strong></span> <span class='ocrx_word' id='word_1_201' title='bbox 1780 3088 2069 3154; x_wconf 90' lang='lat' dir='ltr'><strong>omnium</strong></span> <span class='ocrx_word' id='word_1_202' title='bbox 2122 3093 2189 3151; x_wconf 88' lang='lat' dir='ltr'><strong>et</strong></span> <span class='ocrx_word' id='word_1_203' title='bbox 2232 3086 2548 3167; x_wconf 86' lang='lat' dir='ltr'><strong>magister</strong></span> <span class='ocrx_word' id='word_1_204' title='bbox 2599 3093 2667 3148; x_wconf 88' lang='lat' dir='ltr'><strong>et</strong></span> 
     </span>
     <span class='ocr_line' id='line_1_25' title="bbox 463 3185 2667 3273; baseline 0.001 -27"><span class='ocrx_word' id='word_1_205' title='bbox 463 3185 844 3268; x_wconf 84' lang='lat' dir='ltr'><strong>exemplum</strong></span> <span class='ocrx_word' id='word_1_206' title='bbox 882 3186 1042 3269; x_wconf 82' lang='lat' dir='ltr'><strong>fuit3</strong></span> <span class='ocrx_word' id='word_1_207' title='bbox 1088 3208 1372 3273; x_wconf 89' lang='lat' dir='ltr'><strong>eumque</strong></span> <span class='ocrx_word' id='word_1_208' title='bbox 1409 3210 1546 3255; x_wconf 89' lang='lat' dir='ltr'><strong>non</strong></span> <span class='ocrx_word' id='word_1_209' title='bbox 1598 3190 1877 3254; x_wconf 87' lang='lat' dir='ltr'><strong>divitem</strong></span> <span class='ocrx_word' id='word_1_210' title='bbox 1921 3198 1989 3254; x_wconf 90' lang='lat' dir='ltr'><strong>et</strong></span> <span class='ocrx_word' id='word_1_211' title='bbox 2032 3208 2366 3271; x_wconf 89' lang='lat' dir='ltr'><strong>magnum,</strong></span> <span class='ocrx_word' id='word_1_212' title='bbox 2399 3187 2515 3251; x_wconf 88' lang='lat' dir='ltr'><strong>sed</strong></span> <span class='ocrx_word' id='word_1_213' title='bbox 2546 3186 2667 3250; x_wconf 95' lang='lat' dir='ltr'><strong>bo-</strong></span> 
     </span>
     <span class='ocr_line' id='line_1_26' title="bbox 462 3289 2666 3376; baseline 0 -28"><span class='ocrx_word' id='word_1_214' title='bbox 462 3307 620 3349; x_wconf 91' lang='lat' dir='ltr'><strong>num</strong></span> <span class='ocrx_word' id='word_1_215' title='bbox 668 3295 738 3352; x_wconf 90' lang='lat' dir='ltr'><strong>et</strong></span> <span class='ocrx_word' id='word_1_216' title='bbox 789 3290 1133 3355; x_wconf 85' lang='lat' dir='ltr'><strong>honesturn</strong></span> <span class='ocrx_word' id='word_1_217' title='bbox 1183 3292 1545 3376; x_wconf 83' lang='lat' dir='ltr'><strong>aliquando</strong></span> <span class='ocrx_word' id='word_1_218' title='bbox 1602 3295 1819 3358; x_wconf 87' lang='lat' dir='ltr'><strong>virum</strong></span> <span class='ocrx_word' id='word_1_219' title='bbox 1877 3312 2029 3357; x_wconf 88' lang='lat' dir='ltr'><strong>esse</strong></span> <span class='ocrx_word' id='word_1_220' title='bbox 2085 3290 2319 3357; x_wconf 88' lang='lat' dir='ltr'><strong>voluit.</strong></span> <span class='ocrx_word' id='word_1_221' title='bbox 2385 3289 2567 3353; x_wconf 90' lang='lat' dir='ltr'><strong>Vide</strong></span> <span class='ocrx_word' id='word_1_222' title='bbox 2615 3303 2666 3349; x_wconf 86' lang='lat'><strong>1.</strong></span> 
     </span>
     <span class='ocr_line' id='line_1_27' title="bbox 466 3387 2664 3479; baseline 0.001 -28"><span class='ocrx_word' id='word_1_223' title='bbox 466 3387 604 3452; x_wconf 91' lang='lat' dir='ltr'><strong>Sat.</strong></span> <span class='ocrx_word' id='word_1_224' title='bbox 635 3390 698 3452; x_wconf 90' lang='grc'><strong>6.</strong></span> <span class='ocrx_word' id='word_1_225' title='bbox 728 3390 1012 3457; x_wconf 79' lang='lat'><strong>66—92.</strong></span> <span class='ocrx_word' id='word_1_226' title='bbox 1038 3395 1212 3476; x_wconf 85' lang='lat' dir='ltr'><strong>grati</strong></span> <span class='ocrx_word' id='word_1_227' title='bbox 1255 3395 1326 3457; x_wconf 92' lang='lat' dir='ltr'><strong>in</strong></span> <span class='ocrx_word' id='word_1_228' title='bbox 1356 3394 1564 3459; x_wconf 88' lang='lat' dir='ltr'><strong>talem</strong></span> <span class='ocrx_word' id='word_1_229' title='bbox 1592 3400 1846 3479; x_wconf 88' lang='lat' dir='ltr'><strong>patrem</strong></span> <span class='ocrx_word' id='word_1_230' title='bbox 1879 3393 2000 3458; x_wconf 90' lang='lat' dir='ltr'><strong>filii</strong></span> <span class='ocrx_word' id='word_1_231' title='bbox 2029 3390 2402 3457; x_wconf 89' lang='lat' dir='ltr'><strong>immortale</strong></span> <span class='ocrx_word' id='word_1_232' title='bbox 2433 3410 2664 3454; x_wconf 91' lang='lat' dir='ltr'><strong>monu-</strong></span> 
     </span>
     <span class='ocr_line' id='line_1_28' title="bbox 464 3503 779 3557; baseline 0.013 -4"><span class='ocrx_word' id='word_1_233' title='bbox 464 3503 779 3557; x_wconf 88' lang='lat' dir='ltr'><strong>mentum.</strong></span> 
     </span>
    </p>

    <p class='ocr_par' dir='ltr' id='par_1_5' title="bbox 461 3592 2666 4088">
     <span class='ocr_line' id='line_1_29' title="bbox 553 3592 2662 3683; baseline 0 -27"><span class='ocrx_word' id='word_1_234' title='bbox 553 3592 713 3658; x_wconf 91' lang='lat' dir='ltr'><strong>Fuit</strong></span> <span class='ocrx_word' id='word_1_235' title='bbox 767 3596 1022 3678; x_wconf 88' lang='lat' dir='ltr'><strong>primus</strong></span> <span class='ocrx_word' id='word_1_236' title='bbox 1075 3597 1346 3661; x_wconf 87' lang='lat' dir='ltr'><strong>Horatii</strong></span> <span class='ocrx_word' id='word_1_237' title='bbox 1407 3605 1784 3683; x_wconf 73' lang='lat' dir='ltr'><strong>praeceptor</strong></span> <span class='ocrx_word' id='word_1_238' title='bbox 1836 3596 2135 3661; x_wconf 90' lang='lat' dir='ltr'><strong>Orbilius</strong></span> <span class='ocrx_word' id='word_1_239' title='bbox 2190 3593 2529 3678; x_wconf 82' lang='lat' dir='ltr'><strong>PupilluS,</strong></span> <span class='ocrx_word' id='word_1_240' title='bbox 2579 3613 2662 3657; x_wconf 94' lang='lat' dir='ltr'><strong>eo</strong></span> 
     </span>
     <span class='ocr_line' id='line_1_30' title="bbox 462 3695 2665 3783; baseline 0 -25"><span class='ocrx_word' id='word_1_241' title='bbox 462 3701 765 3780; x_wconf 90' lang='lat' dir='ltr'><strong>tempore</strong></span> <span class='ocrx_word' id='word_1_242' title='bbox 799 3696 1038 3763; x_wconf 79' lang='lat' dir='ltr'><strong>Romae</strong></span> <span class='ocrx_word' id='word_1_243' title='bbox 1072 3698 1592 3764; x_wconf 84' lang='lat' dir='ltr'><strong>Grammaticum</strong></span> <span class='ocrx_word' id='word_1_244' title='bbox 1639 3701 1997 3783; x_wconf 74' lang='lat' dir='ltr'><strong>professae,</strong></span> <span class='ocrx_word' id='word_1_245' title='bbox 2044 3697 2183 3781; x_wconf 90' lang='lat' dir='ltr'><strong>qui,</strong></span> <span class='ocrx_word' id='word_1_246' title='bbox 2229 3716 2315 3760; x_wconf 82' lang='lat' dir='ltr'><strong>ex</strong></span> <span class='ocrx_word' id='word_1_247' title='bbox 2360 3695 2665 3760; x_wconf 90' lang='lat' dir='ltr'><strong>instituto</strong></span> 
     </span>
     <span class='ocr_line' id='line_1_31' title="bbox 464 3796 2665 3883; baseline -0 -23"><span class='ocrx_word' id='word_1_248' title='bbox 464 3796 613 3882; x_wconf 88' lang='lat' dir='ltr'><strong>ejus</strong></span> <span class='ocrx_word' id='word_1_249' title='bbox 672 3801 892 3865; x_wconf 69' lang='lat' dir='ltr'><strong>aetatis</strong></span> <span class='ocrx_word' id='word_1_250' title='bbox 951 3801 1366 3878; x_wconf 85' lang='lat' dir='ltr'><strong>Scholarum,</strong></span> <span class='ocrx_word' id='word_1_251' title='bbox 1423 3802 1782 3865; x_wconf 87' lang='lat' dir='ltr'><strong>enarrabat</strong></span> <span class='ocrx_word' id='word_1_252' title='bbox 1846 3800 2071 3883; x_wconf 91' lang='lat' dir='ltr'><strong>pueris</strong></span> <span class='ocrx_word' id='word_1_253' title='bbox 2129 3797 2426 3863; x_wconf 89' lang='lat' dir='ltr'><strong>carmina</strong></span> <span class='ocrx_word' id='word_1_254' title='bbox 2486 3796 2665 3860; x_wconf 85' lang='lat' dir='ltr'><strong>Livii</strong></span> 
     </span>
     <span class='ocr_line' id='line_1_32' title="bbox 461 3897 2666 3986; baseline 0 -25"><span class='ocrx_word' id='word_1_255' title='bbox 461 3898 828 3963; x_wconf 88' lang='lat' dir='ltr'><strong>Andronici</strong></span> <span class='ocrx_word' id='word_1_256' title='bbox 861 3909 929 3965; x_wconf 85' lang='lat' dir='ltr'><strong>et</strong></span> <span class='ocrx_word' id='word_1_257' title='bbox 965 3902 1281 3966; x_wconf 85' lang='lat' dir='ltr'><strong>Homeri:</strong></span> <span class='ocrx_word' id='word_1_258' title='bbox 1329 3919 1378 3967; x_wconf 90' lang='lat'><strong>1.</strong></span> <span class='ocrx_word' id='word_1_259' title='bbox 1415 3900 1641 3986; x_wconf 91' lang='lat' dir='ltr'><strong>Epist.</strong></span> <span class='ocrx_word' id='word_1_260' title='bbox 1672 3904 1734 3967; x_wconf 78' lang='lat'><strong>2.</strong></span> <span class='ocrx_word' id='word_1_261' title='bbox 1760 3906 1865 3968; x_wconf 88' lang='grc'><strong>70.</strong></span> <span class='ocrx_word' id='word_1_262' title='bbox 1905 3919 1980 3965; x_wconf 87' lang='grc' dir='ltr'><strong>ιι.</strong></span> <span class='ocrx_word' id='word_1_263' title='bbox 2005 3901 2069 3966; x_wconf 78' lang='grc'><strong>2.</strong></span> <span class='ocrx_word' id='word_1_264' title='bbox 2099 3901 2209 3964; x_wconf 83' lang='lat'><strong>41.</strong></span> <span class='ocrx_word' id='word_1_265' title='bbox 2304 3898 2410 3964; x_wconf 86' lang='lat' dir='ltr'><strong>cf.</strong></span> <span class='ocrx_word' id='word_1_266' title='bbox 2448 3897 2666 3976; x_wconf 78' lang='lat' dir='ltr'><strong>Quin-</strong></span> 
     </span>
     <span class='ocr_line' id='line_1_33' title="bbox 461 4001 2666 4088; baseline 0 -24"><span class='ocrx_word' id='word_1_267' title='bbox 461 4001 562 4065; x_wconf 85' lang='lat' dir='ltr'><strong>til.</strong></span> <span class='ocrx_word' id='word_1_268' title='bbox 592 4018 639 4064; x_wconf 92' lang='grc' dir='ltr'><strong>ι.</strong></span> <span class='ocrx_word' id='word_1_269' title='bbox 668 4002 730 4065; x_wconf 79' lang='grc'><strong>8.</strong></span> <span class='ocrx_word' id='word_1_270' title='bbox 820 4001 1210 4068; x_wconf 81' lang='lat' dir='ltr'><strong>Graecarum</strong></span> <span class='ocrx_word' id='word_1_271' title='bbox 1257 4006 1562 4088; x_wconf 89' lang='lat' dir='ltr'><strong>inprimis</strong></span> <span class='ocrx_word' id='word_1_272' title='bbox 1606 4006 1945 4071; x_wconf 87' lang='lat' dir='ltr'><strong>literarum</strong></span> <span class='ocrx_word' id='word_1_273' title='bbox 1991 4001 2512 4079; x_wconf 88' lang='lat' dir='ltr'><strong>amantissimus,</strong></span> <span class='ocrx_word' id='word_1_274' title='bbox 2551 4020 2666 4065; x_wconf 89' lang='lat' dir='ltr'><strong>ea-</strong></span> 
     </span>
    </p>
   </div>
   <div class='ocr_carea' id='block_1_5' title="bbox 460 4105 2694 4287">
    <p class='ocr_par' dir='ltr' id='par_1_6' title="bbox 460 4105 2694 4287">
     <span class='ocr_line' id='line_1_34' title="bbox 460 4105 2694 4204; baseline 0 -36"><span class='ocrx_word' id='word_1_275' title='bbox 460 4123 603 4168; x_wconf 90' lang='lat' dir='ltr'><strong>rum</strong></span> <span class='ocrx_word' id='word_1_276' title='bbox 635 4105 1043 4189; x_wconf 83' lang='lat' dir='ltr'><strong>exquisitam</strong></span> <span class='ocrx_word' id='word_1_277' title='bbox 1085 4107 1525 4188; x_wconf 89' lang='lat' dir='ltr'><strong>cognitionem</strong></span> <span class='ocrx_word' id='word_1_278' title='bbox 1567 4106 1816 4174; x_wconf 89' lang='lat' dir='ltr'><strong>Noster</strong></span> <span class='ocrx_word' id='word_1_279' title='bbox 1843 4106 1976 4171; x_wconf 89' lang='lat' dir='ltr'><strong>sibi</strong></span> <span class='ocrx_word' id='word_1_280' title='bbox 2008 4126 2054 4172; x_wconf 82' lang='lat' dir='ltr'><strong>a</strong></span> <span class='ocrx_word' id='word_1_281' title='bbox 2078 4122 2286 4188; x_wconf 87' lang='lat' dir='ltr'><strong>puero</strong></span> <span class='ocrx_word' id='word_1_282' title='bbox 2313 4121 2662 4186; x_wconf 85' lang='lat' dir='ltr'><strong>compara·</strong></span> <span class='ocrx_word' id='word_1_283' title='bbox 2680 4195 2694 4204; x_wconf 82' lang='lat'><strong>.</strong></span> 
     </span>
     <span class='ocr_line' id='line_1_35' title="bbox 460 4205 1623 4287; baseline 0.003 -17"><span class='ocrx_word' id='word_1_284' title='bbox 460 4205 614 4287; x_wconf 82' lang='lat' dir='ltr'><strong>bat3</strong></span> <span class='ocrx_word' id='word_1_285' title='bbox 662 4223 711 4271; x_wconf 88' lang='lat'><strong>1.</strong></span> <span class='ocrx_word' id='word_1_286' title='bbox 742 4205 883 4272; x_wconf 87' lang='lat' dir='ltr'><strong>Sat.</strong></span> <span class='ocrx_word' id='word_1_287' title='bbox 915 4207 1021 4273; x_wconf 88' lang='grc'><strong>10.</strong></span> <span class='ocrx_word' id='word_1_288' title='bbox 1051 4208 1157 4273; x_wconf 82' lang='lat'><strong>31.</strong></span> <span class='ocrx_word' id='word_1_289' title='bbox 1250 4206 1335 4271; x_wconf 90' lang='lat' dir='ltr'><strong>A.</strong></span> <span class='ocrx_word' id='word_1_290' title='bbox 1367 4207 1445 4272; x_wconf 91' lang='lat' dir='ltr'><strong>P.</strong></span> <span class='ocrx_word' id='word_1_291' title='bbox 1472 4209 1623 4274; x_wconf 79' lang='lat'><strong>269.</strong></span> 
     </span>
    </p>
   </div>
   <div class='ocr_carea' id='block_1_6' title="bbox 3034 14 3045 608">
    <p class='ocr_par' dir='ltr' id='par_1_7' title="bbox 3034 14 3045 608">
     <span class='ocr_line' id='line_1_36' title="bbox 3034 14 3045 608; baseline 0 0"><span class='ocrx_word' id='word_1_292' title='bbox 3034 14 3045 608; x_wconf 95' lang='lat' dir='ltr'><strong> </strong></span> 
     </span>
    </p>
   </div>
  </div>
 </body>
</html>
