3059 4909
2384 405 2514 471 409

2428 568 2514 631 15

983 416 1397 465 danninum
1454 419 1597 467 mn.
1649 418 1762 469 m.
1807 406 1869 468 3.

757 547 1011 641 Foedis,
1043 570 1108 628 et
1135 564 1447 649 exemplo
1476 565 1756 630 trahenti

834 662 1200 729 Perniciem
1230 666 1504 731 veniens
1535 668 1602 731 in
1632 686 1848 734 aevum
1879 688 1896 747 3

662 762 736 827 Si
765 783 891 828 non
922 767 1159 849 periret
1189 766 1691 833 immiserabilis

662 864 953 950 Captiva
978 869 1212 951 pubes.
1299 869 1509 951 Signa
1537 890 1660 953 ego
1693 871 1969 936 Punicis

741 968 972 1034 Affixa
1000 970 1321 1050 delubris»,
1353 979 1423 1037 et
1452 992 1638 1038 arma
1666 1013 1673 1020 -

834 1070 1171 1137 Militibus
1202 1074 1345 1138 sine
1376 1074 1589 1152 caede,
1621 1074 1821 1153 dixit,

659 1173 956 1257 Derepta
985 1174 1161 1240 vidi:
1208 1176 1345 1240 vidi
1379 1195 1502 1259 ego
1534 1179 1785 1242 civium

2422 1078 2510 1143 20

308 1367 390 1439 {us
405 1370 476 1413 est
493 1365 821 1426 ignominiosis
841 1368 1023 1429 legibus
1038 1372 1086 1417 et
1107 1368 1317 1432 exemplo
1333 1369 1387 1417 in
1409 1375 1645 1432 posterum
1664 1373 1901 1433 damnoso,
1923 1370 2017 1420 nisi
2025 1371 2224 1432 juvenes
2245 1370 2361 1418 bello
2380 1367 2511 1430 copti

306 1431 510 1479 interire
536 1431 819 1494 sinerentur,
835 1433 1006 1496 absque
1030 1433 1345 1484 miseratione.
1417 1436 1545 1498 Ego,
1559 1435 1714 1499 inquit
1730 1436 1829 1499 itte,
1854 1438 2039 1499 tentplis
2058 1434 2510 1496 Carthaginensibus

307 1509 514 1557 appensa
534 1498 750 1560 conspexi
773 1498 942 1548 vexilla
963 1500 1196 1563 Romana,
1215 1504 1356 1563 atque
1377 1515 1510 1549 arma
1534 1500 1763 1550 militibus
1782 1503 1907 1551 haud
1919 1501 2290 1565 repugnantibus
2305 1500 2510 1548 ademta.

1228 1625 1406 1647 ‘0000‘
1410 1625 1494 1647 ‘O‘
1498 1625 1587 1647 ’δέ

307 1719 430 1753 cum
470 1705 810 1769 auctoritate,
849 1715 958 1758 tum
1005 1707 1053 1755 vi
1097 1707 1453 1772 polysyntheti
1491 1709 1749 1772 praestat!
1783 1712 2048 1761 huie-15
2084 1713 2209 1761 Var.
2253 1712 2376 1761 lect.
2419 1723 2503 1773 ap.

304 1771 493 1822 JoneS.
515 1776 572 1819 ut
592 1774 816 1835 exemplo.
879 1772 1008 1822 Mox
1032 1773 1269 1822 trahentis
1291 1772 1439 1821 Harl.
1465 1777 1510 1823 1.
1533 1778 1584 1823 2.
1607 1779 1657 1824 4.
1677 1780 1727 1824 5.
1746 1781 1795 1826 6.
1832 1777 1961 1826 Exc.
1984 1776 2107 1825 Sax.
2132 1775 2293 1825 Brod.
2326 1790 2506 1825 omnes

302 1833 421 1883 fere
443 1834 530 1884 alii
550 1836 703 1885 codd.
724 1845 779 1887 et
801 1837 919 1886 edd.
940 1845 1069 1887 vett.
1096 1846 1287 1897 praeter
1304 1838 1491 1887 Venet.
1513 1842 1658 1890 1479.
1675 1855 1790 1905 quie
1813 1840 1967 1890 habet
1985 1840 2281 1891 trahentibus
2290 1855 2308 1897 ,·
2325 1840 2505 1889 Bentl.

305 1900 449 1964 conj.
471 1915 498 1949 e
638 1902 672 1956 li
693 1902 963 1961 trahemiu
987 1902 1138 1952 Guii.
1169 1903 1381 1951 Canter.
1424 1902 1563 1952 Nov.
1612 1905 1759 1956 Lect.
1796 1918 1897 1955 vn.
1933 1909 2014 1955 80.
2047 1904 2252 1955 emend.
2277 1905 2507 1969 troi-enti,

305 1964 474 2030 (quod
495 1966 651 2016 habet
676 1967 825 2020 Harl.
849 1966 927 2031 8.)
962 1968 1099 2030 unde
1131 1972 1445 2030 receperunt
1467 1968 1648 2017 Lamb.
1670 1969 1829 2034 Cruq.
1861 1970 1925 2019 Τ.
1963 1969 2090 2020 Fab.
2121 1968 2506 2033 Steph.,Heins.

304 2031 467 2082 Baxt.
491 2030 667 2081 Bentl.
687 2032 907 2096 Cuniug.
930 2033 1106 2083 Maitt.
1128 2031 1333 2095 Talbot‚
1358 2030 1510 2090 Piae,
1543 2033 1733 2083 Sanad.
1757 2035 1938 2086 Jones.
1960 2035 2095 2084 Sivr.
2116 2032 2259 2098 ani,
2290 2032 2512 2083 Mitsch.
2546 2068 2553 2076 ·

305 2096 531 2158 Bipont.
553 2095 769 2146 Wetzel.
785 2096 987 2147 Wakef.
1012 2095 1193 2148 Comb.
1209 2102 1266 2146 et
1288 2095 1451 2147 Kidd.
1471 2098 1706 2148 truhemis
1727 2096 2013 2149 defendere
2037 2106 2250 2150 conatus
2265 2097 2505 2147 estBest.

305 2160 434 2209 Rat.
454 2160 674 2210 Emend.
697 2162 863 2226 Legg.
887 2176 943 2212 x.
971 2178 1021 2226 p.
1049 2166 1293 2212 169.-1·7
1316 2161 1568 2213 Glarean.
1589 2164 1793 2214 emend.
1810 2164 2040 2227 perirent,
2060 2165 2180 2230 quia
2201 2164 2256 2214 iu
2278 2164 2374 2213 bac
2397 2176 2509 2212 ver·

304 2239 394 2276 sus
415 2223 617 2275 Alcaici
639 2226 857 2276 Caesura
878 2227 1119 2290 religiose
1143 2233 1319 2276 servet
1344 2226 1594 2277 Horatius
1611 2228 1862 2292 syllabam
1885 2229 2112 2292 longam.
2147 2228 2325 2279 Bentl.
2349 2241 2505 2289 porro

305 2289 448 2353 conj.
478 2291 689 2354 perirent
711 2293 1097 2350 immet-abilon
1144 2299 1200 2341 et
1219 2291 1612 2357 humanique,
1647 2293 1707 2343 Si
1726 2309 1820 2342 non
1848 2295 2060 2357 perirent
2090 2293 2508 2343 immissi-abile.—

305 2359 373 2406 18
412 2355 617 2420 Captiva
632 2357 815 2420 pubes?
847 2358 996 2407 Best.
1017 2358 1135 2407 Rat.
1155 2356 1373 2407 Emend.
1396 2357 1563 2421 Legg.
1587 2371 1644 2409 Χ.
1670 2372 1721 2421 p.
1747 2362 1857 2409 168.
1893 2366 1950 2408 ut
1961 2359 2071 2422 jam
2096 2358 2316 2422 incipiat
2338 2357 2507 2407 oratio

290 2420 525 2485 Reguli,
548 2428 603 2470 et
626 2422 722 2471 sit:
760 2427 775 2450 ‘
796 2421 982 2472 Annon
1008 2421 1243 2486 periret,’
1265 2425 1364 2471 ἃς.
1429 2421 1483 2470 Is
1506 2436 1616 2480 nou,
1637 2423 1747 2471 sive
1771 2422 1856 2473 Sic
1876 2438 1969 2473 nou
1992 2423 2126 2487 conj.
2153 2423 2290 2474 idem
2314 2422 2508 2471 ibid.—

307 2490 372 2534 21
412 2485 619 2549 Dii-epto
642 2486 790 2535 Harl.
817 2491 862 2536 1.
886 2492 934 2538 2.
955 2491 1006 2536 4.
1029 2493 1078 2536 5.
1099 2491 1150 2536 6.
1181 2500 1358 2536 omnes
1398 2486 1553 2537 codd.
1595 2486 1828 2551 Cruquii,
1849 2488 2131 2547 Tot-rentii,
2166 2494 2222 2537 et
2255 2485 2512 2548 Lambini,

306 2550 589 2600 Pulmanni
614 2549 793 2601 Huun.
818 2551 1089 2602 Gemblac.
1115 2556 1161 2600 1.
1183 2552 1373 2600 Beller.
1390 2558 1447 2601 et
1464 2552 1675 2602 Diesth.
1697 2551 1868 2615 Lipss.
1893 2557 1940 2602 1.
1960 2556 2008 2601 3.
2045 2552 2263 2616 Francq.
2286 2550 2506 2600 Mentel.

306 2623 418 2665 tres
440 2616 774 2680 Bersmanni,
799 2617 955 2667 Dess.
982 2622 1028 2668 1.
1052 2620 1103 2667 2.
1126 2614 1423 2667 Helmstad.
1449 2617 1667 2666 Venett.
1691 2616 1937 2670 Glareau.
1961 2623 2017 2667 et
2041 2616 2160 2667 edd.
2182 2623 2305 2666 ante
2327 2614 2518 2684 Lamb.

1297 2748 1516 2800 NOTAE

378 2848 439 2895 17
473 2844 533 2896 Si
553 2861 648 2896 non
664 2848 844 2911 periret
873 2848 1223 2897 immiserabilis
1246 2848 1370 2912 Cap·

302 2923 407 2972 tiva
433 2923 600 2987 pubes]
632 2926 709 2976 Ut
752 2940 877 2990 ergo
914 2932 1076 2976 totam
1115 2925 1374 2976 duntaxat

308 2998 364 3048 in
389 3000 594 3058 virtute„
615 3009 671 3051 et
709 3003 866 3051 armis
899 3003 1023 3052 vitae
1044 3017 1191 3067 spem
1211 3001 1370 3052 colio·

309 3083 495 3128 carent
530 3071 740 3143 nillites,
773 3080 977 3131 volebat
1007 3095 1096 3130 eos
1134 3079 1223 3145 qui
1253 3092 1369 3129 sese

305 3153 561 3205 dedentes
595 3156 753 3206 vitam
784 3156 852 3207 ab
889 3158 1038 3206 hoste
1071 3156 1272 3220 precati
1290 3169 1371 3205 es-

306 3237 445 3293 sent,
468 3230 519 3279 ei
538 3232 795 3281 necandos
814 3232 1068 3296 permitti,
1089 3245 1188 3281 uec
1209 3246 1369 3295 quen·

309 3320 462 3372 quam
486 3307 701 3357 redimi:
737 3310 873 3373 quod
897 3309 1105 3374 quidem
1127 3314 1371 3358 sanxerat

309 3383 365 3433 et
401 3385 555 3434 Plato
589 3385 655 3434 de
681 3386 815 3449 Rep.
856 3400 908 3438 v.
952 3387 1062 3436 Cic.
1098 3385 1254 3436 Offic.
1280 3399 1368 3435 111.

307 3476 360 3511 n.
384 3467 498 3512 114.
550 3463 567 3491 ⁴
591 3462 733 3513 Octo
756 3463 1016 3513 hominum
1039 3463 1199 3513 millia
1222 3471 1369 3512 tene-

308 3539 402 3589 bat
438 3538 718 3597 Hannibal,
752 3555 854 3589 nou
894 3554 1025 3604 quos
1064 3540 1115 3588 in
1151 3539 1262 3587 acie
1287 3552 1372 3587 ce·

310 3615 495 3680 pisset,
527 3622 617 3666 aut
648 3617 735 3681 qni
760 3616 989 3679 periculo
1012 3615 1192 3664 mortis
1218 3611 1370 3668 diffu-

309 3693 527 3757 gissent,
548 3692 639 3742 sed
663 3693 753 3756 qui
776 3691 945 3742 relicti
970 3692 1020 3740 in
1045 3691 1226 3740 castris
1248 3689 1372 3739 fuis·

309 3774 430 3818 sent
450 3783 485 3817 a
503 3768 672 3819 Paulo
691 3777 746 3819 et
767 3769 1004 3818 Varrone
1027 3767 1371 3816 Consulibus:

309 3858 401 3893 eos
420 3845 640 3893 Senatus
660 3859 763 3894 non
786 3844 992 3894 censuit
1025 3841 1372 3905 redimemioS,

309 3933 429 3970 cnm
446 3919 499 3969 id
525 3934 687 3984 parva
701 3921 923 3984 pecunia
945 3919 1055 3969 fieri
1083 3918 1371 3983 potuisset:

307 4005 368 4048 ut
388 4003 527 4047 esset
547 3997 758 4046 insitum
776 3996 1023 4046 militibus
1048 3994 1256 4060 nostris,
1282 4003 1373 4045 aut

307 4074 538 4136 vincere,
570 4080 659 4123 aut
693 4074 871 4124 emori.
927 4074 1046 4125 Qua
1083 4073 1290 4137 quidem
1314 4088 1371 4124 re

310 4149 514 4202 audita⁴
541 4147 740 4199 fractus
786 4148 982 4199 animus
1040 4149 1371 4214 Hannibalis,

311 4226 450 4292 qnod
470 4226 695 4276 Senatus
711 4225 774 4276 Ρ.
796 4226 863 4278 Q.
895 4226 960 4274 R.
979 4225 1135 4276 rebus
1162 4224 1371 4277 afflictis

313 4310 422 4355 tam
445 4303 654 4354 excelso
677 4302 847 4353 animo
862 4300 1080 4353 fuisset?

1517 2851 1581 2896 18
1615 2847 1772 2910 Signa
1783 2863 1870 2910 ego
1886 2847 2104 2909 Punicis,
2125 2845 2234 2909 ξω]
2260 2844 2391 2894 Haec
2407 2845 2507 2894 Re·

1452 2925 1560 2988 guli
1585 2925 1744 2975 verba
1761 2932 1900 2987 sunt,
1933 2925 2094 2974 ullum
2129 2937 2244 2973 cum
2280 2920 2508 2972 hostibus

1450 3007 1660 3064 paetum
1698 2999 2045 3050 dissuadentis
2081 2999 2134 3047 in
2165 2999 2388 3058 Senatu3
2429 3010 2509 3045 os·

1450 3085 1703 3142 tensaque
1746 3077 1967 3127 militum
2000 3076 2241 3126 inertium
2287 3073 2510 3135 indigui·

1449 3161 1560 3204 tate
1585 3161 1640 3204 et
1662 3153 1867 3205 lionoris
1900 3152 2119 3203 Romani
2148 3151 2285 3208 labe,
2307 3164 2511 3200 omnem

1449 3246 1576 3293 erga
1619 3231 1735 3280 illos
1764 3229 2149 3279 ·misericordiae
2193 3242 2395 3277 sensum
2442 3241 2510 3276 ex

1447 3308 1620 3357 auimo
1660 3309 1969 3356 Senatorum
2000 3318 2240 3354 annovere
2267 3310 2512 3367 satagen-

1449 3384 1534 3434 tis.
1585 3385 1697 3447 Ego
1720 3384 1845 3440 vidi,
1878 3384 2064 3447 inquit,
2097 3381 2243 3445 signa
2280 3379 2512 3431 Romana

1447 3461 1670 3509 hostium
1689 3458 1920 3508 delubris
1944 3456 2118 3519 affixa,
2140 3457 2245 3505 vidi
2275 3471 2415 3505 arma
2435 3457 2509 3518 ig-

1448 3536 1594 3584 navis
1609 3535 1708 3584 illis
1725 3534 1970 3584 militibus
1987 3541 2189 3597 erepta,
2203 3547 2318 3596 quoe
2337 3538 2508 3581 tamen

1449 3625 1561 3676 prae
1582 3612 1691 3661 vita
1712 3625 1920 3661 servare
1943 3617 1996 3659 et
2020 3608 2154 3659 tueri
2178 3607 2477 3657 debuissent
2495 3625 2508 3655 ε

1449 3690 1555 3739 vidi
1579 3690 1718 3739 cives
1743 3689 2003 3739 Romanos
2029 3686 2218 3735 vinctis
2253 3692 2371 3749 post
2406 3692 2510 3734 ter·

1450 3780 1569 3830 gum
1594 3764 1829 3814 manibus
1850 3762 2042 3811 foedam
2071 3760 2380 3810 servitutem
2409 3760 2514 3824 glo·

1448 3843 1597 3891 riosae
1620 3841 1794 3898 morti,
1818 3837 1952 3904 quod
1976 3836 2122 3887 nefas
2146 3836 2402 3900 ingenuis,
2422 3848 2510 3884 an-

1448 3919 1754 3982 teposuisse.
2171 3920 2177 3925 '

1517 3999 1583 4044 19
1614 3994 1778 4060 Affixo
1799 3989 2027 4053 delubris]
2060 3990 2137 4039 Ex
2164 4001 2305 4038 more
2329 3988 2514 4051 veteri,

1452 4075 1541 4139 qui
1564 4073 1846 4122 etiamnum
1884 4070 2028 4134 viget
2064 4067 2200 4131 apud
2235 4067 2401 4117 varias
2421 4082 2511 4117 ua-

1452 4152 1650 4202 tiones:
1684 4158 1744 4200 ut
1775 4151 1852 4200 sic
1886 4154 2107 4213 accepta
2141 4147 2257 4197 Deo
2293 4146 2512 4200 victoria

1454 4227 1724 4282 referatur.
