3059 4909
538 345 669 410 416

1089 455 1117 506 r

888 505 1217 582 Romane,
1247 469 1420 569 do‘ue
1493 466 1752 586 tolmpla
1781 471 2111 575 refeceris,

1256 359 1321 419 Q.
1369 356 1687 408 HoRATn
1739 352 2005 403 maleel

2062 441 2082 486 Ι

972 591 1324 691 ΛΕᾶεέᾳιιθ
1353 586 1429 671 Ιᾶ
1471 585 1656 671 entes
1687 577 1980 668 Deoium
2040 606 2106 666 et

1059 693 1275 776 Fcssda
1305 673 1503 793 nigre<
1525 679 1888 772 simuldcra
1922 705 1957 768 f
2000 723 2132 769 mo.

892 814 1022 879 Dis
1053 819 1117 878 te
1145 813 1466 877 minorem
1501 811 1682 896 quod
1711 812 1910 894 geria,
1942 810 2277 889 imperas:
2694 801 2736 864 5

887 915 1070 980 Hinc
1099 934 1294 980 omne
1323 914 1743 999 principium,
1776 914 1908 977 huc
1938 911 2110 975 refer
2134 906 2409 971 exitum.

544 1105 747 1165 '‘1'st
767 1110 815 1155 et
834 1103 1026 1155 delubra
1055 1105 1297 1154 uminum
1328 1100 1613 1156 decidentia,
1634 1105 1776 1163 utque
1808 1099 2041 1163 imagines
2071 1104 2179 1148 atro
2198 1075 2414 1161 squalore
2445 1094 2739 1154 defui-taulus.

548 1171 761 1234 Regma,
802 1170 914 1235 qaia
944 1175 993 1220 te
1024 1175 1228 1233 pra-stas
1269 1168 1542 1227 inferiorem
1587 1165 1871 1215 numinibus.
1938 1166 2061 1214 Inde
2097 1177 2229 1212 omne
2261 1162 2573 1226 primordium
2587 1174 2603 1207 .·
2635 1158 2738 1206 illac

1481 1307 1818 1332 cananeae&

550 1412 792 1462 Hortatur
812 1413 1051 1464 Romanos
1082 1415 1146 1462 ad
1177 1417 1302 1463 recte
1321 1413 1686 1463 vicendium—8
1719 1413 1958 1474 AEdesque
1986 1410 2196 1459 labantes
2228 1406 2410 1456 Basill.
2433 1407 2581 1453 1527.
2606 1406 2742 1452 1632.

550 1475 797 1528 Glarean.
824 1483 968 1528 1536.
1004 1486 1059 1528 et
1094 1479 1207 1527 aliae
1232 1477 1462 1542 quaedam
1502 1482 1730 1526 vem—5
1767 1476 1864 1526 Dis
1885 1481 1933 1525 te
1948 1475 2176 1524 minorem
2196 1488 2285 1535 quo
2303 1471 2437 1533 geris
2457 1469 2743 1543 Meutel.†

548 1544 581 1588 6
617 1541 729 1590 Huc
749 1557 882 1592 omne
901 1543 1084 1593 mallet
1104 1543 1428 1593 Torrentius.
1482 1546 1497 1571 ⁶
1515 1542 1651 1592 Hinc
1671 1540 1852 1591 exitum
1873 1554 2053 1590 omnem
2073 1539 2164 1589 linc
2181 1536 2470 1601 principiam
2490 1533 2622 1594 refer
2640 1546 2748 1597 qni·

1537 1687 1752 1739 NOTAE

546 1796 753 1854 patrum
781 1789 836 1837 in
869 1787 1023 1852 filios,
1051 1789 1104 1838 iu
1139 1788 1345 1840 tertiam
1369 1795 1425 1838 et
1448 1802 1603 1853 quar·
1685 1796 1740 1839 et
1761 1788 1941 1839 dentes
1962 1786 2182 1838 filiorum
2199 1784 2600 1847 obstupuerunt.
2647 1779 2748 1830 Sed

546 1874 654 1916 tam
673 1866 1056 1929 generationem
1079 1880 1255 1916 eorum
1277 1867 1365 1931 qui
1383 1866 1607 1915 oderunt
1686 1863 2031 1929 unusquisqne
2073 1863 2125 1911 in
2171 1859 2447 1924 iniquitate
2498 1872 2592 1906 aua
2647 1870 2750 1905 mo·

546 1958 657 1992 me:
695 1950 749 1993 et
772 1942 971 1993 faciens
995 1943 1395 1994 misericordiam
1418 1944 1469 1992 iu
1496 1943 1606 1992 mil-

543 2020 614 2070 lia
637 2020 716 2069 his
740 2021 826 2084 qui
846 2019 1071 2084 diligunt
1094 2034 1192 2083 me,
1223 2027 1278 2069 et
1306 2019 1609 2070 custodiunt

547 2107 817 2165 praecepta
835 2099 984 2150 mea.’
1039 2099 1187 2150 Idem
1214 2101 1471 2165 repetitur
1492 2114 1614 2166 cap.

547 2189 750 2225 xxxiv.
786 2190 896 2239 seq.
929 2182 985 2225 et
1014 2176 1387 2227 Deuteronom.
1411 2191 1529 2241 cap.
1551 2191 1612 2227 V.

548 2254 645 2300 ὅτε.
666 2251 1008 2314 posteriorem
1026 2253 1177 2302 istam
1195 2253 1469 2303 senteutioe
1492 2268 1613 2317 par-

552 2336 657 2377 tem
682 2328 891 2377 videtur
912 2343 1117 2394 quoque
1135 2331 1448 2394 expressisse
1469 2330 1613 2380 Aris-

549 2403 744 2453 toteles
782 2403 999 2455 Rhetor.
1031 2403 1095 2454 ad
1120 2405 1274 2456 Alex.
1309 2421 1426 2471 cap.
1450 2410 1499 2456 3.
1524 2407 1616 2457 ubi

548 2479 753 2540 scribit,
793 2493 1000 2544 aequum
1045 2494 1161 2530 esse
1208 2488 1264 2530 ut
1303 2481 1614 2532 benevolen-

548 2556 708 2606 tiores
733 2556 820 2605 Dii
844 2557 948 2607 sint
972 2558 1026 2609 iu
1049 2571 1157 2620 eos,
1188 2572 1218 2607 a
1237 2556 1423 2623 quibus
1444 2559 1611 2623 magis

550 2632 809 2682 coluntur.

615 2708 837 2771 Delicta]
871 2709 926 2758 Is
952 2724 1175 2773 peccare
1198 2709 1392 2761 dicitur
1422 2711 1511 2776 qui
1539 2711 1614 2760 vi·

548 2799 631 2834 am
660 2796 859 2835 rectam
884 2786 1159 2851 delinquit,
1181 2795 1238 2858 et
1260 2802 1292 2836 a
1313 2787 1443 2851 legis
1476 2802 1613 2852 prae-

552 2862 753 2926 scripto
776 2862 991 2913 recedit.
1213 2911 1224 2918 ,

615 2939 887 2988 Ιηιωεάιιω
907 2938 1027 3003 lues]
1045 2940 1336 2990 Deuteron.
1356 2953 1515 2990 xxiv.
1534 2945 1615 2991 16.

551 3013 570 3041 ‘
585 3015 635 3065 N
641 3029 704 3063 nu
730 3015 1036 3065 occidentur
1056 3024 1231 3080 patres
1247 3031 1343 3082 pro
1363 3015 1498 3082 filiis,
1513 3032 1614 3067 nec

548 3088 643 3139 filii
690 3104 786 3155 pro
825 3091 1093 3154 patribus;
1127 3093 1222 3143 sed
1267 3095 1613 3160 unusquisque

551 3179 649 3230 pro
691 3173 915 3230 peccato
958 3181 1050 3217 suo
1092 3167 1381 3217 morietur.'
1461 3168 1614 3219 Idem

548 3241 769 3291 babetur
806 3256 881 3292 iv.
918 3242 1049 3306 Reg.
1077 3256 1195 3292 xiv.
1217 3249 1267 3294 6.
1302 3246 1317 3272 ‘
1345 3245 1465 3294 Non
1506 3262 1612 3295 mo-

549 3317 750 3367 rientur
780 3318 870 3368 filii
906 3333 1000 3382 pro
1035 3320 1306 3385 patribus‚’
1330 3323 1429 3371 ὅτε.
1473 3323 1610 3371 Eze-

549 3394 704 3443 chiel.
735 3409 852 3457 cap.
880 3408 1044 3445 xvtu.
1079 3399 1096 3426 ⁶
1122 3397 1277 3447 Filius
1311 3413 1412 3447 non
1434 3408 1611 3462 porta·

551 3469 634 3519 bit
654 3470 979 3535 iniquitatem
1005 3472 1164 3536 patris
1183 3508 1196 3522 .
1220 3507 1233 3522 .
1254 3507 1269 3523 .
1291 3474 1461 3526 anima
1491 3489 1610 3539 quae

551 3547 875 3609 peccaverit,
897 3547 1011 3610 ipsa
1028 3549 1317 3599 morietur!
1364 3551 1435 3599 Et
1457 3552 1612 3614 paulo

553 3628 704 3672 ante:
739 3624 757 3651 ‘
781 3624 922 3675 Quid
948 3633 1029 3674 est
1052 3625 1188 3690 quod
1221 3626 1361 3675 inter
1396 3642 1486 3676 vos
1524 3643 1614 3691 pa-

550 3697 781 3747 rabolam
824 3699 1028 3750 vertitis
1072 3701 1124 3750 iu
1171 3702 1499 3764 proverbium
1545 3705 1614 3751 is·

553 3774 664 3839 tud,
686 3776 738 3825 in
765 3783 908 3826 terra
924 3776 1385 3839 Israel,dicentes:
1427 3782 1614 3830 Patres

550 3852 890 3902 comederunt
926 3868 1075 3903 uvam
1114 3855 1376 3919 acerbam,
1403 3865 1458 3906 et
1486 3856 1613 3905 den·

550 3935 633 3978 tes
668 3927 888 3980 filiorum
926 3929 1352 3996 obstupescunt?
1383 3934 1486 3982 &m
1524 3934 1612 3983 ubi

550 4003 735 4054 Chald.
761 4006 782 4033 ‘
808 4007 995 4055 Patres
1020 4015 1402 4069 peccaverunt:
1438 4017 1496 4058 et
1517 4008 1613 4059 filii

1690 1940 1885 1990 rietur:
1938 1939 2102 1989 omnis
2139 1939 2290 1987 homo
2335 1937 2423 2001 qui
2463 1933 2752 1984 comederit

1689 2032 1840 2066 uvam
1864 2016 2122 2080 acerbaQ
2150 2015 2533 2078 obstupescent
2565 2012 2750 2061 dentes

1689 2093 1841 2159 ejus.’

1754 2175 1786 2220 2
1811 2171 1981 2220 Donec
1999 2170 2172 2233 templa
2189 2166 2432 2230 refeceris]
2451 2167 2558 2217 Seu
2585 2171 2753 2215 vetus-

1690 2254 1799 2298 tate
1811 2247 2058 2312 collapsa,
2068 2262 2157 2296 seu
2173 2246 2424 2295 bellorum
2436 2244 2515 2294 civ
2524 2244 2670 2293 ilium
2683 2243 2755 2291 in·

1689 2322 1876 2374 cendio
1900 2330 2163 2387 correpta,
2187 2319 2521 2381 labefactata,
2540 2317 2752 2373 foedatm

1691 2399 1961 2458 absunita3
1997 2399 2121 2463 quin
2159 2405 2214 2447 et
2248 2396 2502 2446 victorum
2537 2394 2756 2444 avaritia

1692 2479 1918 2543 direpta.
1985 2479 2104 2530 Quo
2128 2484 2334 2541 spectat
2359 2476 2410 2525 id
2437 2474 2578 2539 quod
2603 2483 2684 2524 est
2716 2486 2752 2523 1.

1694 2555 1798 2606 Od.
1823 2560 1906 2605 35.
1939 2556 1956 2585 ⁶
1983 2555 2120 2608 Quid
2156 2554 2410 2605 intactum
2442 2552 2639 2603 nefasti
2673 2553 2752 2601 Li-

1693 2632 1924 2696 quimus?
1959 2631 2094 2681 unde
2126 2635 2305 2681 maniis
2332 2631 2583 2694 juventus
2605 2629 2752 2679 Metu

1692 2707 1928 2757 Deorum
1961 2707 2250 2758 continuit?
2315 2706 2517 2759 Quibus
2558 2705 2754 2770 Peper-

1691 2783 1766 2833 cit
1790 2783 1943 2832 aris?'
2015 2785 2179 2835 Porro
2212 2783 2352 2848 quod
2386 2783 2492 2843 bic,
2524 2782 2753 2846 itemque

1692 2874 1732 2909 ι.
1757 2859 1966 2910 Od.·15.
2000 2861 2096 2911 sub
2118 2859 2295 2923 finem,
2319 2860 2455 2909 dixit
2477 2860 2754 2919 Horatius,

1694 2943 1861 2987 totum
1903 2937 2076 3001 vergit
2106 2938 2159 2987 in
2193 2936 2397 2987 landem
2419 2945 2475 2986 et
2498 2950 2756 2987 commen·

1693 3012 1955 3062 dationem
1981 3011 2226 3077 Augusti,
2248 3013 2334 3078 qui
2367 3028 2469 3064 uon
2492 3013 2651 3062 modo
2681 3027 2755 3061 sa·

1692 3101 1807 3136 cras
1838 3087 1980 3137 aedes
2003 3088 2117 3152 ipse
2139 3089 2330 3139 multas
2358 3089 2645 3152 exstruxit,
2665 3087 2754 3138 sed

1693 3171 1750 3213 et
1793 3171 2000 3214 ceteros
2037 3165 2299 3230 principes
2337 3166 2474 3215 viros
2523 3165 2757 3216 hortatus

1694 3247 1793 3303 est,
1837 3251 1897 3290 ut
1928 3256 2033 3305 ,pro
2076 3238 2330 3291 facultate
2373 3241 2597 3306 quisque
2643 3238 2757 3290 refl-

1696 3324 1896 3377 cerent,
1938 3316 2263 3375 excolerent,
2304 3316 2658 3367 adornarent:
2703 3322 2756 3364 ut

1697 3395 1714 3424 ‘
1730 3395 1854 3459 jure
1878 3395 2124 3460 gloriatus
2160 3397 2229 3445 sit
2262 3397 2439 3447 urbem
2463 3411 2518 3445 se
2543 3409 2754 3444 marmo-

1698 3485 1839 3521 ream
1863 3472 2174 3535 relinquere,
2191 3487 2344 3537 quam
2369 3472 2653 3521 lateritiam
2676 3485 2757 3520 ac-

1700 3547 1966 3612 cepisset.'
2030 3550 2240 3597 Sueton-
2278 3549 2472 3598 Octav.
2518 3563 2638 3613 cap.
2677 3550 2755 3595 28.

1696 3632 1751 3675 et
1772 3629 1854 3675 29.

1762 3709 1792 3752 5
1827 3703 1924 3753 Dis
1958 3707 2005 3753 te
2035 3703 2264 3752 minoren
2289 3704 2411 3765 quod
2437 3703 2593 3764 geris,
2615 3702 2755 3765 impe-

1695 3780 1800 3844 ras]
1835 3780 2094 3833 Quoniam
2127 3780 2243 3843 pius
2267 3795 2321 3828 es
2345 3780 2398 3827 iu
2423 3780 2591 3841 Deos,
2613 3792 2755 3843 quos,

1695 3864 1756 3904 ut
1792 3855 1967 3914 decet,
2010 3856 2256 3907 observas
2296 3862 2353 3905 et
2382 3857 2531 3917 colis,
2565 3855 2755 3905 idcirco

1694 3933 1977 3997 Imperium
1997 3933 2138 3984 orbis
2157 3933 2252 3983 tibi
2272 3934 2464 3983 donant
2484 3933 2579 3984 illi.
2624 3932 2753 3982 Haec

1694 4010 1759 4060 ad
1785 4011 2079 4076 Augustum
2099 4025 2224 4060 sane
2247 4010 2535 4075 pertinent,
2557 4008 2626 4060 de
2656 4021 2754 4074 qno

555 4081 837 4144 vapulant.'
899 4081 986 4130 Sic
1025 4088 1080 4129 et
1114 4082 1311 4133 Jerem.
1334 4096 1504 4134 xxxx.
1527 4090 1613 4135 29.
1683 4086 1797 4149 jam
1821 4101 1860 4138 1.
1886 4087 1987 4137 od.
2014 4091 2091 4136 12.
2133 4087 2242 4136 ‘Te
2275 4087 2444 4136 minor
2478 4085 2642 4137 latum
2676 4099 2753 4136 re·

551 4160 570 4187 ‘
596 4157 662 4205 In
705 4156 885 4207 diebus
928 4157 1028 4206 illis
1072 4172 1172 4208 non
1216 4158 1394 4210 dicent
1437 4162 1608 4211 ultra:

555 4231 743 4282 Patres
766 4232 1109 4285 comederunt
1148 4249 1298 4286 uvam
1341 4237 1609 4314 acerbam,

1693 4173 1786 4229 get
1808 4179 1988 4229 aequus
2013 4163 2229 4214 orbem!

1756 4243 1789 4290 6
1823 4239 1957 4291 Hinc
2003 4254 2139 4292 omne
2178 4238 2494 4306 principiam]
2541 4239 2648 4291 cic.
2686 4237 2748 4288 da
