3059 4909
1050 334 1461 384 cARffler
1519 336 1664 387 ms.
1712 340 1792 390 ιι.
1836 324 1900 390 2.

2458 325 2587 392 261

737 445 1000 542 Crescit
1029 477 1376 563 indulgens
1406 480 1537 546 sibi
1566 481 1751 548 dirus
1781 483 2095 571 hydropS‚

738 580 887 646 Nec
918 582 1099 646 sitim
1129 582 1347 667 pellit,
1377 584 1505 649 nisi
1536 590 1988 655 causa'morbi

734 682 1007 767 Fugerit
1040 684 1248 763 venie,
1279 691 1350 750 et
1378 705 1678 770 aquosus
1713 690 1870 756 albo

1249 789 1540 874 Corpore
1569 791 1862 875 languor.
1890 820 1897 828 ·

730 887 1099 956 Redditum
1128 891 1287 978 Cyri
1319 893 1492 959 solio
1525 894 1880 975 Phraaten,

385 1054 653 1118 hydropisis
685 1056 779 1105 sibi
814 1057 1024 1119 largiens
1050 1048 1355 1120 ingravescit,
1390 1074 1537 1124 neque
1566 1061 1701 1110 sitim
1735 1061 2001 1126 compescit,
2035 1064 2178 1113 donec
2209 1078 2235 1113 e
2274 1063 2407 1112 venis
2441 1063 2579 1126 origo

385 1120 517 1200 mali,
550 1126 601 1171 et
628 1136 774 1185 aquea
810 1124 1044 1185 ‹egritudo
1080 1126 1283 1188 pollente
1321 1140 1510 1189 corpore
1548 1128 1822 1189 depellatur.
1893 1128 2059 1178 Virtus
2096 1129 2265 1193 populo
2302 1129 2582 1179 dissentiens

1311 1254 1671 1277 OOOOOOOOOOOO

386 1346 516 1381 nnus
544 1333 731 1383 Bland.
753 1340 808 1384 et
839 1335 1005 1386 Mald.
1032 1336 1188 1401 Cruq.
1233 1340 1399 1403 durus,
1423 1345 1478 1389 et
1501 1339 1731 1390 Floreat.
1773 1340 1886 1389 cilis
1914 1339 2263 1404 hydropa—l?
2300 1336 2466 1388 Codd.
2489 1353 2582 1404 ap.

391 1398 510 1448 Jani
532 1400 755 1464 variant,
781 1400 1080 1465 Phruhaten,
1102 1402 1384 1467 Proholem,
1417 1405 1689 1461 Phruotem,
1726 1405 2013 1463 Phrahoten,
2036 1404 2340 1464 Phr-amem,
2363 1404 2586 1453 Phrour-

386 1468 483 1522 τοι,
506 1472 559 1514 et
582 1464 920 1531 Phrahartem,
945 1473 1004 1516 ut
1025 1468 1078 1518 in
1099 1468 1329 1522 Florent.
1392 1470 1642 1521 Phraaten
1662 1470 1908 1521 Glareau.
1930 1473 2080 1520 1⁵36.
2144 1469 2417 1519 phraortes
2440 1469 2575 1533 conj.

1372 1598 1589 1659 NQTAE

384 1751 389 1758 υ
448 1695 508 1754 la
546 1692 730 1752 Crescit
762 1694 1011 1758 indulgens
1047 1695 1140 1745 sibi
1177 1698 1311 1747 dirus
1352 1698 1442 1761 Ity-

382 1767 541 1830 draps,
580 1768 685 1832 ξω]
739 1770 884 1819 Trita
935 1772 1237 1837 similitudo,
1287 1789 1440 1839 quam

379 1846 651 1908 eleganter
669 1846 879 1898 adhibet
898 1848 1081 1911 Poe'ta,
1103 1856 1160 1899 at
1182 1851 1293 1900 siue
1316 1865 1441 1915 apo·

382 1920 512 1980 dosi,
547 1928 604 1971 ut
641 1923 768 1973 alias
806 1939 966 1988 saepe.
1023 1925 1175 1976 Hanc
1203 1940 1326 1976 vero
1363 1927 1439 1977 sic

380 1997 505 2048 licet
542 2001 805 2064 supplere.
862 2000 1173 2066 Hydropisis
1210 2017 1309 2051 nou
1354 2016 1440 2053 cu·

381 2082 540 2132 ratur,
564 2075 718 2126 immo
740 2077 971 2127 irritatur
994 2092 1242 2143 aquarum
1278 2085 1436 2140 potu:

380 2150 455 2201 sic
477 2153 695 2201 avaritia
725 2161 782 2203 et
803 2154 1064 2217 cupiditas
1101 2156 1335 2218 augescit
1354 2169 1440 2205 ue·

380 2226 498 2276 dum
516 2229 739 2278 satietur
753 2244 908 2294 opum
928 2232 1244 2282 accessione.
1279 2231 1437 2284 Juve-

381 2304 478 2355 nal.
520 2306 635 2356 Sat.
673 2319 792 2356 xiv.
833 2310 947 2357 139.
1013 2314 1029 2336 ·
1053 2308 1258 2359 Crescit
1296 2324 1438 2359 amor

379 2385 594 2443 nummi,
628 2390 872 2447 quantum
904 2386 1016 2448 ipsa
1050 2386 1272 2449 pecunia
1298 2401 1439 2437 cres-

375 2458 487 2510 cit!
537 2459 697 2510 Ovid.
721 2460 860 2510 Fast.
885 2475 923 2510 t.
942 2465 1058 2512 211.
1111 2465 1127 2492 ‘
1146 2463 1439 2513 Creveruut

379 2544 436 2584 et
459 2549 603 2600 opes,
621 2543 682 2605 et
709 2550 866 2601 opum
886 2536 1081 2587 furiosa
1104 2539 1329 2603 cupido:
1365 2540 1439 2589 Et

376 2606 494 2661 curii
528 2612 828 2675 possideant
867 2613 1107 2678 plurima,
1146 2616 1300 2678 plura
1345 2629 1436 2680 pe-

378 2694 515 2739 tunt.
529 2689 619 2739 Sic
634 2690 819 2754 quibus
837 2689 1084 2739 intumuit
1100 2689 1296 2742 suffusa
1313 2707 1437 2743 ven·

379 2773 461 2817 ter
515 2767 582 2816 ab
627 2765 785 2828 unda,
821 2769 937 2821 Quo
975 2768 1092 2832 plus
1127 2775 1246 2819 sunt
1282 2777 1438 2836 potae,

376 2847 495 2910 plus
518 2846 764 2895 sitiuntur
794 2844 983 2909 aquoess

441 2922 695 2987 Hyan-ope]
716 2923 776 2971 M
780 2922 1057 2986 etonymia,
1071 2936 1182 2986 pro,
1194 2921 1438 2987 hydropi·

375 3014 484 3050 cns.
507 2999 710 3049 Nomen
721 3013 752 3048 a
763 3000 952 3050 Graeco
962 2998 1093 3064 ὕδωρ,
1104 3016 1227 3065 aqua
1239 3016 1256 3051 .·
1270 3000 1440 3066 δδρωψ,

375 3076 606 3141 morbus,
641 3076 840 3126 Latinis
877 3092 1004 3140 aqua
1038 3077 1284 3128 intercus:
1323 3079 1439 3143 ejus

375 3169 479 3205 uon
516 3170 619 3205 una
650 3155 882 3217 species:
932 3156 1437 3220 leucopblegmatian

376 3231 611 3283 iudicant
640 3234 720 3283 hae
755 3247 935 3283 voces:
969 3248 1168 3296 aquosus
1187 3232 1292 3282 albo
1317 3234 1437 3282 Cor·

368 3322 486 3372 pore
507 3310 733 3371 languor.-
755 3308 960 3374 quando
981 3322 1169 3371 nempe
1185 3315 1436 3373 corrupto

367 3386 553 3451 jecore
570 3386 652 3436 vel
663 3385 843 3449 splene
860 3399 962 3434 uon
979 3383 1304 3435 convertitur
1317 3386 1435 3450 chy·

374 3464 453 3513 lus
488 3463 541 3513 in
576 3462 895 3524 sauguinem,
917 3461 1007 3510 sed
1034 3461 1244 3511 humore
1267 3475 1435 3526 aqueo

378 3539 646 3603 replentur
664 3539 1031 3601 venaeuliaque
1053 3537 1246 3588 minora
1267 3539 1435 3602 spatia

375 3614 629 3680 corporis,
640 3614 774 3679 quod
786 3628 849 3663 eo
859 3613 1037 3663 morbo
1048 3613 1281 3664 albescit.
1307 3614 1433 3666 Coel.

377 3691 598 3755 Rbodig.
630 3703 789 3740 xxvr.
827 3694 880 3739 3.
909 3691 925 3718 ‘
951 3689 1306 3753 Hydropiseos
1331 3697 1435 3740 ter-

375 3769 501 3818 tiam
538 3761 766 3831 speciem
807 3766 988 3817 Celsus
1022 3765 1437 3828 leucophlegma-

376 3844 484 3893 tian
524 3849 707 3893 vocata
742 3856 835 3892 nos
875 3842 1043 3892 albam
1080 3840 1323 3905 pituitam
1357 3840 1436 3890 di·

374 3933 499 3971 cere
544 3917 849 3983 possumus:
882 3920 982 3970 διο.
1017 3917 1107 3967 ubi
1141 3924 1198 3967 et
1232 3923 1437 3968 ceteras

375 3997 487 4061 ejus
527 3994 690 4045 morbi
721 3994 941 4059 species,
980 3995 1248 4060 variasque
1282 3991 1438 4045 affec·

378 4076 547 4125 tiones
584 4071 698 4124 fuse
723 4074 882 4138 juxta
907 4079 967 4124 et
997 4073 1150 4124 docte
1174 4074 1437 4139 persequi·

378 4159 481 4201 tur.
536 4150 743 4200 Pariter
765 4158 822 4200 et
849 4150 1205 4201 Sammonicus
1231 4149 1331 4200 rite
1353 4164 1437 4201 ca-

377 4230 485 4282 nitz
519 4229 537 4259 ‘
561 4228 807 4294 Corrupti
820 4226 1014 4292 jecoris
1035 4226 1164 4278 vitio
1194 4229 1276 4278 vel
1299 4228 1435 4294 sple-

1523 1698 1623 1756 nis,
1661 1696 1882 1748 acerbus
1926 1695 2130 1750 Crescit
2170 1694 2430 1759 hydrops:
2491 1698 2585 1743 aut

1521 1789 1639 1825 cum
1683 1774 1894 1828 siccatoe
1937 1772 2089 1824 febre
2133 1770 2369 1821 medullae
2404 1769 2584 1836 Atque

1521 1850 1688 1900 avidae
1712 1849 1889 1902 fauces
1922 1848 2148 1914 gelidum
2182 1856 2389 1897 traxere
2418 1846 2587 1911 liquo-

1506 1941 1649 1990 ·rem,
1668 1927 1802 1977 Tum
1822 1926 2028 1991 lympha
2046 1926 2295 1985 intercus,
2314 1922 2441 1972 vitio
2463 1922 2585 1986 glis-

1519 2012 1695 2071 cente,
1730 2004 1992 2065 tumescit‚
2020 2002 2309 2053 Secerueus
2342 2000 2581 2049 miseram

1520 2083 1734 2148 proprio
1755 2079 1823 2131 de
1848 2079 2048 2130 viscere
2073 2074 2303 2142 pellem.’

1585 2162 1645 2208 17
1683 2158 1941 2208 Redditum
1989 2156 2110 2221 Cyri
2163 2153 2277 2208 solio
2313 2152 2578 2215 Phraaten,

1516 2237 1625 2302 ξω]
1646 2238 1720 2287 Ut
1742 2251 1894 2302 porro
1912 2234 2157 2286 ostendat
2176 2248 2278 2284 nou
2296 2246 2386 2283 eos
2404 2245 2582 2281 omnes

1520 2327 1740 2376 regnare
1778 2311 1870 2363 a‘ut
1901 2312 2083 2362 beatos
2119 2325 2237 2361 esse
2259 2309 2346 2375 qui
2378 2307 2580 2373 populis

1521 2394 1751 2453 praesuut
1762 2394 1819 2436 et
1830 2387 2108 2451 imperant,
2118 2382 2270 2436 affert
2284 2398 2431 2434 exem
2439 2383 2578 2447 plum
2633 2430 2646 2437 Ι

1522 2464 1784 2525 Phraatis,
1799 2462 1886 2528 qui
1901 2462 2028 2513 licet
2045 2462 2098 2509 ia
2118 2474 2331 2524 regnum
2347 2459 2416 2509 sit
2433 2458 2584 2507 resti·

1519 2546 1686 2603 tutus,
1703 2547 1879 2590 tamen
1900 2539 2022 2604 quia
2042 2536 2323 2588 sceleribus
2344 2535 2580 2601 inquina-

1516 2625 1603 2668 rat
1622 2632 1754 2679 sese,
1776 2616 1984 2668 minime
2007 2612 2298 2664 censendus
2328 2613 2378 2662 in
2401 2612 2581 2662 beato-

1515 2712 1628 2747 rum
1666 2710 1901 2746 numero.
1982 2692 2163 2758 Atque
2189 2692 2327 2740 hinc
2374 2689 2579 2740 virtutis

1516 2772 1828 2824 documenta
1842 2770 2058 2820 instillat
2073 2769 2279 2831 Crispo,
2290 2782 2353 2817 ne
2366 2772 2581 2831 propter

1518 2864 1765 2901 summam
1781 2847 1917 2912 apud
1936 2847 2169 2897 Caesares
2186 2843 2422 2908 gratiam,
2440 2843 2583 2906 plus-

1517 2926 1691 2977 culum
1714 2924 1934 2975 fortuna
1966 2922 2169 2984 credat,
2200 2921 2368 2969 miuus
2402 2924 2579 2969 autem

1518 3002 1702 3054 virtuti
1723 3002 1988 3051 inuitatur.
2022 2998 2102 3048 De
2124 3012 2189 3047 eo
2206 2997 2375 3047 Tacit.
2392 2994 2586 3060 Annal.

1520 3093 1562 3130 ι.
1583 3083 1599 3110 ‘
1616 3077 1889 3129 Sallustius
1902 3076 2117 3138 Crispus
2134 3073 2393 3138 particeps
2410 3084 2582 3122 secre-

1517 3154 1722 3217 torum,’
1742 3158 1843 3206 &m
1889 3152 2080 3203 Annal.
2102 3165 2165 3201 11.
2188 3150 2206 3181 ⁶
2226 3149 2463 3199 Tiberius
2487 3161 2578 3197 an·

1516 3232 1666 3297 cipiti
1710 3245 1834 3281 cura
1868 3228 2152 3279 distractus
2191 3232 2454 3289 postremo
2488 3224 2581 3275 dat

1515 3307 1780 3373 negotium
1817 3304 2067 3357 Sallustio
2111 3300 2338 3366 Crispo‚'
2374 3300 2581 3351 scilicet

1514 3385 1793 3438 coercendi
1811 3384 2152 3436 Clementem,
2167 3392 2371 3448 servum
2387 3375 2581 3440 Agrip-

1517 3478 1620 3528 pae,
1635 3461 1842 3513 nomine
1856 3458 2133 3521 habituque
2149 3460 2375 3504 assumto
2388 3466 2471 3501 res
2488 3466 2581 3501 no·

1518 3555 1607 3591 vas
1620 3540 1937 3589 molientem.
1959 3534 2147 3585 Annal.
2160 3544 2247 3581 ιιι.
2261 3530 2349 3579 cit.
2380 3527 2578 3577 Sallus-

1517 3617 1621 3666 tius
1655 3617 1671 3644 ‘
1688 3613 1932 3665 incolumi
1959 3611 2273 3669 Maeceuate,
2297 3603 2580 3670 proximus,

1514 3707 1637 3741 mox
1661 3689 1978 3755 praecipuus,
2001 3685 2087 3735 cui
2121 3688 2322 3732 secreta
2345 3680 2580 3743 Impera-

1519 3777 1692 3818 torum
1723 3764 2105 3822 iunitereutur3
2142 3766 2199 3808 et
2232 3755 2583 3806 interficiendi

1520 3840 1757 3895 Postumi
1810 3837 2059 3902 Agrippae
2108 3834 2364 3898 conscius,
2420 3840 2581 3882 aetate

1518 3923 1794 3985 provecta,
1814 3915 2044 3979 speciem
2072 3911 2234 3975 magis
2266 3911 2319 3960 iu
2352 3910 2583 3962 amicitia

1515 3993 1802 4058 Principis,
1834 4006 1985 4057 quam
2026 3991 2125 4039 vim
2159 3987 2345 4039 tenuit.
2409 3985 2579 4052 quue

1515 4079 1575 4124 et
1605 4069 1891 4122 Maecenati
1915 4066 2213 4130 acciderat3
2245 4063 2359 4116 fato
2390 4070 2576 4130 poten·

1519 4151 1632 4213 tiae,
1652 4162 1770 4199 raro
1792 4143 2157 4210 sempiternae?

1589 4226 1709 4290 Cyri
1727 4224 1866 4290 solio]
1902 4221 2245 4287 Metonymia,
2279 4225 2447 4270 totum
2483 4232 2577 4284 pro
