<?xml version="1.0" encoding="UTF-8"?>
<!DOCTYPE html PUBLIC "-//W3C//DTD XHTML 1.0 Transitional//EN"
    "http://www.w3.org/TR/xhtml1/DTD/xhtml1-transitional.dtd">
<html xmlns="http://www.w3.org/1999/xhtml" xml:lang="en" lang="en">
 <head>
  <title>
</title>
<meta http-equiv="Content-Type" content="text/html;charset=utf-8" />
  <meta name='ocr-system' content='tesseract 3.04.00' />
  <meta name='ocr-capabilities' content='ocr_page ocr_carea ocr_par ocr_line ocrx_word'/>
</head>
<body>
  <div class='ocr_page' id='page_1' title='image "./quintihoratiifl00unkngoog_0431.png"; bbox 0 0 3059 4909; ppageno 0'>
   <div class='ocr_carea' id='block_1_1' title="bbox 1002 420 2542 494">
    <p class='ocr_par' dir='ltr' id='par_1_1' title="bbox 1002 420 2542 494">
     <span class='ocr_line' id='line_1_1' title="bbox 1002 420 2542 494; baseline 0.018 -27"><span class='ocrx_word' id='word_1_1' title='bbox 1002 421 1413 472; x_wconf 76' lang='lat' dir='ltr'>GARMtNtJM</span> <span class='ocrx_word' id='word_1_2' title='bbox 1465 427 1611 477; x_wconf 76' lang='lat' dir='ltr'>Lm.</span> <span class='ocrx_word' id='word_1_3' title='bbox 1658 432 1769 483; x_wconf 82' lang='grc' dir='ltr'>ιιι.</span> <span class='ocrx_word' id='word_1_4' title='bbox 1810 420 1886 483; x_wconf 79' lang='grc'>6.</span> <span class='ocrx_word' id='word_1_5' title='bbox 2415 428 2542 494; x_wconf 78' lang='grc'>421</span> 
     </span>
    </p>
   </div>
   <div class='ocr_carea' id='block_1_2' title="bbox 701 557 1921 864">
    <p class='ocr_par' dir='ltr' id='par_1_2' title="bbox 701 557 1921 864">
     <span class='ocr_line' id='line_1_2' title="bbox 701 557 1921 656; baseline 0.02 -35"><span class='ocrx_word' id='word_1_6' title='bbox 701 557 970 626; x_wconf 82' lang='lat' dir='ltr'>Matura</span> <span class='ocrx_word' id='word_1_7' title='bbox 992 564 1213 648; x_wconf 81' lang='lat' dir='ltr'>virg03</span> <span class='ocrx_word' id='word_1_8' title='bbox 1254 574 1321 635; x_wconf 84' lang='lat' dir='ltr'>et</span> <span class='ocrx_word' id='word_1_9' title='bbox 1350 570 1616 656; x_wconf 86' lang='lat' dir='ltr'>fingitur</span> <span class='ocrx_word' id='word_1_10' title='bbox 1645 579 1921 645; x_wconf 83' lang='lat' dir='ltr'>artubus</span> 
     </span>
     <span class='ocr_line' id='line_1_3' title="bbox 780 661 1881 747; baseline 0.019 -22"><span class='ocrx_word' id='word_1_11' title='bbox 780 661 827 724; x_wconf 87' lang='lat' dir='ltr'><strong>J</strong></span> <span class='ocrx_word' id='word_1_12' title='bbox 831 681 938 728; x_wconf 84' lang='lat' dir='ltr'>am</span> <span class='ocrx_word' id='word_1_13' title='bbox 968 684 1165 747; x_wconf 87' lang='lat' dir='ltr'>nunc,</span> <span class='ocrx_word' id='word_1_14' title='bbox 1198 676 1270 733; x_wconf 89' lang='lat' dir='ltr'>et</span> <span class='ocrx_word' id='word_1_15' title='bbox 1295 671 1588 741; x_wconf 81' lang='lat' dir='ltr'>incestos</span> <span class='ocrx_word' id='word_1_16' title='bbox 1619 683 1881 746; x_wconf 85' lang='lat' dir='ltr'>amores</span> 
     </span>
     <span class='ocr_line' id='line_1_4' title="bbox 871 765 1876 864; baseline 0.019 -35"><span class='ocrx_word' id='word_1_17' title='bbox 871 765 976 830; x_wconf 90' lang='lat' dir='ltr'>De</span> <span class='ocrx_word' id='word_1_18' title='bbox 1003 775 1223 835; x_wconf 88' lang='lat' dir='ltr'>tenero</span> <span class='ocrx_word' id='word_1_19' title='bbox 1249 774 1605 842; x_wconf 81' lang='lat' dir='ltr'><strong>meditatur</strong></span> <span class='ocrx_word' id='word_1_20' title='bbox 1630 785 1834 864; x_wconf 87' lang='lat' dir='ltr'>ungui</span> <span class='ocrx_word' id='word_1_21' title='bbox 1859 804 1876 863; x_wconf 92' lang='lat'>;</span> 
     </span>
    </p>
   </div>
   <div class='ocr_carea' id='block_1_3' title="bbox 343 927 2532 1074">
    <p class='ocr_par' dir='ltr' id='par_1_3' title="bbox 343 927 2532 1074">
     <span class='ocr_line' id='line_1_5' title="bbox 344 927 2532 1009; baseline 0.017 -37"><span class='ocrx_word' id='word_1_22' title='bbox 344 929 435 974; x_wconf 74' lang='lat' dir='ltr'>est.</span> <span class='ocrx_word' id='word_1_23' title='bbox 504 927 701 978; x_wconf 80' lang='lat' dir='ltr'>Nubilis</span> <span class='ocrx_word' id='word_1_24' title='bbox 718 933 870 993; x_wconf 78' lang='lat' dir='ltr'>puella</span> <span class='ocrx_word' id='word_1_25' title='bbox 891 937 1049 984; x_wconf 80' lang='lat' dir='ltr'>studet</span> <span class='ocrx_word' id='word_1_26' title='bbox 1071 938 1272 988; x_wconf 81' lang='lat' dir='ltr'>ediscere</span> <span class='ocrx_word' id='word_1_27' title='bbox 1293 943 1567 992; x_wconf 73' lang='lat' dir='ltr'><em>saltationes</em></span> <span class='ocrx_word' id='word_1_28' title='bbox 1589 945 1770 1005; x_wconf 81' lang='lat' dir='ltr'>Ionum,</span> <span class='ocrx_word' id='word_1_29' title='bbox 1792 953 1840 996; x_wconf 80' lang='lat' dir='ltr'>et</span> <span class='ocrx_word' id='word_1_30' title='bbox 1862 951 1994 997; x_wconf 82' lang='lat' dir='ltr'>modo</span> <span class='ocrx_word' id='word_1_31' title='bbox 2012 949 2256 1008; x_wconf 73' lang='lat' dir='ltr'>formatur</span> <span class='ocrx_word' id='word_1_32' title='bbox 2278 957 2498 1007; x_wconf 77' lang='lat' dir='ltr'>membris</span> <span class='ocrx_word' id='word_1_33' title='bbox 2514 976 2532 1009; x_wconf 93' lang='lat'>.·</span> 
     </span>
     <span class='ocr_line' id='line_1_6' title="bbox 343 990 2532 1074; baseline 0.017 -38"><span class='ocrx_word' id='word_1_34' title='bbox 343 995 486 1053; x_wconf 71' lang='lat' dir='ltr'>atque</span> <span class='ocrx_word' id='word_1_35' title='bbox 494 990 769 1056; x_wconf 67' lang='lat' dir='ltr'>flagitiosos</span> <span class='ocrx_word' id='word_1_36' title='bbox 786 1012 966 1048; x_wconf 79' lang='lat' dir='ltr'>amores</span> <span class='ocrx_word' id='word_1_37' title='bbox 995 1002 1174 1063; x_wconf 75' lang='lat' dir='ltr'><strong><em>cogitat</em></strong></span> <span class='ocrx_word' id='word_1_38' title='bbox 1195 1004 1254 1051; x_wconf 82' lang='lat' dir='ltr'>ab</span> <span class='ocrx_word' id='word_1_39' title='bbox 1274 1010 1415 1056; x_wconf 77' lang='lat' dir='ltr'>oetate</span> <span class='ocrx_word' id='word_1_40' title='bbox 1437 1010 1655 1060; x_wconf 79' lang='lat' dir='ltr'>molliori.</span> <span class='ocrx_word' id='word_1_41' title='bbox 1720 1011 1910 1062; x_wconf 79' lang='lat' dir='ltr'><strong><em>Deinde</em></strong></span> <span class='ocrx_word' id='word_1_42' title='bbox 1929 1014 2127 1065; x_wconf 81' lang='lat' dir='ltr'>moecltos</span> <span class='ocrx_word' id='word_1_43' title='bbox 2148 1019 2532 1074; x_wconf 74' lang='lat' dir='ltr'><strong><em>adolescentiores</em></strong></span> 
     </span>
    </p>
   </div>
   <div class='ocr_carea' id='block_1_4' title="bbox 1262 1133 1622 1158">
    <p class='ocr_par' dir='ltr' id='par_1_4' title="bbox 1262 1133 1622 1158">
     <span class='ocr_line' id='line_1_7' title="bbox 1262 1133 1622 1158; baseline 0.019 -6"><span class='ocrx_word' id='word_1_44' title='bbox 1262 1133 1383 1155; x_wconf 54' lang='grc' dir='ltr'>ΟΝ,</span> <span class='ocrx_word' id='word_1_45' title='bbox 1387 1136 1622 1158; x_wconf 57' lang='grc' dir='ltr'>ΙΟΝΝΟΟ</span> 
     </span>
    </p>
   </div>
   <div class='ocr_carea' id='block_1_5' title="bbox 328 1215 2573 2400">
    <p class='ocr_par' dir='ltr' id='par_1_5' title="bbox 331 1215 2541 1433">
     <span class='ocr_line' id='line_1_8' title="bbox 331 1215 2541 1308; baseline 0.015 -43"><span class='ocrx_word' id='word_1_46' title='bbox 331 1215 737 1280; x_wconf 61' lang='lat' dir='ltr'>,inrigatum—22</span> <span class='ocrx_word' id='word_1_47' title='bbox 772 1224 970 1276; x_wconf 80' lang='lat' dir='ltr'>Matura</span> <span class='ocrx_word' id='word_1_48' title='bbox 988 1228 1144 1292; x_wconf 81' lang='lat' dir='ltr'>virgo,</span> <span class='ocrx_word' id='word_1_49' title='bbox 1159 1231 1374 1294; x_wconf 74' lang='lat' dir='ltr'>fingitur</span> <span class='ocrx_word' id='word_1_50' title='bbox 1394 1237 1580 1286; x_wconf 78' lang='lat' dir='ltr'>artibus</span> <span class='ocrx_word' id='word_1_51' title='bbox 1601 1238 1822 1303; x_wconf 81' lang='lat' dir='ltr'>Cuning.</span> <span class='ocrx_word' id='word_1_52' title='bbox 1846 1241 2033 1292; x_wconf 89' lang='lat' dir='ltr'>omisso</span> <span class='ocrx_word' id='word_1_53' title='bbox 2055 1250 2121 1305; x_wconf 84' lang='lat' dir='ltr'>et,</span> <span class='ocrx_word' id='word_1_54' title='bbox 2146 1258 2365 1308; x_wconf 86' lang='lat' dir='ltr'>eumque</span> <span class='ocrx_word' id='word_1_55' title='bbox 2391 1261 2541 1298; x_wconf 89' lang='lat' dir='ltr'>secu-</span> 
     </span>
     <span class='ocr_line' id='line_1_9' title="bbox 344 1284 2536 1366; baseline 0.016 -39"><span class='ocrx_word' id='word_1_56' title='bbox 344 1288 429 1329; x_wconf 83' lang='lat' dir='ltr'>tus</span> <span class='ocrx_word' id='word_1_57' title='bbox 474 1292 556 1361; x_wconf 65' lang='lat' dir='ltr'>⁸⁸.t.</span> <span class='ocrx_word' id='word_1_58' title='bbox 597 1284 778 1336; x_wconf 79' lang='lat' dir='ltr'>Jones.</span> <span class='ocrx_word' id='word_1_59' title='bbox 803 1290 1022 1354; x_wconf 75' lang='lat' dir='ltr'>fingitur</span> <span class='ocrx_word' id='word_1_60' title='bbox 1053 1296 1247 1346; x_wconf 70' lang='lat' dir='ltr'>ambus</span> <span class='ocrx_word' id='word_1_61' title='bbox 1283 1298 1408 1349; x_wconf 85' lang='lat' dir='ltr'>Aer.</span> <span class='ocrx_word' id='word_1_62' title='bbox 1446 1301 1703 1366; x_wconf 83' lang='lat' dir='ltr'>Porphyr.</span> <span class='ocrx_word' id='word_1_63' title='bbox 1738 1305 1841 1354; x_wconf 87' lang='lat' dir='ltr'>duo</span> <span class='ocrx_word' id='word_1_64' title='bbox 1880 1306 2065 1356; x_wconf 84' lang='lat' dir='ltr'>Bland.</span> <span class='ocrx_word' id='word_1_65' title='bbox 2106 1308 2229 1358; x_wconf 79' lang='lat' dir='ltr'>Div.</span> <span class='ocrx_word' id='word_1_66' title='bbox 2275 1318 2332 1360; x_wconf 87' lang='lat' dir='ltr'>et</span> <span class='ocrx_word' id='word_1_67' title='bbox 2367 1311 2536 1365; x_wconf 80' lang='lat' dir='ltr'>Matd.</span> 
     </span>
     <span class='ocr_line' id='line_1_10' title="bbox 344 1345 2514 1433; baseline 0.015 -40"><span class='ocrx_word' id='word_1_68' title='bbox 344 1345 446 1395; x_wconf 87' lang='lat' dir='ltr'>Cru</span> <span class='ocrx_word' id='word_1_69' title='bbox 489 1362 577 1410; x_wconf 85' lang='lat' dir='ltr'>un,</span> <span class='ocrx_word' id='word_1_70' title='bbox 613 1352 818 1414; x_wconf 86' lang='lat' dir='ltr'>quidam</span> <span class='ocrx_word' id='word_1_71' title='bbox 860 1357 1111 1422; x_wconf 79' lang='lat' dir='ltr'>Lambini,</span> <span class='ocrx_word' id='word_1_72' title='bbox 1147 1376 1320 1413; x_wconf 90' lang='lat' dir='ltr'>omnes</span> <span class='ocrx_word' id='word_1_73' title='bbox 1341 1365 1602 1416; x_wconf 78' lang='lat' dir='ltr'>Tot-rentii</span> <span class='ocrx_word' id='word_1_74' title='bbox 1638 1376 1832 1432; x_wconf 77' lang='lat' dir='ltr'>praeter</span> <span class='ocrx_word' id='word_1_75' title='bbox 1855 1385 2008 1419; x_wconf 89' lang='lat' dir='ltr'>unum</span> <span class='ocrx_word' id='word_1_76' title='bbox 2051 1372 2258 1433; x_wconf 82' lang='lat' dir='ltr'><strong>plurimi</strong></span> <span class='ocrx_word' id='word_1_77' title='bbox 2284 1374 2514 1430; x_wconf 82' lang='lat' dir='ltr'>Bentleii</span> 
     </span>
    </p>

    <p class='ocr_par' dir='ltr' id='par_1_6' title="bbox 328 1362 2573 2400">
     <span class='ocr_line' id='line_1_11' title="bbox 343 1362 2537 1504; baseline 0.015 -46"><span class='ocrx_word' id='word_1_78' title='bbox 343 1362 795 1490; x_wconf 54' lang='lat' dir='ltr'>duo‘bersmanni,</span> <span class='ocrx_word' id='word_1_79' title='bbox 815 1420 1091 1473; x_wconf 86' lang='lat' dir='ltr'>Pulmanni</span> <span class='ocrx_word' id='word_1_80' title='bbox 1112 1424 1290 1476; x_wconf 91' lang='lat' dir='ltr'>Hunn.</span> <span class='ocrx_word' id='word_1_81' title='bbox 1313 1428 1477 1479; x_wconf 84' lang='lat' dir='ltr'>Frane</span> <span class='ocrx_word' id='word_1_82' title='bbox 1515 1466 1528 1480; x_wconf 91' lang='lat'>.</span> <span class='ocrx_word' id='word_1_83' title='bbox 1551 1432 1696 1496; x_wconf 84' lang='lat' dir='ltr'>Lips.</span> <span class='ocrx_word' id='word_1_84' title='bbox 1716 1437 1766 1483; x_wconf 92' lang='grc'>2.</span> <span class='ocrx_word' id='word_1_85' title='bbox 1791 1448 1820 1483; x_wconf 88' lang='lat' dir='ltr'>a</span> <span class='ocrx_word' id='word_1_86' title='bbox 1843 1450 1910 1486; x_wconf 89' lang='lat' dir='ltr'>m.</span> <span class='ocrx_word' id='word_1_87' title='bbox 1934 1408 2028 1496; x_wconf 73' lang='lat' dir='ltr'>pr.²</span> <span class='ocrx_word' id='word_1_88' title='bbox 2043 1436 2208 1500; x_wconf 88' lang='lat' dir='ltr'>Lipss.</span> <span class='ocrx_word' id='word_1_89' title='bbox 2228 1442 2275 1486; x_wconf 72' lang='lat'>3.</span> <span class='ocrx_word' id='word_1_90' title='bbox 2295 1442 2346 1488; x_wconf 90' lang='grc'>4.</span> <span class='ocrx_word' id='word_1_91' title='bbox 2380 1413 2537 1504; x_wconf 58' lang='lat' dir='ltr'>Dess:</span> 
     </span>
     <span class='ocr_line' id='line_1_12' title="bbox 340 1476 2534 1568; baseline 0.014 -45"><span class='ocrx_word' id='word_1_92' title='bbox 340 1478 391 1523; x_wconf 81' lang='lat'>2.</span> <span class='ocrx_word' id='word_1_93' title='bbox 418 1476 568 1527; x_wconf 82' lang='lat' dir='ltr'>Harl.</span> <span class='ocrx_word' id='word_1_94' title='bbox 596 1486 640 1529; x_wconf 90' lang='lat' dir='ltr'>l.</span> <span class='ocrx_word' id='word_1_95' title='bbox 658 1485 705 1530; x_wconf 84' lang='lat'>2.</span> <span class='ocrx_word' id='word_1_96' title='bbox 726 1486 773 1534; x_wconf 73' lang='lat'>3.</span> <span class='ocrx_word' id='word_1_97' title='bbox 793 1488 842 1534; x_wconf 84' lang='grc'>4.</span> <span class='ocrx_word' id='word_1_98' title='bbox 863 1492 913 1535; x_wconf 85' lang='grc'>5.</span> <span class='ocrx_word' id='word_1_99' title='bbox 936 1492 987 1537; x_wconf 83' lang='grc'>6.</span> <span class='ocrx_word' id='word_1_100' title='bbox 1010 1488 1224 1541; x_wconf 87' lang='lat' dir='ltr'>Venett.</span> <span class='ocrx_word' id='word_1_101' title='bbox 1244 1492 1463 1544; x_wconf 86' lang='lat' dir='ltr'>Locher.</span> <span class='ocrx_word' id='word_1_102' title='bbox 1531 1510 1696 1546; x_wconf 83' lang='lat' dir='ltr'>scens.</span> <span class='ocrx_word' id='word_1_103' title='bbox 1719 1498 1895 1548; x_wconf 77' lang='lat' dir='ltr'>Basili.</span> <span class='ocrx_word' id='word_1_104' title='bbox 1912 1501 2146 1551; x_wconf 84' lang='lat' dir='ltr'>Torrent.</span> <span class='ocrx_word' id='word_1_105' title='bbox 2170 1502 2328 1564; x_wconf 81' lang='lat' dir='ltr'>Cruq.</span> <span class='ocrx_word' id='word_1_106' title='bbox 2353 1503 2534 1568; x_wconf 80' lang='lat' dir='ltr'>Steplt.</span> 
     </span>
     <span class='ocr_line' id='line_1_13' title="bbox 343 1539 2547 1620; baseline 0.015 -32"><span class='ocrx_word' id='word_1_107' title='bbox 343 1539 498 1617; x_wconf 76' lang='lat' dir='ltr'>Fabr.</span> <span class='ocrx_word' id='word_1_108' title='bbox 525 1544 650 1596; x_wconf 84' lang='lat' dir='ltr'>Fab.</span> <span class='ocrx_word' id='word_1_109' title='bbox 677 1547 917 1609; x_wconf 75' lang='lat' dir='ltr'>Rutgers.</span> <span class='ocrx_word' id='word_1_110' title='bbox 941 1553 1117 1603; x_wconf 89' lang='lat' dir='ltr'>Burm.</span> <span class='ocrx_word' id='word_1_111' title='bbox 1140 1556 1298 1606; x_wconf 83' lang='lat' dir='ltr'>Baxt.</span> <span class='ocrx_word' id='word_1_112' title='bbox 1322 1559 1451 1609; x_wconf 85' lang='lat' dir='ltr'>Sivr.</span> <span class='ocrx_word' id='word_1_113' title='bbox 1476 1561 1656 1612; x_wconf 90' lang='lat' dir='ltr'>Comb.</span> <span class='ocrx_word' id='word_1_114' title='bbox 1679 1569 1736 1611; x_wconf 86' lang='lat' dir='ltr'>et</span> <span class='ocrx_word' id='word_1_115' title='bbox 1757 1562 1964 1614; x_wconf 82' lang='lat' dir='ltr'>Wakef.</span> <span class='ocrx_word' id='word_1_116' title='bbox 2031 1566 2163 1614; x_wconf 82' lang='lat' dir='ltr'>Vide</span> <span class='ocrx_word' id='word_1_117' title='bbox 2187 1572 2241 1615; x_wconf 88' lang='lat' dir='ltr'>et</span> <span class='ocrx_word' id='word_1_118' title='bbox 2263 1567 2439 1618; x_wconf 85' lang='lat' dir='ltr'>Burm.</span> <span class='ocrx_word' id='word_1_119' title='bbox 2464 1571 2547 1620; x_wconf 88' lang='lat' dir='ltr'>ad·</span> 
     </span>
     <span class='ocr_line' id='line_1_14' title="bbox 342 1604 2534 1697; baseline 0.014 -44"><span class='ocrx_word' id='word_1_120' title='bbox 342 1604 641 1685; x_wconf 67' lang='lat' dir='ltr'>⁰⁹¹⁶·.A‘.t·</span> <span class='ocrx_word' id='word_1_121' title='bbox 661 1625 749 1661; x_wconf 75' lang='grc' dir='ltr'>ιιι.</span> <span class='ocrx_word' id='word_1_122' title='bbox 782 1617 895 1665; x_wconf 82' lang='grc'><strong>351.</strong></span> <span class='ocrx_word' id='word_1_123' title='bbox 913 1616 1173 1679; x_wconf 74' lang='lat' dir='ltr'>frangitur</span> <span class='ocrx_word' id='word_1_124' title='bbox 1190 1623 1385 1672; x_wconf 71' lang='lat' dir='ltr'>artubus</span> <span class='ocrx_word' id='word_1_125' title='bbox 1406 1625 1615 1688; x_wconf 88' lang='lat' dir='ltr'>quidam</span> <span class='ocrx_word' id='word_1_126' title='bbox 1639 1628 1892 1690; x_wconf 83' lang='lat' dir='ltr'>Lambini,</span> <span class='ocrx_word' id='word_1_127' title='bbox 1924 1644 2053 1678; x_wconf 90' lang='lat' dir='ltr'>unus</span> <span class='ocrx_word' id='word_1_128' title='bbox 2086 1631 2366 1697; x_wconf 87' lang='lat' dir='ltr'>Torrentii,</span> <span class='ocrx_word' id='word_1_129' title='bbox 2410 1634 2534 1683; x_wconf 87' lang='lat' dir='ltr'>Pul-</span> 
     </span>
     <span class='ocr_line' id='line_1_15' title="bbox 337 1676 2534 1752; baseline 0.014 -35"><span class='ocrx_word' id='word_1_130' title='bbox 337 1683 513 1721; x_wconf 85' lang='lat' dir='ltr'>manm</span> <span class='ocrx_word' id='word_1_131' title='bbox 535 1676 742 1725; x_wconf 81' lang='lat' dir='ltr'>Dtesth.</span> <span class='ocrx_word' id='word_1_132' title='bbox 764 1680 972 1742; x_wconf 87' lang='lat' dir='ltr'>quidam</span> <span class='ocrx_word' id='word_1_133' title='bbox 1004 1684 1252 1742; x_wconf 82' lang='lat' dir='ltr'>Bentleii,</span> <span class='ocrx_word' id='word_1_134' title='bbox 1284 1693 1340 1735; x_wconf 89' lang='lat' dir='ltr'>et</span> <span class='ocrx_word' id='word_1_135' title='bbox 1376 1688 1615 1739; x_wconf 85' lang='lat' dir='ltr'>defendit</span> <span class='ocrx_word' id='word_1_136' title='bbox 1651 1692 1883 1752; x_wconf 74' lang='lat' dir='ltr'>inprimis</span> <span class='ocrx_word' id='word_1_137' title='bbox 1922 1694 2107 1743; x_wconf 86' lang='lat' dir='ltr'>Heius.</span> <span class='ocrx_word' id='word_1_138' title='bbox 2130 1694 2196 1743; x_wconf 88' lang='lat' dir='ltr'>ad</span> <span class='ocrx_word' id='word_1_139' title='bbox 2219 1695 2402 1746; x_wconf 82' lang='lat' dir='ltr'>Claud.</span> <span class='ocrx_word' id='word_1_140' title='bbox 2426 1699 2534 1747; x_wconf 89' lang='lat' dir='ltr'>Eu-</span> 
     </span>
     <span class='ocr_line' id='line_1_16' title="bbox 338 1742 2573 1819; baseline 0.014 -37"><span class='ocrx_word' id='word_1_141' title='bbox 338 1742 478 1799; x_wconf 84' lang='lat' dir='ltr'>trop.</span> <span class='ocrx_word' id='word_1_142' title='bbox 501 1752 540 1787; x_wconf 87' lang='lat'>1.</span> <span class='ocrx_word' id='word_1_143' title='bbox 561 1743 676 1789; x_wconf 82' lang='lat'>262.</span> <span class='ocrx_word' id='word_1_144' title='bbox 696 1742 931 1803; x_wconf 76' lang='lat' dir='ltr'>fungitur</span> <span class='ocrx_word' id='word_1_145' title='bbox 968 1748 1166 1796; x_wconf 68' lang='lat' dir='ltr'>artubus</span> <span class='ocrx_word' id='word_1_146' title='bbox 1201 1750 1357 1802; x_wconf 85' lang='lat' dir='ltr'>Mart.</span> <span class='ocrx_word' id='word_1_147' title='bbox 1391 1753 1634 1817; x_wconf 80' lang='lat' dir='ltr'>Cruquii3</span> <span class='ocrx_word' id='word_1_148' title='bbox 1656 1756 1872 1819; x_wconf 68' lang='lat' dir='ltr'>fingitur</span> <span class='ocrx_word' id='word_1_149' title='bbox 1903 1759 2084 1807; x_wconf 79' lang='lat' dir='ltr'>artibus</span> <span class='ocrx_word' id='word_1_150' title='bbox 2118 1758 2362 1810; x_wconf 84' lang='lat' dir='ltr'>Jannoct.</span> <span class='ocrx_word' id='word_1_151' title='bbox 2401 1777 2532 1812; x_wconf 86' lang='lat' dir='ltr'>unus</span> <span class='ocrx_word' id='word_1_152' title='bbox 2566 1797 2573 1806; x_wconf 65' lang='lat'>„</span> 
     </span>
     <span class='ocr_line' id='line_1_17' title="bbox 336 1799 2533 1879; baseline 0.015 -32"><span class='ocrx_word' id='word_1_153' title='bbox 336 1799 459 1851; x_wconf 85' lang='lat' dir='ltr'>Vat.</span> <span class='ocrx_word' id='word_1_154' title='bbox 480 1809 535 1852; x_wconf 86' lang='lat' dir='ltr'>et</span> <span class='ocrx_word' id='word_1_155' title='bbox 556 1804 763 1867; x_wconf 86' lang='lat' dir='ltr'>quidam</span> <span class='ocrx_word' id='word_1_156' title='bbox 787 1809 874 1857; x_wconf 88' lang='lat' dir='ltr'>alii</span> <span class='ocrx_word' id='word_1_157' title='bbox 897 1810 1152 1874; x_wconf 86' lang='lat' dir='ltr'>Lambini,</span> <span class='ocrx_word' id='word_1_158' title='bbox 1172 1813 1448 1865; x_wconf 82' lang='lat' dir='ltr'>Pulman‘ni</span> <span class='ocrx_word' id='word_1_159' title='bbox 1475 1819 1746 1869; x_wconf 85' lang='lat' dir='ltr'>Gemblac.</span> <span class='ocrx_word' id='word_1_160' title='bbox 1769 1825 1816 1871; x_wconf 91' lang='lat'>1.</span> <span class='ocrx_word' id='word_1_161' title='bbox 1834 1825 1882 1869; x_wconf 90' lang='grc'>2.</span> <span class='ocrx_word' id='word_1_162' title='bbox 1903 1830 1959 1871; x_wconf 90' lang='lat' dir='ltr'>et</span> <span class='ocrx_word' id='word_1_163' title='bbox 1976 1823 2171 1871; x_wconf 86' lang='lat' dir='ltr'>Beller.</span> <span class='ocrx_word' id='word_1_164' title='bbox 2193 1838 2322 1874; x_wconf 85' lang='lat' dir='ltr'>unns</span> <span class='ocrx_word' id='word_1_165' title='bbox 2341 1825 2533 1879; x_wconf 83' lang='lat' dir='ltr'>Bland.</span> 
     </span>
     <span class='ocr_line' id='line_1_18' title="bbox 338 1867 2530 1948; baseline 0.014 -36"><span class='ocrx_word' id='word_1_166' title='bbox 338 1870 393 1913; x_wconf 87' lang='lat' dir='ltr'>et</span> <span class='ocrx_word' id='word_1_167' title='bbox 432 1867 523 1916; x_wconf 84' lang='lat' dir='ltr'>Sil.</span> <span class='ocrx_word' id='word_1_168' title='bbox 558 1870 791 1934; x_wconf 86' lang='lat' dir='ltr'>Crnquii,</span> <span class='ocrx_word' id='word_1_169' title='bbox 828 1888 954 1923; x_wconf 91' lang='lat' dir='ltr'>unns</span> <span class='ocrx_word' id='word_1_170' title='bbox 987 1876 1309 1944; x_wconf 85' lang='lat' dir='ltr'>Bersmanni,</span> <span class='ocrx_word' id='word_1_171' title='bbox 1333 1881 1500 1943; x_wconf 87' lang='lat' dir='ltr'>Lipss.</span> <span class='ocrx_word' id='word_1_172' title='bbox 1526 1887 1571 1933; x_wconf 92' lang='lat'>1.</span> <span class='ocrx_word' id='word_1_173' title='bbox 1604 1884 1743 1948; x_wconf 87' lang='lat' dir='ltr'>Lips.</span> <span class='ocrx_word' id='word_1_174' title='bbox 1764 1889 1814 1934; x_wconf 79' lang='lat'>2.</span> <span class='ocrx_word' id='word_1_175' title='bbox 1837 1899 1930 1947; x_wconf 89' lang='lat' dir='ltr'>pro</span> <span class='ocrx_word' id='word_1_176' title='bbox 1952 1900 2002 1936; x_wconf 76' lang='grc' dir='ltr'>ν.</span> <span class='ocrx_word' id='word_1_177' title='bbox 2025 1887 2062 1936; x_wconf 90' lang='lat'>1.</span> <span class='ocrx_word' id='word_1_178' title='bbox 2098 1887 2209 1936; x_wconf 86' lang='lat' dir='ltr'>Att.</span> <span class='ocrx_word' id='word_1_179' title='bbox 2235 1892 2280 1938; x_wconf 90' lang='lat'>1.</span> <span class='ocrx_word' id='word_1_180' title='bbox 2303 1888 2530 1942; x_wconf 89' lang='lat' dir='ltr'>Helmst.</span> 
     </span>
     <span class='ocr_line' id='line_1_19' title="bbox 334 1928 2531 2011; baseline 0.014 -35"><span class='ocrx_word' id='word_1_181' title='bbox 334 1928 518 1982; x_wconf 83' lang='lat' dir='ltr'>Heius.</span> <span class='ocrx_word' id='word_1_182' title='bbox 539 1933 718 1985; x_wconf 80' lang='lat' dir='ltr'>Lamb.</span> <span class='ocrx_word' id='word_1_183' title='bbox 743 1937 916 1988; x_wconf 88' lang='lat' dir='ltr'>Bentl.</span> <span class='ocrx_word' id='word_1_184' title='bbox 938 1939 1118 1991; x_wconf 82' lang='lat' dir='ltr'>Jones.</span> <span class='ocrx_word' id='word_1_185' title='bbox 1145 1943 1364 2007; x_wconf 79' lang='lat' dir='ltr'>Cuning.</span> <span class='ocrx_word' id='word_1_186' title='bbox 1387 1947 1577 1997; x_wconf 81' lang='lat' dir='ltr'>Sanad.</span> <span class='ocrx_word' id='word_1_187' title='bbox 1597 1948 1740 2010; x_wconf 88' lang='lat' dir='ltr'>Jani,</span> <span class='ocrx_word' id='word_1_188' title='bbox 1762 1949 1975 2011; x_wconf 87' lang='lat' dir='ltr'>Bipont.</span> <span class='ocrx_word' id='word_1_189' title='bbox 2002 1951 2214 2000; x_wconf 86' lang='lat' dir='ltr'>Mitsch.</span> <span class='ocrx_word' id='word_1_190' title='bbox 2235 1953 2452 2003; x_wconf 84' lang='lat' dir='ltr'>wetzel.</span> <span class='ocrx_word' id='word_1_191' title='bbox 2475 1963 2531 2007; x_wconf 83' lang='lat' dir='ltr'>et</span> 
     </span>
     <span class='ocr_line' id='line_1_20' title="bbox 337 1993 2529 2082; baseline 0.011 -39"><span class='ocrx_word' id='word_1_192' title='bbox 337 1993 498 2044; x_wconf 87' lang='lat' dir='ltr'>Kidd.</span> <span class='ocrx_word' id='word_1_193' title='bbox 528 1999 543 2024; x_wconf 76' lang='lat'><strong>⁴</strong></span> <span class='ocrx_word' id='word_1_194' title='bbox 562 1998 751 2049; x_wconf 87' lang='lat' dir='ltr'>Utrum</span> <span class='ocrx_word' id='word_1_195' title='bbox 774 2004 968 2052; x_wconf 80' lang='lat' dir='ltr'>artubus</span> <span class='ocrx_word' id='word_1_196' title='bbox 994 2013 1230 2067; x_wconf 75' lang='lat' dir='ltr'>praestat,</span> <span class='ocrx_word' id='word_1_197' title='bbox 1254 2024 1320 2058; x_wconf 88' lang='lat' dir='ltr'>an</span> <span class='ocrx_word' id='word_1_198' title='bbox 1343 2010 1562 2061; x_wconf 76' lang='lat' dir='ltr'>artibus?</span> <span class='ocrx_word' id='word_1_199' title='bbox 1593 2013 1724 2062; x_wconf 86' lang='lat' dir='ltr'>Mihi</span> <span class='ocrx_word' id='word_1_200' title='bbox 1745 2015 1930 2063; x_wconf 78' lang='lat' dir='ltr'>artibus</span> <span class='ocrx_word' id='word_1_201' title='bbox 1965 2017 2126 2079; x_wconf 82' lang='lat' dir='ltr'>magis</span> <span class='ocrx_word' id='word_1_202' title='bbox 2163 2016 2352 2080; x_wconf 88' lang='lat' dir='ltr'>placet,</span> <span class='ocrx_word' id='word_1_203' title='bbox 2391 2020 2529 2082; x_wconf 85' lang='lat' dir='ltr'>quod</span> 
     </span>
     <span class='ocr_line' id='line_1_21' title="bbox 336 2060 2529 2142; baseline 0.012 -35"><span class='ocrx_word' id='word_1_204' title='bbox 336 2060 515 2122; x_wconf 75' lang='lat' dir='ltr'>etjam</span> <span class='ocrx_word' id='word_1_205' title='bbox 540 2062 910 2127; x_wconf 78' lang='lat' dir='ltr'>Porphyrionis</span> <span class='ocrx_word' id='word_1_206' title='bbox 935 2077 1093 2120; x_wconf 82' lang='lat' dir='ltr'>aetate</span> <span class='ocrx_word' id='word_1_207' title='bbox 1117 2072 1168 2120; x_wconf 90' lang='lat' dir='ltr'>in</span> <span class='ocrx_word' id='word_1_208' title='bbox 1192 2074 1422 2136; x_wconf 83' lang='lat' dir='ltr'>plurimis</span> <span class='ocrx_word' id='word_1_209' title='bbox 1446 2077 1597 2127; x_wconf 85' lang='lat' dir='ltr'>codd.</span> <span class='ocrx_word' id='word_1_210' title='bbox 1621 2076 1802 2134; x_wconf 83' lang='lat' dir='ltr'>fuisse,</span> <span class='ocrx_word' id='word_1_211' title='bbox 1822 2078 1957 2128; x_wconf 85' lang='lat' dir='ltr'>iltius</span> <span class='ocrx_word' id='word_1_212' title='bbox 1979 2087 2106 2128; x_wconf 89' lang='lat' dir='ltr'>nota</span> <span class='ocrx_word' id='word_1_213' title='bbox 2135 2081 2325 2142; x_wconf 77' lang='lat' dir='ltr'>prodit.</span> <span class='ocrx_word' id='word_1_214' title='bbox 2392 2085 2529 2134; x_wconf 83' lang='lat' dir='ltr'>Nam</span> 
     </span>
     <span class='ocr_line' id='line_1_22' title="bbox 333 2125 2531 2213; baseline 0.012 -41"><span class='ocrx_word' id='word_1_215' title='bbox 333 2125 555 2187; x_wconf 84' lang='lat' dir='ltr'>primum</span> <span class='ocrx_word' id='word_1_216' title='bbox 580 2132 867 2183; x_wconf 72' lang='lat' dir='ltr'>rectissime</span> <span class='ocrx_word' id='word_1_217' title='bbox 890 2134 1132 2186; x_wconf 80' lang='lat' dir='ltr'>viderunt</span> <span class='ocrx_word' id='word_1_218' title='bbox 1156 2138 1385 2188; x_wconf 81' lang='lat' dir='ltr'>Lambin.</span> <span class='ocrx_word' id='word_1_219' title='bbox 1411 2149 1466 2192; x_wconf 87' lang='lat' dir='ltr'>et</span> <span class='ocrx_word' id='word_1_220' title='bbox 1487 2142 1667 2192; x_wconf 88' lang='lat' dir='ltr'>Bentl.</span> <span class='ocrx_word' id='word_1_221' title='bbox 1692 2143 1863 2204; x_wconf 78' lang='lat' dir='ltr'>poe&#39;tae</span> <span class='ocrx_word' id='word_1_222' title='bbox 1887 2143 2214 2194; x_wconf 86' lang='lat' dir='ltr'>scribendum</span> <span class='ocrx_word' id='word_1_223' title='bbox 2237 2145 2399 2197; x_wconf 87' lang='lat' dir='ltr'>fuisse</span> <span class='ocrx_word' id='word_1_224' title='bbox 2425 2149 2531 2213; x_wconf 83' lang='lat' dir='ltr'>fin·</span> 
     </span>
     <span class='ocr_line' id='line_1_23' title="bbox 328 2188 2530 2275; baseline 0.011 -38"><span class='ocrx_word' id='word_1_225' title='bbox 328 2188 469 2248; x_wconf 59' lang='lat' dir='ltr'>gitur</span> <span class='ocrx_word' id='word_1_226' title='bbox 488 2198 642 2254; x_wconf 80' lang='lat' dir='ltr'>artus,</span> <span class='ocrx_word' id='word_1_227' title='bbox 664 2210 763 2243; x_wconf 88' lang='lat' dir='ltr'>non</span> <span class='ocrx_word' id='word_1_228' title='bbox 787 2200 997 2249; x_wconf 69' lang='lat' dir='ltr'>artubus.</span> <span class='ocrx_word' id='word_1_229' title='bbox 1066 2201 1217 2254; x_wconf 81' lang='lat' dir='ltr'>Quod</span> <span class='ocrx_word' id='word_1_230' title='bbox 1249 2206 1382 2253; x_wconf 87' lang='lat' dir='ltr'>enim</span> <span class='ocrx_word' id='word_1_231' title='bbox 1416 2205 1635 2257; x_wconf 87' lang='lat' dir='ltr'>landant</span> <span class='ocrx_word' id='word_1_232' title='bbox 1656 2208 1802 2270; x_wconf 85' lang='lat' dir='ltr'>Virg.</span> <span class='ocrx_word' id='word_1_233' title='bbox 1838 2207 1952 2258; x_wconf 87' lang='lat' dir='ltr'>AEn.</span> <span class='ocrx_word' id='word_1_234' title='bbox 1978 2223 2099 2258; x_wconf 85' lang='lat' dir='ltr'>vm.</span> <span class='ocrx_word' id='word_1_235' title='bbox 2124 2214 2239 2260; x_wconf 71' lang='lat'>684.</span> <span class='ocrx_word' id='word_1_236' title='bbox 2273 2211 2288 2238; x_wconf 92' lang='lat'>‘</span> <span class='ocrx_word' id='word_1_237' title='bbox 2308 2226 2530 2275; x_wconf 86' lang='lat' dir='ltr'>corpora</span> 
     </span>
     <span class='ocr_line' id='line_1_24' title="bbox 332 2253 2526 2339; baseline 0.012 -39"><span class='ocrx_word' id='word_1_238' title='bbox 332 2253 531 2317; x_wconf 81' lang='lat' dir='ltr'>fingere</span> <span class='ocrx_word' id='word_1_239' title='bbox 553 2259 762 2324; x_wconf 81' lang='lat' dir='ltr'>lingua,’</span> <span class='ocrx_word' id='word_1_240' title='bbox 787 2263 845 2326; x_wconf 27' lang='lat' dir='ltr'>‘id</span> <span class='ocrx_word' id='word_1_241' title='bbox 888 2266 1041 2327; x_wconf 87' lang='lat' dir='ltr'>plane</span> <span class='ocrx_word' id='word_1_242' title='bbox 1078 2268 1330 2330; x_wconf 87' lang='lat' dir='ltr'>ineptum.</span> <span class='ocrx_word' id='word_1_243' title='bbox 1396 2270 1600 2320; x_wconf 87' lang='lat' dir='ltr'>Deinde</span> <span class='ocrx_word' id='word_1_244' title='bbox 1621 2272 1840 2335; x_wconf 78' lang='lat' dir='ltr'>fingitur</span> <span class='ocrx_word' id='word_1_245' title='bbox 1876 2273 2072 2322; x_wconf 78' lang='lat' dir='ltr'>artubus</span> <span class='ocrx_word' id='word_1_246' title='bbox 2095 2275 2164 2323; x_wconf 90' lang='lat' dir='ltr'>nil</span> <span class='ocrx_word' id='word_1_247' title='bbox 2190 2276 2411 2339; x_wconf 85' lang='lat' dir='ltr'>amplius</span> <span class='ocrx_word' id='word_1_248' title='bbox 2435 2278 2526 2329; x_wconf 86' lang='lat' dir='ltr'>de·</span> 
     </span>
     <span class='ocr_line' id='line_1_25' title="bbox 331 2319 2529 2400; baseline 0.012 -34"><span class='ocrx_word' id='word_1_249' title='bbox 331 2319 517 2378; x_wconf 86' lang='lat' dir='ltr'>clarat,</span> <span class='ocrx_word' id='word_1_250' title='bbox 554 2338 725 2386; x_wconf 87' lang='lat' dir='ltr'>quam,</span> <span class='ocrx_word' id='word_1_251' title='bbox 764 2329 904 2391; x_wconf 87' lang='lat' dir='ltr'>quod</span> <span class='ocrx_word' id='word_1_252' title='bbox 931 2329 1043 2393; x_wconf 87' lang='lat' dir='ltr'>jam</span> <span class='ocrx_word' id='word_1_253' title='bbox 1067 2340 1190 2380; x_wconf 86' lang='lat' dir='ltr'>ante</span> <span class='ocrx_word' id='word_1_254' title='bbox 1214 2334 1409 2383; x_wconf 86' lang='lat' dir='ltr'>dictum</span> <span class='ocrx_word' id='word_1_255' title='bbox 1434 2343 1584 2396; x_wconf 85' lang='lat' dir='ltr'>erat;</span> <span class='ocrx_word' id='word_1_256' title='bbox 1617 2351 1732 2385; x_wconf 88' lang='lat' dir='ltr'>cum</span> <span class='ocrx_word' id='word_1_257' title='bbox 1760 2336 1977 2400; x_wconf 78' lang='lat' dir='ltr'>fingitur</span> <span class='ocrx_word' id='word_1_258' title='bbox 1995 2338 2180 2388; x_wconf 71' lang='lat' dir='ltr'>artibus</span> <span class='ocrx_word' id='word_1_259' title='bbox 2201 2354 2386 2389; x_wconf 85' lang='lat' dir='ltr'>novam</span> <span class='ocrx_word' id='word_1_260' title='bbox 2411 2357 2529 2391; x_wconf 87' lang='lat' dir='ltr'>sen-</span> 
     </span>
    </p>
   </div>
   <div class='ocr_carea' id='block_1_6' title="bbox 333 2386 2617 2462">
    <p class='ocr_par' dir='ltr' id='par_1_7' title="bbox 333 2386 2617 2462">
     <span class='ocr_line' id='line_1_26' title="bbox 333 2386 2617 2462; baseline 0.012 -31"><span class='ocrx_word' id='word_1_261' title='bbox 333 2386 549 2434; x_wconf 81' lang='lat' dir='ltr'>tentiam</span> <span class='ocrx_word' id='word_1_262' title='bbox 575 2386 680 2449; x_wconf 85' lang='lat' dir='ltr'>det,</span> <span class='ocrx_word' id='word_1_263' title='bbox 716 2391 796 2454; x_wconf 86' lang='lat' dir='ltr'>iis,</span> <span class='ocrx_word' id='word_1_264' title='bbox 831 2408 945 2456; x_wconf 78' lang='lat' dir='ltr'>quae</span> <span class='ocrx_word' id='word_1_265' title='bbox 980 2405 1281 2459; x_wconf 87' lang='lat' dir='ltr'>sequuntur,</span> <span class='ocrx_word' id='word_1_266' title='bbox 1325 2401 1578 2462; x_wconf 82' lang='lat' dir='ltr'>praeclare</span> <span class='ocrx_word' id='word_1_267' title='bbox 1614 2401 2042 2450; x_wconf 87' lang='lat' dir='ltr'>convenientem.’</span> <span class='ocrx_word' id='word_1_268' title='bbox 2071 2404 2341 2453; x_wconf 58' lang='lat' dir='ltr'>Juvat—23</span> <span class='ocrx_word' id='word_1_269' title='bbox 2375 2406 2528 2461; x_wconf 77' lang='lat' dir='ltr'>‘Jum</span> <span class='ocrx_word' id='word_1_270' title='bbox 2612 2409 2617 2413; x_wconf 79' lang='grc'><strong><em>’</em></strong></span> 
     </span>
    </p>
   </div>
   <div class='ocr_carea' id='block_1_7' title="bbox 328 2451 2537 2680">
    <p class='ocr_par' dir='ltr' id='par_1_8' title="bbox 328 2451 2537 2680">
     <span class='ocr_line' id='line_1_27' title="bbox 329 2451 2521 2533; baseline 0.01 -38"><span class='ocrx_word' id='word_1_271' title='bbox 329 2463 454 2497; x_wconf 77' lang='lat' dir='ltr'>nunc</span> <span class='ocrx_word' id='word_1_272' title='bbox 467 2451 790 2515; x_wconf 87' lang='lat' dir='ltr'>jungendum</span> <span class='ocrx_word' id='word_1_273' title='bbox 811 2472 928 2507; x_wconf 88' lang='lat' dir='ltr'>cum</span> <span class='ocrx_word' id='word_1_274' title='bbox 952 2462 1311 2525; x_wconf 80' lang='lat' dir='ltr'>sequentibus,</span> <span class='ocrx_word' id='word_1_275' title='bbox 1346 2470 1402 2513; x_wconf 84' lang='lat' dir='ltr'>et</span> <span class='ocrx_word' id='word_1_276' title='bbox 1436 2465 1858 2527; x_wconf 83' lang='lat' dir='ltr'>distinguendum</span> <span class='ocrx_word' id='word_1_277' title='bbox 1891 2473 2009 2529; x_wconf 87' lang='lat' dir='ltr'>post</span> <span class='ocrx_word' id='word_1_278' title='bbox 2029 2468 2213 2517; x_wconf 77' lang='lat' dir='ltr'>artibus</span> <span class='ocrx_word' id='word_1_279' title='bbox 2235 2469 2362 2533; x_wconf 75' lang='lat' dir='ltr'>(itaz</span> <span class='ocrx_word' id='word_1_280' title='bbox 2399 2472 2521 2520; x_wconf 77' lang='lat' dir='ltr'>arti-</span> 
     </span>
     <span class='ocr_line' id='line_1_28' title="bbox 329 2512 2528 2595; baseline 0.01 -35"><span class='ocrx_word' id='word_1_281' title='bbox 329 2512 442 2562; x_wconf 75' lang='lat' dir='ltr'>bus.-</span> <span class='ocrx_word' id='word_1_282' title='bbox 464 2516 579 2568; x_wconf 82' lang='lat' dir='ltr'>Jam</span> <span class='ocrx_word' id='word_1_283' title='bbox 600 2533 722 2570; x_wconf 78' lang='lat' dir='ltr'>nunc</span> <span class='ocrx_word' id='word_1_284' title='bbox 743 2526 807 2578; x_wconf 80' lang='lat' dir='ltr'>et,</span> <span class='ocrx_word' id='word_1_285' title='bbox 828 2522 933 2587; x_wconf 68' lang='grc' dir='ltr'>ᾅτ.)</span> <span class='ocrx_word' id='word_1_286' title='bbox 957 2531 1014 2573; x_wconf 88' lang='lat' dir='ltr'>ut</span> <span class='ocrx_word' id='word_1_287' title='bbox 1035 2533 1177 2575; x_wconf 86' lang='lat' dir='ltr'>recte</span> <span class='ocrx_word' id='word_1_288' title='bbox 1197 2528 1413 2578; x_wconf 85' lang='lat' dir='ltr'>Locher.</span> <span class='ocrx_word' id='word_1_289' title='bbox 1439 2530 1613 2578; x_wconf 83' lang='lat' dir='ltr'>Bentl.</span> <span class='ocrx_word' id='word_1_290' title='bbox 1634 2534 1735 2580; x_wconf 88' lang='lat' dir='ltr'>&amp;c.</span> <span class='ocrx_word' id='word_1_291' title='bbox 1789 2528 1895 2578; x_wconf 82' lang='lat' dir='ltr'>Alii</span> <span class='ocrx_word' id='word_1_292' title='bbox 1918 2537 2038 2595; x_wconf 87' lang='lat' dir='ltr'>post</span> <span class='ocrx_word' id='word_1_293' title='bbox 2059 2546 2181 2580; x_wconf 78' lang='lat' dir='ltr'>nunc</span> <span class='ocrx_word' id='word_1_294' title='bbox 2202 2533 2528 2584; x_wconf 86' lang='lat' dir='ltr'>inciderunt.’</span> 
     </span>
     <span class='ocr_line' id='line_1_29' title="bbox 328 2578 2537 2680; baseline 0.01 -55"><span class='ocrx_word' id='word_1_295' title='bbox 328 2578 465 2629; x_wconf 74' lang='lat' dir='ltr'>sani.</span> <span class='ocrx_word' id='word_1_296' title='bbox 530 2582 605 2650; x_wconf 74' lang='lat' dir='ltr'>Ut</span> <span class='ocrx_word' id='word_1_297' title='bbox 641 2585 918 2651; x_wconf 81' lang='lat' dir='ltr'>distinguit</span> <span class='ocrx_word' id='word_1_298' title='bbox 952 2587 1092 2654; x_wconf 85' lang='lat' dir='ltr'>Jani,</span> <span class='ocrx_word' id='word_1_299' title='bbox 1132 2591 1205 2641; x_wconf 86' lang='lat' dir='ltr'>ita</span> <span class='ocrx_word' id='word_1_300' title='bbox 1241 2593 1398 2643; x_wconf 89' lang='lat' dir='ltr'>etiam</span> <span class='ocrx_word' id='word_1_301' title='bbox 1436 2594 1650 2645; x_wconf 84' lang='lat' dir='ltr'>Mitsch·</span> <span class='ocrx_word' id='word_1_302' title='bbox 1673 2595 1888 2658; x_wconf 84' lang='lat' dir='ltr'>Bipont.</span> <span class='ocrx_word' id='word_1_303' title='bbox 1910 2595 2125 2645; x_wconf 85' lang='lat' dir='ltr'>Wetzel.</span> <span class='ocrx_word' id='word_1_304' title='bbox 2149 2597 2537 2680; x_wconf 28' lang='lat' dir='ltr'>et1Kidd.J‹1m·</span> 
     </span>
    </p>
   </div>
   <div class='ocr_carea' id='block_1_8' title="bbox 327 2753 2524 2921">
    <p class='ocr_par' dir='ltr' id='par_1_9' title="bbox 327 2753 2524 2921">
     <span class='ocr_line' id='line_1_30' title="bbox 1317 2753 1538 2805; baseline 0.005 -1"><span class='ocrx_word' id='word_1_305' title='bbox 1317 2753 1538 2805; x_wconf 81' lang='lat' dir='ltr'>NOTAE</span> 
     </span>
     <span class='ocr_line' id='line_1_31' title="bbox 327 2805 2524 2921; baseline 0.008 -31"><span class='ocrx_word' id='word_1_306' title='bbox 327 2838 542 2908; x_wconf 81' lang='lat' dir='ltr'>Ionibus</span> <span class='ocrx_word' id='word_1_307' title='bbox 567 2805 788 2896; x_wconf 64' lang='lat' dir='ltr'>Graeciae</span> <span class='ocrx_word' id='word_1_308' title='bbox 823 2848 1027 2911; x_wconf 88' lang='lat' dir='ltr'>populis</span> <span class='ocrx_word' id='word_1_309' title='bbox 1059 2849 1280 2914; x_wconf 89' lang='lat' dir='ltr'>oriundi,</span> <span class='ocrx_word' id='word_1_310' title='bbox 1304 2866 1385 2901; x_wconf 87' lang='lat' dir='ltr'>re·</span> <span class='ocrx_word' id='word_1_311' title='bbox 1467 2853 1616 2904; x_wconf 86' lang='lat' dir='ltr'>testis</span> <span class='ocrx_word' id='word_1_312' title='bbox 1660 2860 1739 2905; x_wconf 85' lang='lat' dir='ltr'>est</span> <span class='ocrx_word' id='word_1_313' title='bbox 1776 2854 1952 2920; x_wconf 86' lang='lat' dir='ltr'>Scipio</span> <span class='ocrx_word' id='word_1_314' title='bbox 1989 2856 2311 2917; x_wconf 84' lang='lat' dir='ltr'>AEmilianns‚</span> <span class='ocrx_word' id='word_1_315' title='bbox 2349 2857 2436 2921; x_wconf 86' lang='lat' dir='ltr'>qui</span> <span class='ocrx_word' id='word_1_316' title='bbox 2470 2859 2524 2908; x_wconf 89' lang='lat' dir='ltr'>in</span> 
     </span>
    </p>
   </div>
   <div class='ocr_carea' id='block_1_9' title="bbox 326 2921 1384 2983">
    <p class='ocr_par' dir='ltr' id='par_1_10' title="bbox 326 2921 1384 2983">
     <span class='ocr_line' id='line_1_32' title="bbox 326 2921 1384 2983; baseline 0.013 -16"><span class='ocrx_word' id='word_1_317' title='bbox 326 2921 529 2983; x_wconf 87' lang='lat' dir='ltr'>gionem</span> <span class='ocrx_word' id='word_1_318' title='bbox 574 2924 823 2976; x_wconf 83' lang='lat' dir='ltr'>tenebant</span> <span class='ocrx_word' id='word_1_319' title='bbox 859 2926 1071 2977; x_wconf 87' lang='lat' dir='ltr'>AEolidis</span> <span class='ocrx_word' id='word_1_320' title='bbox 1116 2936 1172 2979; x_wconf 86' lang='lat' dir='ltr'>et</span> <span class='ocrx_word' id='word_1_321' title='bbox 1218 2931 1384 2981; x_wconf 83' lang='lat' dir='ltr'>Cariae</span> 
     </span>
    </p>
   </div>
   <div class='ocr_carea' id='block_1_10' title="bbox 324 2997 1406 3072">
    <p class='ocr_par' dir='ltr' id='par_1_11' title="bbox 324 2997 1406 3072">
     <span class='ocr_line' id='line_1_33' title="bbox 324 2997 1406 3072; baseline 0.013 -27"><span class='ocrx_word' id='word_1_322' title='bbox 324 2997 566 3063; x_wconf 87' lang='lat' dir='ltr'>mediam,</span> <span class='ocrx_word' id='word_1_323' title='bbox 586 3001 707 3051; x_wconf 87' lang='lat' dir='ltr'>coeli</span> <span class='ocrx_word' id='word_1_324' title='bbox 742 3003 1014 3054; x_wconf 83' lang='lat' dir='ltr'>clementia</span> <span class='ocrx_word' id='word_1_325' title='bbox 1047 3013 1101 3056; x_wconf 91' lang='lat' dir='ltr'>et</span> <span class='ocrx_word' id='word_1_326' title='bbox 1128 3003 1406 3072; x_wconf 52' lang='lat' dir='ltr'>bonitate„</span> 
     </span>
    </p>
   </div>
   <div class='ocr_carea' id='block_1_11' title="bbox 315 3074 1384 4370">
    <p class='ocr_par' dir='ltr' id='par_1_12' title="bbox 322 3074 1384 3203">
     <span class='ocr_line' id='line_1_34' title="bbox 323 3074 1384 3150; baseline 0.014 -29"><span class='ocrx_word' id='word_1_327' title='bbox 323 3074 593 3137; x_wconf 80' lang='lat' dir='ltr'>solietiam</span> <span class='ocrx_word' id='word_1_328' title='bbox 609 3080 903 3130; x_wconf 82' lang='lat' dir='ltr'>amoenitate</span> <span class='ocrx_word' id='word_1_329' title='bbox 919 3089 977 3132; x_wconf 83' lang='lat' dir='ltr'>et</span> <span class='ocrx_word' id='word_1_330' title='bbox 992 3082 1236 3134; x_wconf 87' lang='lat' dir='ltr'>ubertate</span> <span class='ocrx_word' id='word_1_331' title='bbox 1253 3100 1384 3150; x_wconf 80' lang='lat' dir='ltr'>prae-</span> 
     </span>
     <span class='ocr_line' id='line_1_35' title="bbox 322 3159 570 3203; baseline 0.012 -3"><span class='ocrx_word' id='word_1_332' title='bbox 322 3159 570 3203; x_wconf 84' lang='lat' dir='ltr'>stantem.</span> 
     </span>
    </p>

    <p class='ocr_par' dir='ltr' id='par_1_13' title="bbox 315 3229 1383 4370">
     <span class='ocr_line' id='line_1_36' title="bbox 389 3229 1382 3301; baseline 0.011 -24"><span class='ocrx_word' id='word_1_333' title='bbox 389 3231 453 3277; x_wconf 75' lang='lat'>22</span> <span class='ocrx_word' id='word_1_334' title='bbox 488 3229 720 3292; x_wconf 71' lang='lat' dir='ltr'>Pingitur</span> <span class='ocrx_word' id='word_1_335' title='bbox 754 3233 968 3298; x_wconf 78' lang='lat' dir='ltr'>artubus]</span> <span class='ocrx_word' id='word_1_336' title='bbox 1007 3235 1132 3301; x_wconf 86' lang='lat' dir='ltr'>Alii,</span> <span class='ocrx_word' id='word_1_337' title='bbox 1165 3238 1382 3288; x_wconf 78' lang='lat' dir='ltr'>artibus.-</span> 
     </span>
     <span class='ocr_line' id='line_1_37' title="bbox 325 3304 1383 3378; baseline 0.011 -25"><span class='ocrx_word' id='word_1_338' title='bbox 325 3304 510 3355; x_wconf 83' lang='lat' dir='ltr'>eodem</span> <span class='ocrx_word' id='word_1_339' title='bbox 534 3314 677 3357; x_wconf 78' lang='lat' dir='ltr'>certe</span> <span class='ocrx_word' id='word_1_340' title='bbox 694 3310 884 3360; x_wconf 84' lang='lat' dir='ltr'>recidit</span> <span class='ocrx_word' id='word_1_341' title='bbox 907 3314 1162 3363; x_wconf 86' lang='lat' dir='ltr'>sententia</span> <span class='ocrx_word' id='word_1_342' title='bbox 1177 3333 1192 3362; x_wconf 70' lang='grc' dir='ltr'><strong>ε</strong></span> <span class='ocrx_word' id='word_1_343' title='bbox 1213 3315 1264 3364; x_wconf 88' lang='lat' dir='ltr'>id</span> <span class='ocrx_word' id='word_1_344' title='bbox 1283 3322 1383 3378; x_wconf 85' lang='lat' dir='ltr'>est,</span> 
     </span>
     <span class='ocr_line' id='line_1_38' title="bbox 321 3382 1381 3442; baseline 0.012 -13"><span class='ocrx_word' id='word_1_345' title='bbox 321 3382 604 3431; x_wconf 86' lang='lat' dir='ltr'>secundum</span> <span class='ocrx_word' id='word_1_346' title='bbox 651 3392 813 3435; x_wconf 84' lang='lat' dir='ltr'>artem</span> <span class='ocrx_word' id='word_1_347' title='bbox 853 3391 1049 3438; x_wconf 84' lang='lat' dir='ltr'>moveri</span> <span class='ocrx_word' id='word_1_348' title='bbox 1093 3397 1147 3440; x_wconf 87' lang='lat' dir='ltr'>et</span> <span class='ocrx_word' id='word_1_349' title='bbox 1189 3392 1381 3442; x_wconf 84' lang='lat' dir='ltr'>saltare</span> 
     </span>
     <span class='ocr_line' id='line_1_39' title="bbox 322 3455 1381 3527; baseline 0.012 -22"><span class='ocrx_word' id='word_1_350' title='bbox 322 3455 560 3509; x_wconf 84' lang='lat' dir='ltr'>docetur.</span> <span class='ocrx_word' id='word_1_351' title='bbox 628 3461 1143 3527; x_wconf 76' lang='lat' dir='ltr'>Quidam‚fi·angitur</span> <span class='ocrx_word' id='word_1_352' title='bbox 1166 3468 1381 3517; x_wconf 79' lang='lat' dir='ltr'>artubus.</span> 
     </span>
     <span class='ocr_line' id='line_1_40' title="bbox 320 3534 1382 3607; baseline 0.008 -24"><span class='ocrx_word' id='word_1_353' title='bbox 320 3534 503 3584; x_wconf 86' lang='lat' dir='ltr'>Mollia</span> <span class='ocrx_word' id='word_1_354' title='bbox 519 3536 694 3588; x_wconf 89' lang='lat' dir='ltr'>studet</span> <span class='ocrx_word' id='word_1_355' title='bbox 712 3538 937 3587; x_wconf 81' lang='lat' dir='ltr'>membra</span> <span class='ocrx_word' id='word_1_356' title='bbox 956 3542 1021 3589; x_wconf 87' lang='lat' dir='ltr'>ad</span> <span class='ocrx_word' id='word_1_357' title='bbox 1043 3549 1213 3591; x_wconf 88' lang='lat' dir='ltr'>motus</span> <span class='ocrx_word' id='word_1_358' title='bbox 1230 3558 1382 3607; x_wconf 78' lang='lat' dir='ltr'>quos-</span> 
     </span>
     <span class='ocr_line' id='line_1_41' title="bbox 320 3609 1382 3667; baseline 0.01 -10"><span class='ocrx_word' id='word_1_359' title='bbox 320 3609 453 3659; x_wconf 87' lang='lat' dir='ltr'>libet</span> <span class='ocrx_word' id='word_1_360' title='bbox 474 3609 699 3663; x_wconf 87' lang='lat' dir='ltr'>efficere.</span> <span class='ocrx_word' id='word_1_361' title='bbox 757 3614 993 3665; x_wconf 88' lang='lat' dir='ltr'>Macrob.</span> <span class='ocrx_word' id='word_1_362' title='bbox 1014 3628 1102 3667; x_wconf 80' lang='grc' dir='ltr'>ιιι.</span> <span class='ocrx_word' id='word_1_363' title='bbox 1126 3620 1206 3665; x_wconf 82' lang='grc'>14.</span> <span class='ocrx_word' id='word_1_364' title='bbox 1228 3618 1246 3645; x_wconf 89' lang='lat'>‘</span> <span class='ocrx_word' id='word_1_365' title='bbox 1272 3619 1382 3667; x_wconf 85' lang='lat' dir='ltr'>Sal·</span> 
     </span>
     <span class='ocr_line' id='line_1_42' title="bbox 323 3687 1380 3755; baseline 0.007 -19"><span class='ocrx_word' id='word_1_366' title='bbox 323 3687 469 3737; x_wconf 84' lang='lat' dir='ltr'>tandi</span> <span class='ocrx_word' id='word_1_367' title='bbox 503 3703 630 3738; x_wconf 89' lang='lat' dir='ltr'>cura</span> <span class='ocrx_word' id='word_1_368' title='bbox 658 3703 759 3739; x_wconf 89' lang='lat' dir='ltr'>non</span> <span class='ocrx_word' id='word_1_369' title='bbox 786 3690 1082 3755; x_wconf 81' lang='lat' dir='ltr'>inhonesta,</span> <span class='ocrx_word' id='word_1_370' title='bbox 1105 3693 1380 3744; x_wconf 88' lang='lat' dir='ltr'>dummodo</span> 
     </span>
     <span class='ocr_line' id='line_1_43' title="bbox 315 3767 1379 3834; baseline 0.008 -20"><span class='ocrx_word' id='word_1_371' title='bbox 315 3778 427 3815; x_wconf 80' lang='lat' dir='ltr'>non</span> <span class='ocrx_word' id='word_1_372' title='bbox 442 3767 730 3829; x_wconf 86' lang='lat' dir='ltr'>curiosa,et</span> <span class='ocrx_word' id='word_1_373' title='bbox 755 3783 916 3832; x_wconf 87' lang='lat' dir='ltr'>usque</span> <span class='ocrx_word' id='word_1_374' title='bbox 939 3769 1005 3818; x_wconf 84' lang='lat' dir='ltr'>ad</span> <span class='ocrx_word' id='word_1_375' title='bbox 1032 3769 1160 3820; x_wconf 86' lang='lat' dir='ltr'>artis</span> <span class='ocrx_word' id='word_1_376' title='bbox 1179 3770 1379 3834; x_wconf 86' lang='lat' dir='ltr'>perfec·</span> 
     </span>
     <span class='ocr_line' id='line_1_44' title="bbox 318 3842 1382 3911; baseline 0.006 -21"><span class='ocrx_word' id='word_1_377' title='bbox 318 3842 527 3893; x_wconf 81' lang='lat' dir='ltr'>tionem.</span> <span class='ocrx_word' id='word_1_378' title='bbox 604 3843 743 3895; x_wconf 83' lang='lat' dir='ltr'>Quid</span> <span class='ocrx_word' id='word_1_379' title='bbox 784 3845 939 3907; x_wconf 86' lang='lat' dir='ltr'>enim,</span> <span class='ocrx_word' id='word_1_380' title='bbox 977 3844 1056 3893; x_wconf 88' lang='lat' dir='ltr'>ait</span> <span class='ocrx_word' id='word_1_381' title='bbox 1097 3845 1382 3911; x_wconf 82' lang='lat' dir='ltr'>Sallustius,</span> 
     </span>
     <span class='ocr_line' id='line_1_45' title="bbox 316 3918 1377 3992; baseline 0.007 -26"><span class='ocrx_word' id='word_1_382' title='bbox 316 3918 562 3982; x_wconf 85' lang='lat' dir='ltr'>psallere,</span> <span class='ocrx_word' id='word_1_383' title='bbox 585 3920 772 3969; x_wconf 82' lang='lat' dir='ltr'>saltare</span> <span class='ocrx_word' id='word_1_384' title='bbox 796 3921 1082 3992; x_wconf 61' lang='lat' dir='ltr'>elegantius</span> <span class='ocrx_word' id='word_1_385' title='bbox 1113 3933 1265 3985; x_wconf 88' lang='lat' dir='ltr'>quam</span> <span class='ocrx_word' id='word_1_386' title='bbox 1289 3937 1377 3973; x_wconf 89' lang='lat' dir='ltr'>ne-</span> 
     </span>
     <span class='ocr_line' id='line_1_46' title="bbox 316 3995 1378 4057; baseline 0.006 -15"><span class='ocrx_word' id='word_1_387' title='bbox 316 4007 465 4044; x_wconf 83' lang='lat' dir='ltr'>cesse</span> <span class='ocrx_word' id='word_1_388' title='bbox 488 4001 570 4043; x_wconf 87' lang='lat' dir='ltr'>est</span> <span class='ocrx_word' id='word_1_389' title='bbox 593 3996 768 4057; x_wconf 66' lang='lat' dir='ltr'>probae</span> <span class='ocrx_word' id='word_1_390' title='bbox 781 3995 819 4044; x_wconf 87' lang='lat'>?’</span> <span class='ocrx_word' id='word_1_391' title='bbox 849 3996 1089 4052; x_wconf 87' lang='lat' dir='ltr'>nimirum</span> <span class='ocrx_word' id='word_1_392' title='bbox 1110 4005 1378 4057; x_wconf 76' lang='lat' dir='ltr'>matronae,</span> 
     </span>
     <span class='ocr_line' id='line_1_47' title="bbox 315 4069 1379 4135; baseline 0.005 -16"><span class='ocrx_word' id='word_1_393' title='bbox 315 4076 408 4120; x_wconf 85' lang='lat' dir='ltr'>aut</span> <span class='ocrx_word' id='word_1_394' title='bbox 446 4069 652 4133; x_wconf 79' lang='lat' dir='ltr'>virgini.</span> <span class='ocrx_word' id='word_1_395' title='bbox 721 4070 885 4121; x_wconf 83' lang='lat' dir='ltr'>Addit</span> <span class='ocrx_word' id='word_1_396' title='bbox 917 4071 1034 4121; x_wconf 85' lang='lat' dir='ltr'>ille:</span> <span class='ocrx_word' id='word_1_397' title='bbox 1070 4077 1084 4103; x_wconf 92' lang='lat'>‘</span> <span class='ocrx_word' id='word_1_398' title='bbox 1111 4073 1379 4135; x_wconf 76' lang='lat' dir='ltr'>Nobilium</span> 
     </span>
     <span class='ocr_line' id='line_1_48' title="bbox 316 4144 1380 4217; baseline 0.007 -23"><span class='ocrx_word' id='word_1_399' title='bbox 316 4159 442 4196; x_wconf 83' lang='lat' dir='ltr'>vero</span> <span class='ocrx_word' id='word_1_400' title='bbox 463 4144 618 4209; x_wconf 87' lang='lat' dir='ltr'>filios,</span> <span class='ocrx_word' id='word_1_401' title='bbox 640 4153 696 4197; x_wconf 87' lang='lat' dir='ltr'>et</span> <span class='ocrx_word' id='word_1_402' title='bbox 727 4146 894 4213; x_wconf 86' lang='lat' dir='ltr'>(quod</span> <span class='ocrx_word' id='word_1_403' title='bbox 917 4150 1063 4200; x_wconf 89' lang='lat' dir='ltr'>dictu</span> <span class='ocrx_word' id='word_1_404' title='bbox 1091 4149 1239 4201; x_wconf 85' lang='lat' dir='ltr'>nefas</span> <span class='ocrx_word' id='word_1_405' title='bbox 1268 4151 1380 4217; x_wconf 81' lang='lat' dir='ltr'>est)</span> 
     </span>
     <span class='ocr_line' id='line_1_49' title="bbox 315 4222 1379 4290; baseline 0.005 -16"><span class='ocrx_word' id='word_1_406' title='bbox 315 4222 449 4275; x_wconf 86' lang='lat' dir='ltr'>filias</span> <span class='ocrx_word' id='word_1_407' title='bbox 483 4237 690 4289; x_wconf 89' lang='lat' dir='ltr'>quoque</span> <span class='ocrx_word' id='word_1_408' title='bbox 720 4225 944 4290; x_wconf 78' lang='lat' dir='ltr'>virgines</span> <span class='ocrx_word' id='word_1_409' title='bbox 979 4226 1115 4277; x_wconf 84' lang='lat' dir='ltr'>inter</span> <span class='ocrx_word' id='word_1_410' title='bbox 1146 4228 1379 4279; x_wconf 84' lang='lat' dir='ltr'>studiosa</span> 
     </span>
     <span class='ocr_line' id='line_1_50' title="bbox 316 4301 1377 4370; baseline 0.009 -23"><span class='ocrx_word' id='word_1_411' title='bbox 316 4312 610 4349; x_wconf 85' lang='lat' dir='ltr'>numerasse</span> <span class='ocrx_word' id='word_1_412' title='bbox 681 4301 905 4351; x_wconf 80' lang='lat' dir='ltr'>saltandi</span> <span class='ocrx_word' id='word_1_413' title='bbox 969 4304 1377 4370; x_wconf 81' lang='lat' dir='ltr'>meditationem,</span> 
     </span>
    </p>
   </div>
   <div class='ocr_carea' id='block_1_12' title="bbox 1457 2932 2567 4369">
    <p class='ocr_par' dir='ltr' id='par_1_14' title="bbox 1457 2932 2567 4369">
     <span class='ocr_line' id='line_1_51' title="bbox 1463 2932 2522 2998; baseline 0.005 -18"><span class='ocrx_word' id='word_1_414' title='bbox 1463 2932 1697 2981; x_wconf 88' lang='lat' dir='ltr'>oratione</span> <span class='ocrx_word' id='word_1_415' title='bbox 1751 2939 1936 2982; x_wconf 86' lang='lat' dir='ltr'>contra</span> <span class='ocrx_word' id='word_1_416' title='bbox 1987 2933 2154 2998; x_wconf 80' lang='lat' dir='ltr'>legem</span> <span class='ocrx_word' id='word_1_417' title='bbox 2191 2933 2522 2998; x_wconf 86' lang='lat' dir='ltr'>judiciariam</span> 
     </span>
     <span class='ocr_line' id='line_1_52' title="bbox 1462 3007 2524 3076; baseline 0.008 -20"><span class='ocrx_word' id='word_1_418' title='bbox 1462 3007 1579 3059; x_wconf 85' lang='lat' dir='ltr'>Tib.</span> <span class='ocrx_word' id='word_1_419' title='bbox 1602 3007 1829 3059; x_wconf 82' lang='lat' dir='ltr'>Gracchi</span> <span class='ocrx_word' id='word_1_420' title='bbox 1859 3010 1934 3059; x_wconf 88' lang='lat' dir='ltr'>sic</span> <span class='ocrx_word' id='word_1_421' title='bbox 1965 3010 2072 3061; x_wconf 77' lang='lat' dir='ltr'>ait:</span> <span class='ocrx_word' id='word_1_422' title='bbox 2113 3010 2370 3062; x_wconf 89' lang='lat' dir='ltr'>docentur</span> <span class='ocrx_word' id='word_1_423' title='bbox 2391 3027 2524 3076; x_wconf 77' lang='lat' dir='ltr'>proe-</span> 
     </span>
     <span class='ocr_line' id='line_1_53' title="bbox 1461 3078 2525 3148; baseline 0.006 -15"><span class='ocrx_word' id='word_1_424' title='bbox 1461 3078 1646 3148; x_wconf 74' lang='lat' dir='ltr'>stigias</span> <span class='ocrx_word' id='word_1_425' title='bbox 1665 3087 1992 3136; x_wconf 79' lang='lat' dir='ltr'>inhonestas:</span> <span class='ocrx_word' id='word_1_426' title='bbox 2028 3100 2145 3139; x_wconf 87' lang='lat' dir='ltr'>cum</span> <span class='ocrx_word' id='word_1_427' title='bbox 2158 3087 2428 3137; x_wconf 74' lang='lat' dir='ltr'>cinaedulis</span> <span class='ocrx_word' id='word_1_428' title='bbox 2447 3123 2459 3138; x_wconf 94' lang='lat'>.</span> <span class='ocrx_word' id='word_1_429' title='bbox 2479 3125 2492 3139; x_wconf 92' lang='lat'>.</span> <span class='ocrx_word' id='word_1_430' title='bbox 2509 3123 2525 3139; x_wconf 95' lang='lat'>.</span> 
     </span>
     <span class='ocr_line' id='line_1_54' title="bbox 1464 3160 2533 3224; baseline 0.006 -14"><span class='ocrx_word' id='word_1_431' title='bbox 1464 3160 1673 3212; x_wconf 88' lang='lat' dir='ltr'>discunt</span> <span class='ocrx_word' id='word_1_432' title='bbox 1715 3171 1959 3224; x_wconf 80' lang='lat' dir='ltr'>cantare3</span> <span class='ocrx_word' id='word_1_433' title='bbox 2015 3178 2133 3213; x_wconf 89' lang='lat' dir='ltr'>cum</span> <span class='ocrx_word' id='word_1_434' title='bbox 2177 3166 2423 3215; x_wconf 83' lang='lat' dir='ltr'>sambuca</span> <span class='ocrx_word' id='word_1_435' title='bbox 2467 3174 2533 3216; x_wconf 37' lang='lat' dir='ltr'>etr</span> 
     </span>
     <span class='ocr_line' id='line_1_55' title="bbox 1464 3240 2524 3306; baseline 0.007 -20"><span class='ocrx_word' id='word_1_436' title='bbox 1464 3240 1709 3302; x_wconf 86' lang='lat' dir='ltr'>psalterio</span> <span class='ocrx_word' id='word_1_437' title='bbox 1731 3248 1876 3304; x_wconf 87' lang='lat' dir='ltr'>eunt,</span> <span class='ocrx_word' id='word_1_438' title='bbox 1895 3244 1994 3291; x_wconf 72' lang='grc' dir='ltr'>ὅτε.</span> <span class='ocrx_word' id='word_1_439' title='bbox 2030 3256 2144 3306; x_wconf 83' lang='lat' dir='ltr'>qnae</span> <span class='ocrx_word' id='word_1_440' title='bbox 2167 3242 2386 3306; x_wconf 85' lang='lat' dir='ltr'>majores</span> <span class='ocrx_word' id='word_1_441' title='bbox 2408 3257 2524 3293; x_wconf 89' lang='lat' dir='ltr'>nos·</span> 
     </span>
     <span class='ocr_line' id='line_1_56' title="bbox 1463 3314 2529 3379; baseline 0.008 -17"><span class='ocrx_word' id='word_1_442' title='bbox 1463 3314 1531 3363; x_wconf 85' lang='lat' dir='ltr'>tri</span> <span class='ocrx_word' id='word_1_443' title='bbox 1568 3314 1806 3378; x_wconf 85' lang='lat' dir='ltr'>ingenuis</span> <span class='ocrx_word' id='word_1_444' title='bbox 1844 3316 2037 3379; x_wconf 88' lang='lat' dir='ltr'>probro</span> <span class='ocrx_word' id='word_1_445' title='bbox 2072 3316 2529 3372; x_wconf 80' lang='lat' dir='ltr'>ducivoluerunt..</span> 
     </span>
     <span class='ocr_line' id='line_1_57' title="bbox 1462 3390 2520 3456; baseline 0.005 -18"><span class='ocrx_word' id='word_1_446' title='bbox 1462 3390 1623 3453; x_wconf 91' lang='lat' dir='ltr'>Eunt,</span> <span class='ocrx_word' id='word_1_447' title='bbox 1652 3391 1952 3455; x_wconf 67' lang='lat' dir='ltr'>inquam,in</span> <span class='ocrx_word' id='word_1_448' title='bbox 1973 3390 2149 3440; x_wconf 90' lang='lat' dir='ltr'>ludum</span> <span class='ocrx_word' id='word_1_449' title='bbox 2178 3393 2520 3456; x_wconf 84' lang='lat' dir='ltr'>saltatorium,</span> 
     </span>
     <span class='ocr_line' id='line_1_58' title="bbox 1463 3465 2521 3531; baseline 0.004 -18"><span class='ocrx_word' id='word_1_450' title='bbox 1463 3465 1603 3514; x_wconf 86' lang='lat' dir='ltr'>inter</span> <span class='ocrx_word' id='word_1_451' title='bbox 1634 3466 1878 3526; x_wconf 68' lang='lat' dir='ltr'>cinaedos,⁴</span> <span class='ocrx_word' id='word_1_452' title='bbox 1900 3465 2124 3527; x_wconf 81' lang='lat' dir='ltr'>virgines</span> <span class='ocrx_word' id='word_1_453' title='bbox 2161 3468 2411 3531; x_wconf 83' lang='lat' dir='ltr'>puerique</span> <span class='ocrx_word' id='word_1_454' title='bbox 2443 3470 2521 3517; x_wconf 86' lang='lat' dir='ltr'>in·</span> 
     </span>
     <span class='ocr_line' id='line_1_59' title="bbox 1464 3541 2521 3607; baseline 0.006 -19"><span class='ocrx_word' id='word_1_455' title='bbox 1464 3541 1649 3604; x_wconf 85' lang='lat' dir='ltr'>genui.</span> <span class='ocrx_word' id='word_1_456' title='bbox 1667 3575 1713 3592; x_wconf 91' lang='lat'>..</span> <span class='ocrx_word' id='word_1_457' title='bbox 1730 3542 1794 3591; x_wconf 90' lang='lat' dir='ltr'>In</span> <span class='ocrx_word' id='word_1_458' title='bbox 1829 3557 1891 3592; x_wconf 89' lang='lat' dir='ltr'>eo</span> <span class='ocrx_word' id='word_1_459' title='bbox 1923 3542 2046 3591; x_wconf 89' lang='lat' dir='ltr'>ludo</span> <span class='ocrx_word' id='word_1_460' title='bbox 2070 3543 2176 3592; x_wconf 85' lang='lat' dir='ltr'>vidi</span> <span class='ocrx_word' id='word_1_461' title='bbox 2203 3544 2319 3606; x_wconf 89' lang='lat' dir='ltr'>plus</span> <span class='ocrx_word' id='word_1_462' title='bbox 2343 3547 2521 3607; x_wconf 90' lang='lat' dir='ltr'>pueris</span> 
     </span>
     <span class='ocr_line' id='line_1_60' title="bbox 1463 3617 2567 3681; baseline 0.006 -17"><span class='ocrx_word' id='word_1_463' title='bbox 1463 3623 1517 3665; x_wconf 85' lang='lat' dir='ltr'>et</span> <span class='ocrx_word' id='word_1_464' title='bbox 1540 3617 1825 3681; x_wconf 83' lang='lat' dir='ltr'>virginibus</span> <span class='ocrx_word' id='word_1_465' title='bbox 1852 3618 2178 3681; x_wconf 81' lang='lat' dir='ltr'>quingentis:</span> <span class='ocrx_word' id='word_1_466' title='bbox 2219 3621 2270 3667; x_wconf 90' lang='lat' dir='ltr'>in</span> <span class='ocrx_word' id='word_1_467' title='bbox 2295 3619 2373 3667; x_wconf 87' lang='lat' dir='ltr'>his</span> <span class='ocrx_word' id='word_1_468' title='bbox 2397 3635 2529 3672; x_wconf 71' lang='lat' dir='ltr'>vem</span> <span class='ocrx_word' id='word_1_469' title='bbox 2560 3677 2567 3678; x_wconf 14' lang='grc' dir='ltr'><strong><em>ἶ</em></strong></span> 
     </span>
     <span class='ocr_line' id='line_1_61' title="bbox 1462 3692 2527 3759; baseline 0.004 -18"><span class='ocrx_word' id='word_1_470' title='bbox 1462 3706 1618 3741; x_wconf 90' lang='lat' dir='ltr'>unum</span> <span class='ocrx_word' id='word_1_471' title='bbox 1654 3692 1784 3759; x_wconf 89' lang='lat' dir='ltr'>(quo</span> <span class='ocrx_word' id='word_1_472' title='bbox 1817 3707 1900 3742; x_wconf 80' lang='lat' dir='ltr'>me</span> <span class='ocrx_word' id='word_1_473' title='bbox 1933 3693 2156 3742; x_wconf 86' lang='lat' dir='ltr'>maxime</span> <span class='ocrx_word' id='word_1_474' title='bbox 2196 3694 2527 3758; x_wconf 72' lang='lat' dir='ltr'>Reipublicae.</span> 
     </span>
     <span class='ocr_line' id='line_1_62' title="bbox 1460 3765 2521 3835; baseline 0.004 -20"><span class='ocrx_word' id='word_1_475' title='bbox 1460 3767 1726 3816; x_wconf 87' lang='lat' dir='ltr'>misertum</span> <span class='ocrx_word' id='word_1_476' title='bbox 1748 3765 1855 3831; x_wconf 87' lang='lat' dir='ltr'>est)</span> <span class='ocrx_word' id='word_1_477' title='bbox 1879 3782 2091 3831; x_wconf 84' lang='lat' dir='ltr'>puerum</span> <span class='ocrx_word' id='word_1_478' title='bbox 2110 3768 2362 3818; x_wconf 86' lang='lat' dir='ltr'>bullatum</span> <span class='ocrx_word' id='word_1_479' title='bbox 2385 3770 2521 3835; x_wconf 86' lang='lat' dir='ltr'>peti-</span> 
     </span>
     <span class='ocr_line' id='line_1_63' title="bbox 1462 3843 2521 3906; baseline 0.004 -13"><span class='ocrx_word' id='word_1_480' title='bbox 1462 3845 1591 3893; x_wconf 85' lang='lat' dir='ltr'>toris</span> <span class='ocrx_word' id='word_1_481' title='bbox 1612 3843 1792 3906; x_wconf 83' lang='lat' dir='ltr'>filium,</span> <span class='ocrx_word' id='word_1_482' title='bbox 1824 3858 1924 3893; x_wconf 91' lang='lat' dir='ltr'>non</span> <span class='ocrx_word' id='word_1_483' title='bbox 1959 3845 2205 3893; x_wconf 88' lang='lat' dir='ltr'>minorem</span> <span class='ocrx_word' id='word_1_484' title='bbox 2228 3847 2371 3896; x_wconf 83' lang='lat' dir='ltr'>annis</span> <span class='ocrx_word' id='word_1_485' title='bbox 2394 3846 2521 3896; x_wconf 82' lang='lat' dir='ltr'>dno-</span> 
     </span>
     <span class='ocr_line' id='line_1_64' title="bbox 1459 3915 2567 3988; baseline 0.005 -20"><span class='ocrx_word' id='word_1_486' title='bbox 1459 3919 1646 3982; x_wconf 87' lang='lat' dir='ltr'>decim,</span> <span class='ocrx_word' id='word_1_487' title='bbox 1683 3934 1799 3968; x_wconf 90' lang='lat' dir='ltr'>cum</span> <span class='ocrx_word' id='word_1_488' title='bbox 1843 3921 2057 3969; x_wconf 83' lang='lat' dir='ltr'>crotalis</span> <span class='ocrx_word' id='word_1_489' title='bbox 2097 3922 2321 3971; x_wconf 83' lang='lat' dir='ltr'>saltare:</span> <span class='ocrx_word' id='word_1_490' title='bbox 2363 3938 2518 3988; x_wconf 84' lang='lat' dir='ltr'>quam</span> <span class='ocrx_word' id='word_1_491' title='bbox 2553 3915 2567 3928; x_wconf 76' lang='lat'>⁸</span> 
     </span>
     <span class='ocr_line' id='line_1_65' title="bbox 1460 3991 2522 4061; baseline 0.004 -15"><span class='ocrx_word' id='word_1_492' title='bbox 1460 3991 1788 4047; x_wconf 75' lang='lat' dir='ltr'>saltationem</span> <span class='ocrx_word' id='word_1_493' title='bbox 1824 3996 2114 4061; x_wconf 84' lang='lat' dir='ltr'>impudicus</span> <span class='ocrx_word' id='word_1_494' title='bbox 2156 4000 2387 4049; x_wconf 82' lang='lat' dir='ltr'>servulus</span> <span class='ocrx_word' id='word_1_495' title='bbox 2432 4001 2522 4050; x_wconf 88' lang='lat' dir='ltr'>ho·</span> 
     </span>
     <span class='ocr_line' id='line_1_66' title="bbox 1459 4069 2453 4139; baseline 0.003 -18"><span class='ocrx_word' id='word_1_496' title='bbox 1459 4079 1609 4123; x_wconf 83' lang='lat' dir='ltr'>ueste</span> <span class='ocrx_word' id='word_1_497' title='bbox 1633 4075 1824 4123; x_wconf 87' lang='lat' dir='ltr'>saltare</span> <span class='ocrx_word' id='word_1_498' title='bbox 1846 4088 1948 4123; x_wconf 87' lang='lat' dir='ltr'>non</span> <span class='ocrx_word' id='word_1_499' title='bbox 1975 4074 2184 4139; x_wconf 85' lang='lat' dir='ltr'>posset,&#39;</span> <span class='ocrx_word' id='word_1_500' title='bbox 2206 4078 2302 4126; x_wconf 72' lang='grc' dir='ltr'>διο.</span> <span class='ocrx_word' id='word_1_501' title='bbox 2452 4069 2453 4074; x_wconf 66' lang='grc'>’</span> 
     </span>
     <span class='ocr_line' id='line_1_67' title="bbox 1522 4148 2525 4218; baseline 0.008 -19"><span class='ocrx_word' id='word_1_502' title='bbox 1522 4154 1586 4200; x_wconf 72' lang='grc'>23</span> <span class='ocrx_word' id='word_1_503' title='bbox 1622 4149 1856 4215; x_wconf 80' lang='lat' dir='ltr'>Incestos]</span> <span class='ocrx_word' id='word_1_504' title='bbox 1888 4148 2011 4200; x_wconf 86' lang='lat' dir='ltr'>Non</span> <span class='ocrx_word' id='word_1_505' title='bbox 2034 4159 2227 4214; x_wconf 90' lang='lat' dir='ltr'>castos,</span> <span class='ocrx_word' id='word_1_506' title='bbox 2248 4154 2525 4218; x_wconf 86' lang='lat' dir='ltr'>impuros..</span> 
     </span>
     <span class='ocr_line' id='line_1_68' title="bbox 1522 4227 2518 4291; baseline 0.002 -14"><span class='ocrx_word' id='word_1_507' title='bbox 1522 4231 1588 4277; x_wconf 82' lang='grc'>24</span> <span class='ocrx_word' id='word_1_508' title='bbox 1622 4227 1700 4277; x_wconf 86' lang='lat' dir='ltr'>De</span> <span class='ocrx_word' id='word_1_509' title='bbox 1720 4232 1876 4277; x_wconf 79' lang='lat' dir='ltr'>tenero</span> <span class='ocrx_word' id='word_1_510' title='bbox 1894 4227 2153 4277; x_wconf 77' lang='lat' dir='ltr'>meditatur</span> <span class='ocrx_word' id='word_1_511' title='bbox 2171 4229 2346 4291; x_wconf 77' lang='lat' dir='ltr'>ungui]</span> <span class='ocrx_word' id='word_1_512' title='bbox 2378 4229 2424 4279; x_wconf 79' lang='lat' dir='ltr'><strong><em>A</em></strong></span> <span class='ocrx_word' id='word_1_513' title='bbox 2446 4235 2518 4279; x_wconf 77' lang='lat' dir='ltr'>te·-</span> 
     </span>
     <span class='ocr_line' id='line_1_69' title="bbox 1457 4301 2518 4369; baseline -0.002 -14"><span class='ocrx_word' id='word_1_514' title='bbox 1457 4305 1604 4369; x_wconf 78' lang='lat' dir='ltr'>neris,</span> <span class='ocrx_word' id='word_1_515' title='bbox 1627 4308 1687 4352; x_wconf 89' lang='lat' dir='ltr'>ut</span> <span class='ocrx_word' id='word_1_516' title='bbox 1713 4302 1891 4355; x_wconf 73' lang='lat' dir='ltr'>Graeci</span> <span class='ocrx_word' id='word_1_517' title='bbox 1923 4301 2123 4368; x_wconf 87' lang='lat' dir='ltr'>dieunt,</span> <span class='ocrx_word' id='word_1_518' title='bbox 2151 4305 2438 4369; x_wconf 69' lang='lat' dir='ltr'>unguiculis,</span> <span class='ocrx_word' id='word_1_519' title='bbox 2470 4306 2518 4367; x_wconf 69' lang='grc' dir='ltr'>ἐξ</span> 
     </span>
    </p>
   </div>
  </div>
 </body>
</html>
