3059 4909
1246 409 1316 469 Q.
1362 405 1684 457 noRA‘rn
1735 407 2001 457 ummo!

966 556 1116 623 Neo
1146 560 1336 623 ourat
1362 552 1572 620 Orion
1596 554 1854 631 leoneS,

1046 659 1189 725 Aut
1215 659 1488 725 timidos
1514 658 1768 742 agitare
1797 659 2052 742 lyncas.
2237 688 2272 731 f

2647 656 2732 720 40

530 834 698 895 raptus
729 842 965 880 numm
995 825 1323 879 obliviscitur·
1353 840 1440 876 nee
1477 822 1632 874 Orion
1666 822 1852 886 mugit
1881 821 2047 874 venari
2077 824 2229 874 leones
2250 822 2325 874 vel
2352 822 2519 888 lyncas
2539 826 2739 878 untim-

531 898 669 946 losos.

1442 966 1810 990 ”OOOONONO

490 1104 505 1115 -
529 1073 668 1124 Jmi.
732 1071 956 1124 Mentel.
988 1057 1021 1123 a
1056 1087 1126 1124 m.
1164 1088 1248 1139 pr.
1285 1087 1446 1124 somno
1478 1085 1574 1137 pro
1604 1073 1865 1122 soum-40
1897 1066 2090 1120 Faern.
2120 1083 2249 1120 unns
2283 1069 2487 1119 Bet-sm.
2509 1066 2738 1119 Bentleii

496 1166 504 1172 -
531 1139 712 1189 Graev.
737 1137 926 1204 Regin.
950 1133 1190 1189 Petrens.
1211 1139 1333 1191 Gal.
1354 1146 1410 1189 et
1426 1138 1625 1190 Battel.
1667 1152 1699 1188 a
1731 1151 1799 1188 m.
1832 1151 1935 1187 sec.
1957 1136 2185 1194 timidam
2220 1135 2314 1186 sed
2352 1134 2548 1185 timidos
2577 1135 2733 1185 etiam

529 1203 787 1257 Priscian.
810 1218 865 1270 p.
883 1208 1000 1255 698.
1038 1194 1247 1257 eur-{das
1266 1203 1382 1257 Alt.
1401 1208 1448 1255 1.

1897 1225 1912 1239 0

1518 1331 1735 1385 NOTAE

529 1449 920 1513 perverterent?
934 1447 1293 1515 Porphyrium
1312 1448 1462 1514 duce,
1479 1448 1593 1513 qui·

529 1525 647 1573 dam
666 1524 850 1589 legunt
869 1526 1088 1586 laborem,
1112 1535 1169 1578 et
1190 1527 1429 1593 decipitur
1454 1527 1590 1578 acei-

525 1600 677 1665 piunt
694 1615 792 1666 pro
814 1602 1010 1669 decipit.
1052 1605 1312 1656 Quorsum
1337 1619 1460 1655 vero
1479 1613 1589 1655 tam

524 1675 699 1727 audax
737 1676 908 1743 figura
949 1688 1107 1747 atque
1139 1681 1394 1733 mutatio?
1432 1681 1590 1733 -'1'ur·

521 1752 689 1805 nebus
711 1755 877 1806 Aleaei
899 1757 1106 1810 labores
1131 1759 1413 1824 intelligit3
1436 1767 1496 1811 ut
1513 1759 1588 1811 sit

526 1844 744 1882 sensus:
792 1832 1162 1887 Prometheum
1206 1851 1267 1888 ae
1306 1837 1586 1889 Tantalum

527 1907 766 1971 proprias
811 1910 1049 1962 oblivisci
1099 1926 1297 1977 poenas,
1346 1911 1587 1965 delinitos

525 1984 731 2036 scilicet
751 2001 814 2038 ae
839 1988 999 2039 veluti
1029 1988 1279 2056 deceptos
1298 1991 1444 2042 suavi
1465 2005 1589 2040 oan-

526 2068 587 2111 tu
619 2069 677 2114 et
698 2065 997 2115 narratione
1018 2066 1254 2118 laborum
1275 2067 1444 2119 Aloael
1454 2084 1480 2137 3
1517 2067 1588 2118 de

522 2136 709 2203 quibus
731 2155 909 2206 supra.
977 2143 1168 2193 Verum
1185 2143 1254 2195 de
1282 2143 1587 2196 Promethei

521 2214 832 2284 Tantalique
875 2220 1135 2272 laboribus
1172 2222 1258 2273 hie
1294 2237 1465 2274 sermo
1502 2230 1589 2275 est

521 2302 735 2359 apertus
765 2296 972 2361 quidem
1005 2304 1062 2350 et
1088 2298 1433 2353 manifestusz
1470 2316 1588 2353 sen-

521 2383 710 2436 susque
748 2379 865 2424 est:
898 2374 1241 2428 Prometheus
1276 2384 1334 2428 et
1370 2378 1592 2444 Pelopis

521 2462 708 2512 parens
731 2449 872 2502 dulei
894 2466 1020 2504 sono
1039 2461 1098 2505 et
1116 2456 1468 2508 modulatione
1493 2457 1586 2508 Al·

521 2527 619 2577 eaei
662 2530 949 2582 carminum
988 2540 1046 2583 et
1089 2534 1327 2599 Sapphus
1360 2543 1585 2604 uterque

519 2606 653 2658 adeo
674 2610 885 2674 eapitur
905 2617 962 2662 et
981 2612 1203 2677 fallitur,
1221 2622 1280 2666 ut
1297 2616 1444 2681 quasi
1468 2632 1586 2668 sen-

510 2697 631 2738 ⁴amm
668 2694 829 2751 atque
863 2689 1165 2741 memoriam
1201 2692 1411 2743 amittat
1447 2693 1589 2744 labo·

518 2776 633 2814 rum
652 2771 710 2816 et
727 2768 1052 2818 cruciatuum
1072 2785 1297 2833 suornm.

585 2843 652 2890 89
684 2843 790 2894 Nec
809 2851 948 2895 curat
967 2845 1123 2895 Orion
1137 2848 1311 2915 leones,
1330 2847 1441 2913 ζα]
1474 2844 1586 2897 De·

517 2916 675 2982 nique
699 2919 866 2971 Orion
889 2936 1007 2972 cnm
1031 2923 1147 2975 aliis
1178 2923 1245 2974 ad
1270 2924 1586 2975 audiendum

517 3002 788 3058 properat,
826 2994 1142 3064 abjectaque
1172 2999 1392 3050 venandi
1436 3015 1582 3064 cura,

523 3084 628 3134 qua
648 3072 784 3121 solet
805 3074 1074 3138 occupari,
1096 3074 1162 3124 sd
1193 3076 1378 3126 dulces
1393 3084 1580 3128 cantus

517 3144 764 3199 accurrit.
799 3147 965 3200 Aiunt
986 3151 1224 3202 nimirum
1242 3151 1423 3204 eedem
1439 3153 1582 3218 apud

516 3221 723 3273 Inferos
761 3225 959 3276 umbris
994 3228 1166 3278 inesse
1188 3243 1250 3279 ac
1272 3228 1446 3295 vigere
1468 3237 1582 3280 stu·

515 3299 624 3365 dia,
649 3301 838 3366 quibus
858 3304 1091 3355 viventes
1104 3304 1439 3359 tenebantur.
1463 3308 1580 3358 Vir·

517 3376 608 3441 gil.
629 3376 830 3431 AEneid.
853 3393 926 3430 vr.
949 3385 1066 3432 658.
1100 3383 1115 3410 ‘
1134 3384 1268 3436 Qum
1282 3386 1449 3449 gratia
1465 3400 1580 3447 eur·

514 3467 628 3503 rum
653 3451 1034 3523 Armorumque
1057 3457 1155 3509 fuit
1181 3460 1331 3523 vivis,
1349 3475 1465 3526 quae
1489 3477 1579 3512 eu·

516 3543 576 3580 ra
616 3531 851 3584 nitentes
895 3534 1124 3586 Pascere
1170 3551 1352 3602 equos,
1392 3538 1579 3590 eadem

514 3609 751 3673 sequitur
768 3612 959 3663 tellure
969 3613 1244 3678 repostos?
1267 3615 1581 3668 Ovid.Met.

514 3697 594 3736 lv.
615 3689 729 3737 ⁴33.
762 3689 778 3716 ‘
799 3689 994 3740 Errant
1024 3705 1308 3754 exsangues
1331 3692 1444 3743 sine
1462 3707 1581 3743 eor-

514 3774 643 3825 pore
666 3770 721 3812 et
741 3764 943 3816 ossibus
963 3768 1177 3816 umbrae.
1242 3768 1476 3835 Parsque
1496 3768 1580 3820 fo-

511 3848 629 3888 rum
650 3840 922 3893 celebrant
940 3858 959 3905 ς
981 3856 1104 3907 pars
1120 3843 1211 3895 imi
1234 3851 1378 3897 tecta
1399 3852 1574 3911 tyran·

1667 1447 1754 1509 ni3
1797 1445 1930 1496 Pars
1962 1444 2160 1511 aliquas
2196 1449 2336 1495 artes
2370 1442 2599 1508 antiquae
2621 1441 2742 1493 imi-

1666 1523 1868 1575 tamina
1920 1523 2045 1573 vitae
2097 1519 2401 1573 Exercent-⁹
2487 1520 2623 1572 Vide
2676 1527 2746 1589 et'

1668 1602 1865 1667 odyss.
1887 1607 1945 1652 A.
1967 1606 2024 1651 et
2047 1600 2288 1652 Maerob.
2312 1599 2363 1650 in
2387 1599 2564 1651 Somn.
2587 1599 2736 1664 Scip-

1666 1693 1706 1732 1.
1724 1684 1778 1731 9.
1794 1683 1896 1730 διο.
1963 1679 2044 1729 En
2069 1693 2195 1729 vero
2217 1693 2318 1744 quo
2332 1678 2468 1729 solet
2489 1678 2540 1728 in
2562 1678 2736 1729 Hora-

1666 1757 1795 1808 tium
1842 1757 2013 1807 animo
2046 1755 2240 1805 bellum
2277 1761 2453 1806 movet
2496 1753 2736 1818 Scaliger

1665 1835 1765 1885 bec
1799 1834 1956 1884 etiam
1998 1833 2144 1883 loeo:
2181 1832 2196 1859 ‘
2226 1830 2507 1893 Nondum,’
2542 1830 2736 1895 inquit.

1669 1910 1685 1938 ‘
1706 1910 1845 1975 apud
1875 1910 2078 1961 Inferos
2113 1909 2225 1959 haec
2260 1909 2452 1966 inveni,
2481 1915 2574 1959 aut
2606 1910 2741 1960 Pro·

1666 1987 1930 2048 metheum
1981 1987 2252 2038 tormentis
2307 1985 2593 2048 addictum,
2643 1992 2737 2036 ant

1668 2066 1868 2117 Oriona
1890 2066 2206 2118 venantem.'
2271 2066 2501 2131 Ergone,
2519 2065 2600 2115 vir
2616 2079 2740 2130 per·

1665 2143 1867 2208 spicea,
1908 2136 2156 2209 quiequid
2187 2157 2369 2194 serum
2413 2142 2488 2192 ihi
2531 2142 2736 2209 geritur

1667 2220 2017 2286 perspexisti?
2061 2234 2126 2270 au
2161 2219 2269 2271 illic
2302 2217 2600 2270 diversatus
2642 2220 2742 2270 ali-

1665 2296 1875 2362 quando
1914 2297 2122 2363 singula
2152 2296 2320 2347 otiose
2354 2303 2565 2361 tamque
2594 2297 2736 2348 lueu-

1664 2374 1837 2424 leuter
1873 2373 2156 2439 ind-gasti,
2184 2380 2246 2424 ut
2275 2380 2639 2424 asseveranter
2660 2373 2738 2425 di·

1666 2466 1754 2501 eas
1776 2452 2097 2517 scribasque,
2135 2452 2247 2502 haee
2273 2466 2303 2502 a
2332 2457 2385 2502 te
2413 2449 2487 2500 ibi
2519 2451 2740 2501 minime

1667 2528 1778 2578 visa
1792 2535 1885 2579 ant
1907 2533 2140 2593 reperta,
2159 2543 2274 2594 quae
2294 2536 2469 2578 tamen
2492 2542 2560 2578 ex
2584 2528 2736 2578 Aris·

1667 2607 1848 2657 totelis
1884 2606 2055 2670 citati,
2089 2607 2216 2657 item
2251 2619 2317 2655 ex
2353 2600 2573 2656 Homeri
2607 2620 2730 2656 mox

1667 2683 1869 2734 citandi
1907 2683 2035 2748 fide,
2070 2683 2293 2733 inveniri
2332 2683 2470 2733 ultro
2501 2683 2731 2747 credam,

1668 2768 1826 2827 teque
1847 2762 2065 2827 exploso
2085 2760 2304 2812 credent
2324 2760 2446 2810 alii?

1732 2839 1910 2904 Orion]
1967 2840 2052 2890 De
2088 2854 2155 2889 eo
2198 2838 2340 2889 varie
2381 2836 2725 2888 fabulantur:

1664 2915 1795 2967 illud
1818 2923 2045 2978 constat,
2065 2930 2237 2967 acrem
2267 2924 2325 2966 et
2347 2923 2619 2967 strenuum
2641 2929 2729 2967 ve·

1663 3001 1897 3045 natorem
1920 2994 2174 3045 extitisse.
2243 2992 2500 3044 Homerus
2536 2993 2732 3059 odys&

1660 3076 1721 3123 Λ.
1756 3073 1911 3136 paulo
1967 3078 2091 3122 ante
2144 3071 2321 3135 finem,
2363 3078 2546 3122 narrat
2588 3073 2723 3122 hunc

1660 3148 1836 3213 ‘apud
1879 3146 2083 3198 Inferna
2127 3150 2286 3199 etiam
2342 3149 2508 3198 visum
2551 3149 2732 3213 Ulyssi

1660 3239 1758 3290 per
1773 3223 2011 3276 floridum
2034 3235 2238 3290 pratum
2257 3225 2395 3278 feras
2415 3241 2732 3293 per-sequeu-P

1663 3310 1786 3361 tem‚
1803 3304 1858 3355 in
1873 3302 2091 3354 desertis
2108 3310 2278 3354 autem
2298 3304 2562 3355 montibus
2576 3306 2723 3356 elsua

1661 3378 1836 3432 ferrea
1858 3381 2229 3444 occidentem:
2245 3385 2346 3432 &c-

1722 3461 1788 3507 40
1820 3457 2032 3522 anoas]
2068 3458 2211 3523 Lyux
2232 3458 2418 3508 animal
2440 3457 2605 3522 pardo
2620 3471 2716 3508 non

1660 3548 1868 3598 prorsus
1916 3534 2171 3595 absimile,
2221 3548 2289 3584 ex
2342 3535 2599 3595 Gesnero‚
2652 3535 2715 3585 (le

1659 3611 1913 3677 quadi-up.
1927 3612 2146 3678 perinde
2161 3612 2495 3664 maculosum.
2531 3612 2728 3678 virgil.-

1658 3688 1773 3741 AEn.
1793 3704 1835 3740 1.
1857 3695 1971 3743 12⁷.
2004 3689 2303 3741 Acutissimi
2324 3690 2482 3750 visus,
2503 3705 2570 3741 ex
2593 3690 2716 3740 Plu«

1660 3768 1826 3820 tarch-
1848 3767 1984 3820 Plin.
2012 3765 2221 3819 xxvn't.
2240 3770 2290 3819 8.
2306 3770 2405 3819 &m
