3059 4909
544 367 675 432 270
1258 385 1327 444 Q.
1375 376 1691 430 ιιοιιΑτιι
1745 376 2013 428 pascor

891 527 1080 594 Arsit
1110 524 1388 592 Atrides
1417 523 1633 590 medio
1657 523 1727 587 in
1755 521 2095 606 triumpho

1405 626 1684 711 Virgine
1710 632 1926 719 rapta,

895 734 1212 799 Barbarae
1241 739 1605 817 postquam
1638 730 1940 808 cecidere
1965 737 2202 794 turmae

892 836 1217 902 Thessalo
1244 837 1520 912 victore,
1550 842 1621 899 et
1642 833 1950 899 ademtae
1984 832 2236 900 Hector
2667 831 2749 897 10

552 1010 798 1062 victoriam
814 1012 1053 1061 adamavit
1054 1013 1269 1088 ‘puellam
1294 1010 1396 1061 aria
1427 1010 1560 1062 obstr
1560 1014 1743 1059 actam.-
1775 1014 2077 1086 posteaquam
2098 1010 2332 1088 Phrygia*
2352 1009 2567 1059 cohortes
2584 1007 2745 1082 profli-

548 1081 680 1135 gatae
719 1077 984 1127 Thessalico
1017 1077 1195 1127 victore
1219 1075 1457 1138 sueruntg
1497 1076 1760 1138 Hectorqua
1797 1076 2075 1126 interemtus
2104 1075 2319 1141 pert-esis
2351 1074 2549 1124 Grecis
2570 1071 2748 1124 dimisit

1476 1204 1742 1227 “NON“
1745 1205 1802 1225 ‘O
1805 1205 1836 1224 O

555 1289 710 1338 etiam
727 1288 1007 1352 Tegmessoe.
1010 1294 1107 1339 ——8
1136 1291 1276 1353 Virga
1278 1307 1337 1341 nc
1355 1296 1495 1355 copta
1519 1293 1649 1342 Exc.
1676 1292 1798 1342 Sax.
1802 1293 1929 1339 —lo
1953 1290 2082 1339 Post
2103 1289 2276 1338 victora
2298 1286 2624 1350 distinguunt
2647 1300 2745 1335 om·

556 1368 646 1406 nes
663 1353 783 1406 edd.
818 1355 834 1382 ‘
854 1355 984 1405 Mihi
1009 1356 1181 1420 aptius
1207 1357 1387 1421 visum,
1415 1357 1634 1407 Thessalo
1666 1355 1848 1407 victore
1881 1353 1944 1405 ad
1980 1355 2256 1423 sequentia
2277 1351 2517 1405 trahere’
2547 1352 2748 1401 hui.—

1550 1493 1767 1547 NOTAE

588 1594 650 1640 -7
683 1590 827 1641 Arsit
865 1589 1080 1654 Atrides,
1120 1593 1228 1659 ξω]
1259 1592 1646 1657 Agamemnon.

559 1667 705 1718 Atrei
742 1683 808 1718 ex
836 1667 1060 1738 Aerope,
1099 1672 1181 1720 vel
1220 1686 1287 1721 ex
1326 1672 1616 1733 Plisthene,

557 1752 617 1794 ut
637 1745 873 1797 scribunt
896 1747 1002 1811 alii,
1020 1748 1178 1809 filius,
1198 1749 1538 1815 Mycenarum
1562 1756 1619 1801 et

558 1823 868 1887 Argivorum
911 1839 1022 1888 rex,
1045 1826 1350 1877 Graecorum
1380 1827 1433 1876 in
1463 1841 1622 1889 expe·

559 1898 757 1950 ditione
787 1899 1014 1965 Trojano
1053 1916 1278 1952 summus
1312 1903 1625 1968 Imperator,

560 1977 612 2026 iu
638 1975 753 2041 ipso
776 1977 919 2027 urbis
945 1979 1166 2045 excidio,
1190 1981 1360 2030 media
1382 1981 1436 2031 in
1460 1981 1625 2031 victo-

560 2048 659 2115 ria,
698 2054 997 2105 Cassandrae
1050 2057 1244 2107 Priami
1283 2057 1403 2108 ffliae
1447 2071 1623 2107 amore

558 2128 800 2179 incensus
845 2138 1150 2197 captusque,
1190 2133 1242 2182 in
1281 2132 1473 2198 praedae
1508 2147 1624 2198 par:-

563 2211 669 2253 tem
693 2219 805 2254 eam
831 2203 1158 2272 depoposcit,
1175 2224 1290 2274 quae
1317 2215 1483 2260 tamen
1506 2224 1625 2276 rap·

560 2286 614 2327 ta
634 2280 701 2329 ab
726 2280 887 2345 Ajace
911 2283 1061 2332 Oileo
1086 2291 1143 2334 et
1166 2285 1347 2336 vitiata
1370 2285 1548 2336 fuerat
1569 2287 1621 2335 in

560 2357 676 2422 ipso
689 2358 955 2410 Minervae
989 2364 1204 2426 templo.
1271 2363 1409 2415 Hinc
1431 2364 1622 2428 Virgil.

561 2433 762 2484 AEneid.
784 2449 843 2485 ιι.
869 2440 983 2488 403.
1000 2438 1018 2467 ‘
1036 2440 1177 2490 Ecce
1196 2441 1499 2492 trahebatur
1514 2456 1625 2505 pas·

562 2510 631 2560 sis
656 2511 923 2563 Priameia
950 2515 1095 2582 virgo
1113 2517 1352 2569 Crinibus
1375 2535 1405 2569 a
1426 2520 1625 2583 templo

562 2589 850 2641 Cassandra
873 2592 1148 2659 adytisque
1172 2597 1467 2649 Minervae)
1500 2599 1625 2648 Dic-

547 2674 648 2730 ·tys
693 2668 962 2719 Cretensis
1006 2672 1101 2721 lib.
1146 2686 1199 2723 v.
1244 2675 1261 2702 ‘
1280 2674 1517 2725 Priamus
1560 2673 1624 2724 ad

564 2758 705 2795 aram
748 2745 897 2812 Jovis
941 2747 1198 2813 confugit,
1241 2751 1536 2802 Cassandra
1573 2755 1625 2803 in

563 2819 730 2869 aedem
756 2821 1030 2887 Minervae,
1065 2826 1312 2891 multique
1336 2829 1400 2877 ad
1425 2830 1627 2893 reliqua

561 2897 793 2946 Deorum
810 2900 1001 2962 templa
1020 2935 1035 2952 .
1051 2935 1066 2951 .
1081 2935 1095 2950 .
1110 2937 1123 2949 .
1144 2902 1387 2953 Ceterum
1408 2906 1628 2955 Cassan-

562 2972 706 3020 dram
746 2971 882 3036 Ajax
924 2973 1066 3025 Oilei
1105 2991 1134 3025 e
1180 2992 1332 3027 sacro
1370 2979 1625 3030 Minervoe

563 3049 823 3112 captivam
843 3049 1109 3101 abstrahit.
1132 3088 1145 3102 .
1159 3088 1201 3103 ..
1216 3089 1229 3104 .
1250 3053 1627 3119 Agamemnoni

564 3123 858 3173 Cassandra
878 3125 1053 3189 datur,
1090 3136 1363 3195 postquam
1387 3133 1496 3197 ejus
1518 3132 1627 3184 for·

565 3213 649 3248 ma
693 3208 895 3264 captus,
936 3203 1060 3269 quin
1104 3206 1287 3268 palam.
1313 3207 1625 3262 desiderium

559 3274 819 3328 fateretur
887 3279 1210 3333 dissimulare
1279 3287 1607 3351 nequiverat.
1613 3287 1628 3311 '

563 3353 734 3405 Dares
751 3355 863 3419 jam
904 3357 994 3408 cit.
1025 3358 1205 3423 refert,
1236 3362 1252 3389 ‘
1280 3363 1624 3414 Cassandram

564 3432 810 3483 mediocri
832 3441 1051 3499 statura,
1069 3451 1156 3486 ore
1174 3438 1419 3499 rotundo,
1438 3438 1625 3502 rufam,

460 3567 473 3576 ο
566 3509 724 3559 oculis
766 3512 1094 3575 micantibus,
1142 3512 1435 3563 futurorum
1491 3531 1625 3580 prae-

564 3586 721 3635 sciam
744 3591 777 3634 ι’
806 3596 860 3637 et
886 3589 1040 3651 paulo
1075 3597 1213 3653 post,
1245 3592 1262 3619 ‘
1285 3591 1626 3656 Agamemno-

562 3675 678 3712 nem
703 3664 821 3714 albo
844 3679 1083 3729 corpore,
1105 3681 1364 3731 magnum,
1382 3670 1626 3719 membris

564 3739 878 3802 valentibus,
890 3739 1187 3807 facundum,
1197 3744 1524 3808 prudentem,
1536 3759 1624 3794 no-

568 3814 758 3867 biiem!

629 3896 663 3941 9
696 3891 931 3941 Barbare
947 3898 1196 3957 postquam
1215 3894 1421 3945 cecidere
1438 3901 1628 3959 tarnrae,

565 3965 670 4028 &ej
704 3967 838 4016 Post
860 3969 1029 4018 victos
1067 3984 1129 4019 ac
1172 3968 1470 4036 profligatos
1495 3974 1626 4023 Tro-

558 4042 716 4106 Janos
751 4042 818 4092 ab
855 4044 1092 4095 exercitu
1118 4046 1442 4113 Graecorum,
1463 4050 1625 4100 maxi-

567 4133 650 4167 me
682 4133 807 4169 νει-ο
845 4120 911 4169 ab
934 4120 1144 4174 Achille
1178 4139 1209 4174 e
1243 4126 1463 4192 Laryssa
1495 4126 1625 4176 urbe

565 4193 846 4245 'messaiiae
871 4198 1107 4250 oritmdo.

625 4271 884 4338 Barbare]
906 4274 1023 4327 Hoc
1035 4277 1239 4328 nomine
1254 4278 1577 4330 vocabantur
1593 4293 1629 4329 a

1698 1590 1902 1646 Graecis
1943 1604 2118 1641 omnes
2147 1589 2265 1639 aliae
2299 1595 2503 1652 gentes,
2525 1588 2754 1652 inprimis
2842 1647 2846 1652 ι

1696 1677 1870 1720 autem
1896 1668 2131 1733 Phryges
2152 1674 2208 1717 et
2222 1666 2446 1730 Trojani.
2512 1666 2673 1715 Patet
2692 1680 2754 1715 cx

1698 1747 1865 1811 Dicty
1889 1745 2130 1796 Cretensi
2156 1744 2363 1807 passim.
2402 1742 2675 1791 Plutarch.
2691 1742 2754 1791 de

1698 1822 1967 1872 audiendis
1996 1819 2199 1882 Poetis,
2227 1819 2590 1883 disparitatem
2612 1817 2756 1868 Grae·

1701 1913 1877 1951 corum
1910 1907 1966 1950 et
1987 1898 2328 1963 ‘trojanorum
2353 1907 2756 1945 commemorans

1703 1977 1807 2026 ait:
1842 1976 2158 2026 ‘Probatam
2176 1988 2292 2024 esse
2313 1972 2623 2024 Graecorum
2648 1987 2761 2037 pro·

1704 2052 2004 2115 videntiam,
2041 2050 2288 2104 ferociam
2342 2064 2466 2100 vero
2506 2050 2762 2099 Barbaro-

1706 2144 1816 2179 rum
1842 2129 2074 2179 vitiosam
2096 2127 2131 2189 ς’
2163 2136 2219 2178 et
2235 2129 2388 2192 paulo
2412 2134 2564 2191 post:
2601 2129 2653 2176 in
2678 2142 2761 2191 po⁴

1705 2210 1952 2255 testatem
1972 2205 2195 2255 hostium
2210 2206 2455 2269 Trojanos
2473 2205 2615 2254 vivos
2630 2218 2762 2253 com-

1704 2282 1879 2346 plures
1918 2282 2139 2344 venisse,
2173 2281 2485 2331 Achaeorum
2516 2295 2640 2331 vero
2675 2296 2760 2330 ne-

1704 2358 1926 2420 minem;
1970 2366 2130 2424 atque
2164 2358 2369 2407 illorum
2389 2358 2661 2407 nonnullos
2684 2356 2764 2406 fn·

1703 2436 1803 2485 isse
1824 2434 2058 2486 hostibus
2073 2436 2360 2499 supplices,
2382 2441 2443 2484 ut
2464 2433 2765 2495 Adrastum,

1704 2513 2001 2565 Antimachi
2041 2512 2195 2575 filios,
2233 2513 2542 2577 Lycaonem,
2577 2513 2764 2576 ipsum·

1705 2605 1803 2656 que
1841 2589 2144 2652 Hectorem,
2182 2590 2268 2655 qui
2295 2588 2550 2639 Achillem
2585 2590 2652 2639 de
2688 2605 2764 2638 se·

1707 2667 1914 2731 pultura
1936 2667 2203 2717 exoravit:
2244 2667 2422 2716 horum
2458 2681 2582 2715 vero
2614 2668 2765 2715 ricmi-

1706 2757 1857 2792 nem:
1889 2743 1909 2771 ⁴
1929 2742 2067 2807 quod
2107 2742 2451 2793 Barbarorum
2478 2743 2549 2792 sit
2572 2744 2766 2806 suppli-

1706 2833 1819 2868 cem
1843 2833 1959 2869 esse
1983 2819 2036 2868 in
2067 2816 2412 2882 conflictibus,
2450 2827 2506 2869 et
2540 2821 2768 2869 summit·

1708 2905 1823 2947 tere
1860 2912 1916 2945 se
1958 2897 2023 2946 ad
2062 2897 2242 2961 pedes,
2263 2896 2566 2947 Graecorum
2594 2908 2763 2948 autem

1706 2973 1911 3023 vincere
1938 2973 2265 3023 dimicantem
2305 2981 2395 3022 aut
2428 2976 2767 3032 occumbere‚'

1706 3053 1804 3101 ὅτε.
1868 3050 2057 3116 Itaque
2079 3065 2179 3100 vox
2204 3050 2457 3100 Barbarus
2493 3050 2765 3116 aliquando

1707 3126 1832 3175 nihil
1865 3126 2003 3176 aliud
2042 3133 2191 3176 sonat
2227 3141 2376 3190 qnam
2407 3133 2688 3177 extraneus
2713 3133 2776 3184 et,

1709 3203 2032 3267 peregrinus.
2099 3201 2235 3251 Vide
2285 3202 2516 3254 Turneb.
2563 3217 2655 3273 ut.⁴
2686 3208 2762 3253 18;

1707 3279 1797 3329 ubi
1821 3280 2078 3330 eTuscul.
2100 3293 2137 3328 ι.
2156 3294 2206 3329 ιι.
2222 3283 2305 3329 86.
2325 3279 2480 3329 verba
2502 3281 2623 3338 ista,
2657 3284 2765 3349 ‘asf

1708 3362 1851 3406 tante
1878 3369 1998 3420 ope
2003 3354 2314 3414 barbarica?
2336 3356 2403 3408 de
2427 3358 2640 3414 Priamo
2656 3361 2766 3429 reg·-

1706 3450 1775 3484 ιιο
1801 3435 2063 3500 Phrygum
2095 3434 2316 3486 florente
2338 3435 2473 3485 bene
2512 3437 2763 3532 interpre-

1709 3518 1869 3571 tatur,
1886 3515 2016 3561 ἀρ..

1775 3591 1836 3637 10
1874 3589 2097 3639 Thessalo
2138 3535 2340 3651 victore]
2385 3589 2688 3654 Quanquam
2735 3603 2764 3637 a

1709 3666 1939 3718 Paride'
1916 3682 2026 3732 Jam
2050 3666 2356 3717 interfectus
2381 3674 2498 3718 erat
2518 3668 2763 3728 Achilles,

1708 3749 1982 3809 antequam
2005 3744 2167 3808 Troja
2200 3751 2495 3807 caperetur,
2524 3744 2568 3793 is
2594 3750 2760 3792 tamen

1708 3827 1852 3870 recte
1898 3821 2064 3871 victor
2108 3820 2318 3883 dicitur,
2354 3822 2466 3869 sine
2505 3834 2607 3885 quo
2650 3819 2760 3883 capi

1706 3910 1810 3946 non
1854 3897 2128 3961 potuisset,
2169 3895 2242 3946 ita
2283 3896 2583 3946 volentibus
2626 3895 2760 3946 fatis.

1705 3973 1843 4024 Vide
1868 3988 1907 4026 1.
1929 3975 2033 4025 Od.
2052 3978 2135 4025 15.
2158 3974 2210 4023 in
2236 3972 2355 4023 fine.

1769 4050 2000 4101 Ademtas
2033 4051 2217 4101 Hector
2242 4050 2466 4100 Tradidit
2475 4049 2644 4114 fessis,
2660 4047 2760 4113 ξω]

1706 4127 1996 4192 Postquam
2020 4127 2088 4177 ab
2115 4126 2315 4177 Achille
2339 4135 2604 4190 peremtus
2627 4126 2758 4176 Hec-

1709 4210 1810 4261 tor,
1830 4203 2065 4268 adeoquc
2088 4203 2324 4266 Trojanis
2347 4201 2584 4251 ademtus
2607 4199 2760 4251 veluti

1711 4295 1831 4332 suus
1853 4282 2088 4345 clypeus,
2111 4281 2196 4345 qui
2217 4280 2352 4330 solus
2375 4280 2565 4331 robore
2586 4293 2649 4330 ac
2666 4278 2758 4329 vir·
