3059 4909
1021 385 1436 439 caumatum
1486 388 1638 438 ms.
1684 389 1797 438 111.
1837 372 1946 442 27.
2422 379 2552 446 517

708 529 795 596 Et
821 549 1065 597 memor
1090 533 1330 612 nostri,
1348 531 1666 612 Galatea,
1693 534 1929 603 vivas:

707 631 938 717 Teque
966 652 1091 700 nec
1121 633 1335 700 laevus
1364 640 1549 700 vetat
1576 636 1672 702 ire
1703 638 1925 723 picus,
2467 642 2554 706 15

1229 738 1376 805 Nec
1405 758 1580 831 vaga
1609 741 1859 805 cornix.

712 837 848 902 Sed
877 838 1069 905 vides
1102 846 1354 923 quanto
1379 841 1662 925 trepidet
1688 842 1977 907 tumultu

712 938 976 1007 Pronus
1007 941 1252 1008 Orion:
1295 963 1419 1026 ego
1443 943 1607 1027 quid
1636 945 1725 1009 sit
1753 951 1895 1010 ater

353 1163 611 1223 fortunata
629 1142 899 1232 ubicumque
917 1170 1134 1232 uolanis,
1153 1185 1182 1218 o
1208 1169 1435 1230 Galatea,
1472 1175 1522 1218 et
1556 1170 1662 1220 vive
1696 1170 1851 1219 mm
1887 1144 2158 1221 memoriam
2189 1186 2409 1222 servm.-
2443 1175 2491 1220 ει
2512 1176 2561 1219 te

368 1244 455 1278 nec
487 1246 687 1294 pergere
707 1232 933 1296 impediat
953 1234 1150 1284 sinister
1179 1235 1313 1299 picus
1334 1250 1419 1284 nec
1438 1235 1607 1284 cornix
1627 1235 1919 1295 vagabunda.
1984 1236 2056 1286 At
2085 1238 2236 1286 cernis
2258 1242 2431 1299 quanto
2447 1236 2558 1295 sra-

365 1308 483 1356 gore
512 1303 729 1363 properet
754 1298 908 1347 Orion
927 1299 1138 1349 declivis.
1203 1301 1313 1362 Ego
1346 1299 1446 1349 scio
1481 1314 1620 1362 quam
1651 1300 1962 1365 periculosum
1998 1301 2060 1350 eit
2084 1302 2388 1352 Adriaticum
2408 1314 2554 1367 mare,

1308 1477 1650 1500 ”OmONOO

371 1605 533 1656 With.
570 1607 896 1660 «πυκινὴν-14
928 1609 1000 1660 At
1036 1626 1211 1662 memor
1230 1613 1382 1663 nostri
1405 1613 1626 1674 Cuning.
1656 1619 1712 1662 et
1748 1611 1937 1662 Sanad.
1973 1612 2208 1663 Galathea
2228 1612 2456 1662 nonnulli
2479 1625 2565 1677 ap.

371 1670 515 1734 Jani,
552 1672 688 1720 vivas
715 1672 873 1737 Usque
897 1688 982 1724 nec
1011 1675 1149 1725 con'.
1171 1677 1462 1728 witin—15
1501 1678 1568 1729 Te
1595 1691 1743 1741 seque
1767 1677 1907 1741 Lips.
1931 1680 1995 1727 1..
2033 1678 2197 1741 Neque
2231 1683 2279 1727 te
2315 1675 2469 1726 codd.
2508 1682 2565 1727 et

371 1735 494 1786 edd.
516 1751 599 1796 ap.
623 1737 843 1799 Cuning.
867 1739 1003 1788 uude
1027 1739 1071 1788 is
1094 1691 1312 1806 filumque
1347 1757 1451 1802 nec,
1489 1743 1626 1806 quod
1665 1748 1982 1804 receperunt
2018 1740 2210 1791 Sanad.
2242 1748 2297 1791 et
2328 1741 2562 1791 Francis.

370 1815 465 1849 non
508 1803 657 1851 levus
700 1801 850 1852 Harl.
887 1808 938 1854 6.
982 1809 1108 1854 vetat
1145 1807 1295 1856 Harl.
1337 1811 1382 1856 1.
1418 1811 1469 1861 2.
1511 1811 1561 1857 3.
1601 1811 1651 1857 Δ.
1690 1813 1740 1855 ⁶.
1777 1820 1910 1855 unus
1946 1806 2066 1857 Vnt.
2114 1806 2368 1867 Lambini,
2400 1804 2564 1857 Brod.

370 1865 514 1929 Lips.
541 1871 587 1915 1.
623 1882 655 1916 a
686 1882 758 1916 m.
792 1882 900 1918 sec.
935 1870 1089 1920 Dess.
1111 1874 1161 1919 2.
1205 1871 1381 1920 Bentl.
1418 1873 1640 1939 Cuning.
1672 1871 1862 1921 Sanad.
1896 1869 2129 1935 Francis,
2162 1871 2390 1933 Towers,
2425 1870 2558 1920 Sivr.

370 1927 602 1980 Schmid.
636 1930 840 1983 Wakef.
875 1933 1057 1983 Comb.
1089 1944 1144 1984 et
1186 1935 1350 1986 Kidd.
1393 1942 1521 1986 vetet
1572 1937 1734 1986 ceteri
1767 1949 1940 1985 omnes
1974 1934 2126 1987 codd.
2159 1942 2215 1985 et
2247 1935 2365 1985 edd.
2398 1936 2561 2000 antiq.

374 2010 492 2045 cum
543 1998 740 2046 Muret.
782 1999 1028 2048 Torrent.
1061 2000 1221 2065 ctuq.
1263 2001 1392 2051 Fab.
1444 2001 1627 2065 Steph.
1664 2002 1907 2065 Rutgers.
1946 2001 2139 2051 Dacer.
2182 2001 2342 2050 Baxt.
2381 1999 2564 2052 Jones.

374 2060 572 2123 Delph.
597 2060 764 2111 Bond.
800 2063 1065 2114 schrevel.
1096 2065 1236 2121 Jani,
1265 2066 1479 2129 Bipont.
1504 2064 1718 2116 Mitsch.
1736 2075 1793 2116 et
1815 2066 2162 2116 Wetzel.—16
2192 2068 2208 2095 ‘
2226 2066 2359 2116 Post
2395 2064 2564 2113 cornix

371 2125 526 2175 colon
549 2126 601 2177 iu
623 2127 795 2176 multis
815 2128 934 2179 edd.
960 2136 1204 2192 tauquam
1239 2146 1379 2195 seqq.
1405 2132 1514 2191 ¹sint
1538 2132 1810 2197 apodosis:
1844 2129 2015 2181 falso.'
2042 2131 2306 2180 June-17
2342 2128 2491 2180 Harl.
2515 2133 2566 2177 6.

372 2190 491 2239 ,Nou
508 2191 661 2242 vides.
726 2192 1002 2244 Pulmanni
1023 2195 1207 2245 Graev.
1244 2197 1388 2261 Lips.
1409 2201 1457 2245 1.
1476 2192 1587 2247 Alt.
1612 2200 1658 2246 1.
1682 2212 1713 2245 a
1734 2212 1800 2245 m.
1824 2211 1930 2246 see.
1950 2195 2170 2260 Cuning.
2188 2194 2381 2244 Sanad.
2407 2194 2566 2242 Fran·

373 2255 450 2304 cis
473 2264 529 2305 et
544 2257 773 2307 Towers.
797 2261 1151 2323 trepidate—18
1185 2260 1315 2310 Post
1338 2262 1489 2310 On'mt
1513 2261 1865 2324 interrogandi
1894 2260 2094 2325 signum
2117 2260 2365 2310 exhibent
2385 2258 2567 2308 Basill.

373 2320 571 2372 Mutet.
595 2318 753 2387 Cruq.
782 2324 1027 2373 Torrent.
1067 2325 1218 2375 Fabr.
1240 2326 1425 2388 Steph.
1449 2327 1579 2376 Fab.
1616 2327 1858 2391 Rutgers.
1893 2324 2060 2375 Bond.
2080 2325 2348 2377 Schrevel.
2371 2323 2567 2385 Delph.

377 2385 556 2437 Bentl.
590 2387 808 2453 Cuning.
851 2390 1039 2439 Sanad.
1066 2391 1300 2456 Francis,
1323 2391 1554 2450 Towers,
1601 2393 1793 2442 Dacer.
1830 2388 2034 2441 Wakef.
2056 2398 2113 2440 et
2146 2389 2307 2443 Kidd.
2337 2390 2354 2418 ‘
2373 2388 2568 2439 Melius

1364 2553 1584 2606 NOTAE

442 2686 504 2735 15
540 2681 645 2732 Nec
687 2683 833 2734 lacus
870 2689 1001 2736 vetut
1040 2685 1113 2736 ire
1142 2685 1293 2750 pinu,
1327 2687 1433 2738 Nec

374 2774 499 2821 vaga
515 2759 708 2824 cornix]
742 2761 921 2811 Plaut.
944 2761 1150 2812 Asinar.
1174 2763 1325 2812 Scen.
1349 2776 1431 2811 tv.

376 2837 394 2863 ⁸
422 2836 578 2885 Picus
613 2846 669 2885 et
706 2837 885 2886 cornix
921 2836 989 2887 ab
1017 2840 1147 2888 laeva
1169 2848 1280 2888 est:
1316 2853 1433 2888 cor·

377 2926 473 2962 vus
496 2926 651 2976 porro
662 2911 784 2978 (als.
805 2912 979 2979 parra)
1002 2930 1034 2965 a
1054 2916 1272 2965 dextra:
1309 2931 1432 2966 con-

377 2988 634 3040 suadent.'
665 2989 802 3039 Plin.
828 3003 884 3040 x.
917 2993 995 3042 12.
1034 2992 1052 3021 ‘
1075 2993 1271 3043 Cornix
1289 2992 1431 3042 inau-

374 3067 591 3131 spicatae
616 3073 697 3115 est
728 3066 1059 3131 garrulitatis,
1083 3084 1112 3116 a
1133 3068 1434 3133 quibusdam

373 3150 545 3194 tamen
586 3142 838 3194 laudata!
900 3144 983 3194 Id.
1026 3143 1152 3195 ibid.
1192 3160 1312 3211 cap.
1357 3148 1436 3197 18.

385 3224 402 3250 ⁴
417 3222 533 3272 Pici
569 3221 801 3286 (Gallice
820 3220 1009 3287 pivert)
1030 3223 1223 3272 Martio
1246 3237 1438 3287 cogno-

381 3297 539 3362 mine,
564 3297 787 3361 insignes
805 3304 861 3346 et
883 3297 1052 3360 magni
1093 3299 1145 3346 in
1180 3298 1445 3362 auspiciis.

382 3410 398 3425 .
425 3407 439 3424 .
465 3409 479 3425 .
502 3406 517 3422 .
541 3372 650 3437 Ipsi
690 3373 1003 3437 principales
1043 3374 1193 3423 Latio
1229 3380 1350 3423 sunt
1384 3375 1436 3423 in

381 3451 608 3516 auguriis
641 3463 672 3498 a
697 3448 845 3514 Rege
869 3450 954 3513 qni
993 3463 1178 3499 nomen
1204 3450 1323 3499 huic
1355 3449 1438 3499 avi

381 3527 544 3578 dedit.
579 3527 725 3576 Unus
748 3540 925 3576 eorum
951 3526 1002 3575 in
1039 3527 1214 3591 capite
1243 3529 1441 3577 Praeto·

378 3605 456 3654 ris
478 3603 664 3653 urbani
704 3603 765 3653 1..
797 3602 1082 3653 Tuberonis
1115 3604 1166 3652 in
1190 3602 1301 3653 foro
1315 3605 1437 3668 jura

381 3695 480 3745 pro
496 3674 744 3730 tribunali
763 3680 1028 3730 reddentis
1055 3679 1190 3730 sedit
1221 3681 1292 3730 ita
1329 3681 1440 3745 pla-

382 3756 520 3821 cide,
556 3765 617 3806 ut
653 3771 807 3806 manu
847 3755 1273 3820 prehenderetur.
1339 3758 1439 3806 Re-

381 3833 641 3897 spondete
653 3834 832 3898 Vates,
845 3832 1062 3882 exitium
1079 3832 1306 3897 Imperio
1321 3847 1442 3898 por·

384 3910 534 3961 tendi
558 3911 601 3959 si
625 3910 1005 3971 dimitteretur-3
1039 3920 1093 3958 at
1118 3909 1158 3958 si
1185 3909 1442 3959 exanima·

386 3994 550 4042 retur,
572 3987 815 4036 Praetori.
866 3987 935 4036 Et
969 3986 1055 4036 ille
1084 3993 1256 4035 autem
1281 3985 1441 4049 proti·

386 4077 482 4113 nus
501 4063 826 4127 concerpsit:
863 4076 963 4111 nec
1000 4063 1162 4111 multo
1196 4071 1314 4125 post
1349 4061 1442 4110 im-

387 4139 556 4203 plevit
599 4137 925 4203 prodigium-⁹
995 4140 1058 4189 C.
1108 4138 1291 4201 Caelio,
1335 4139 1444 4188 sive

1550 2701 1651 2736 em.

1513 2701 1549 2751 ⁸
1580 2766 1643 2810 17
1678 2760 1775 2811 Sed
1795 2759 1927 2809 vides
1945 2763 2137 2821 quanto,
2165 2756 2272 2821 εἷα]
2302 2755 2572 2816 Attamen,

1513 2853 1548 2888 o
1569 2837 1811 2898 Galatea,
1832 2849 1897 2884 ne
1919 2841 2117 2883 temere
2142 2839 2196 2883 te
2212 2831 2410 2896 perfido
2432 2847 2572 2881 eom-

1511 2914 1693 2963 mittas
1720 2913 1881 2961 mari:
1916 2909 2269 2960 animadverte
2308 2909 2573 2959 imminen-

1513 2996 1618 3039 tem
1645 2988 1712 3038 ab
1737 2987 1931 3039 Orione
1954 2991 2334 3051 tempestatem.

1567 3069 1632 3116 18
1663 3065 1855 3115 Pronus
1876 3062 2055 3128 Orion]
2090 3063 2359 3122 Devexus,
2379 3061 2444 3110 ad
2463 3062 2570 3111 Oc-

1498 3159 1673 3195 casum
1695 3155 1929 3205 vergens.
1980 3141 2065 3191 De
2098 3153 2162 3190 eo
2188 3152 2224 3189 ι.
2248 3138 2353 3189 od.
2375 3143 2459 3189 28.
2480 3142 2565 3188 21.

1498 3235 1564 3272 ιι.
1586 3219 1692 3271 od.
1714 3223 1797 3270 13.
1823 3219 1874 3267 in
1896 3216 2017 3267 fine.

1564 3298 1674 3359 Ego
1694 3296 1806 3360 quid
1829 3294 1894 3344 sit
1918 3298 2024 3344 ater
2044 3290 2238 3353 Adria,
2258 3291 2390 3353 novi,
2421 3291 2573 3354 sinus,

1516 3376 1630 3440 θα]
1682 3362 1821 3425 Cave
1864 3372 2021 3423 etiam
2061 3377 2119 3422 et
2161 3372 2286 3421 time
2325 3371 2579 3421 Adriatici

1515 3452 1671 3502 maris
1694 3450 2095 3512 navigationem.
2130 3447 2301 3511 Hujus
2324 3461 2423 3510 ego
2443 3447 2580 3510 peri-

1517 3529 1636 3577 cula
1671 3540 1782 3575 sum
1817 3529 2089 3588 expertus,
2121 3522 2291 3586 inquit
2314 3521 2582 3585 Horatius,

1518 3618 1638 3655 cum
1674 3602 1907 3652 Athenas
1941 3598 2268 3665 profecturus
2303 3599 2580 3648 conscendi

1519 3693 1664 3729 mare
1693 3675 1991 3728 Brundusii.
2055 3674 2203 3724 Tunc
2238 3674 2395 3724 etiam
2428 3674 2582 3723 intel·

1517 3757 1626 3807 lexi
1648 3758 1664 3785 ‘
1685 3754 1806 3819 quid
1832 3753 1977 3802 albus
1991 3759 2178 3816 peccet
2200 3749 2408 3815 Iapyx,’
2430 3766 2581 3816 quam

1521 3847 1662 3896 saepe
1705 3831 1850 3879 fallat
1895 3836 1951 3879 et
1988 3827 2221 3892 decipiat
2262 3836 2445 3877 ventus
2495 3828 2583 3876 ille

1519 3907 1651 3959 flans
1676 3922 1742 3956 ex
1763 3905 1978 3970 Apulia,
2001 3904 2056 3953 in
2079 3903 2342 3955 Graeciam
2362 3918 2582 3968 pergen-

1523 3987 1664 4035 tibus
1704 3984 1852 4034 iuitio
1888 3977 2166 4049 propitius,
2203 3986 2256 4028 at
2295 3987 2512 4045 repente
2552 3994 2582 4029 e

1522 4062 1658 4113 coelo
1693 4074 1878 4111 sereno
1912 4058 2163 4123 procellas
2185 4057 2347 4114 ciens,
2371 4064 2423 4105 et
2461 4072 2586 4106 nau-

1525 4137 1689 4202 fragia
1712 4150 1916 4203 parans.
1951 4136 2038 4186 De
2058 4148 2122 4185 eo
2137 4147 2181 4184 1.
2208 4132 2311 4185 od.
2330 4138 2379 4184 3.
2404 4137 2452 4183 4.

392 4217 555 4267 Laelio
575 4215 629 4267 id
655 4215 835 4267 tribuit
859 4214 1133 4266 Frontinus
1160 4214 1212 4264 in
1243 4215 1443 4265 Strate—
1498 4222 1513 4235 ⁶
