3059 4909
1009 397 1423 448 οΑηΜιΝυΜ
1473 401 1622 448 mu.
1666 400 1748 450 ιι.
1795 387 1903 451 17.
1941 360 1948 369 ’

806 541 1102 609 Divellet
1129 558 1463 629 unquam:

1511 549 1613 613 sic
1648 548 1916 632 potenti
2497 549 2587 615 15

887 644 934 709 J
938 645 1194 712 ustitiae
1229 647 1686 733 placitumque
1719 649 1981 715 Parcis.

715 747 851 812 Seu
883 749 1108 830 Libra,
1141 770 1265 816 seu
1295 771 1404 816 me
1439 751 1770 837 Scorpius
1792 752 2045 838 aspicit

714 849 1247 933 FormidolosuS,
1274 874 1438 938 pars
1467 855 1818 922 violentior

365 1035 484 1084 mian·
504 1038 781 1100 prevalente·
799 1038 1002 1099 etfatis.
1071 1039 1188 1090 sive
1209 1041 1379 1103 Libra,
1399 1043 1501 1091 eive
1524 1040 1750 1105 Scorpius
1772 1040 2007 1093 timendus
2026 1043 2146 1093 ‚mm
2163 1022 2452 1107 dominatur,
2467 1059 2582 1109 pm

1286 1189 1316 1207 O

1563 1188 1652 1209 ὈΦ

362 1281 554 1347 Neque
577 1296 673 1333 nos
697 1285 1008 1348 perturbare
1035 1286 1213 1350 debet,
1231 1290 1368 1353 quod
1392 1288 1562 1356 Gyges
1585 1290 1713 1340 alias
1739 1288 1965 1354 priorem
1996 1291 2245 1356 syllabam
2271 1294 2473 1359 longam
2491 1294 2582 1345 ha·

361 1346 472 1398 bet.
545 1349 681 1399 Nam
702 1358 756 1400 ut
779 1351 959 1401 Thalia
994 1353 1150 1402 Musa
1172 1355 1392 1404 mediam
1418 1356 1685 1420 producit,
1719 1357 1897 1407 Thalia
1921 1356 2113 1409 Gratia
2132 1361 2370 1425 corripit,
2391 1360 2466 1411 ita
2491 1375 2583 1424 po-

306 1422 311 1425 ·
362 1413 468 1462 tuit
495 1413 686 1483 Gyges,
722 1417 808 1466 ubi
846 1431 1033 1466 nomen
1070 1418 1293 1482 gigantis
1317 1426 1416 1483 est,
1441 1422 1666 1486 priorem
1703 1420 1914 1473 brevem
1953 1425 2164 1479 babere,
2198 1427 2324 1475 alias
2359 1427 2582 1490 longam.

359 1477 547 1529 Lectio
568 1480 740 1546 Gygae
761 1482 884 1532 mibi
907 1497 973 1532 ex
998 1483 1187 1533 Dorica
1215 1485 1458 1536 Dialecto
1491 1497 1609 1537 orta
1634 1487 1882 1538 videtur.'
1914 1490 2051 1539 Jani.
2117 1484 2242 1540 V'et.
2269 1491 2456 1542 Comb.
2481 1490 2576 1540 Gi-

355 1557 482 1605 gas,-
516 1545 688 1609 Bond.
712 1548 978 1598 Sclirevel.
1002 1557 1056 1599 et
1094 1551 1291 1615 Delph.
1334 1553 1501 1618 Gyen,-
1536 1553 1748 1603 Mitscb.
1784 1554 1998 1617 Bipont.
2028 1554 2252 1619 Wetzel.
2290 1554 2499 1607 Wakef.
2524 1563 2582 1607 et

362 1607 525 1660 Kidd.
570 1612 887 1676 Gygam—17
924 1613 1145 1678 Scorpios
1179 1616 1356 1668 Bentl.
1403 1618 1625 1683 Cuuing.
1661 1626 1715 1668 et
1746 1619 2043 1670 muti—19
2075 1620 2267 1670 Letutis
2304 1622 2436 1685 hone
2474 1620 2579 1670 duo

1368 1748 1584 1802 NOTAE

359 1839 495 1890 natis
519 1840 665 1905 Coelo
679 1838 1051 1910 'ferraquejde
1069 1848 1256 1912 quibus
1276 1848 1316 1897 A
1324 1851 1431 1912 pol·

358 1916 589 1969 lodoriis.
660 1921 870 1986 Legunt
914 1925 1020 1981 alii,
1067 1926 1284 1990 Gyges3
1331 1926 1435 1990 alii,

364 1998 541 2060 Gigas.
589 1997 653 2048 In
673 2000 846 2064 scirpo
865 2008 946 2052 est
963 2002 1154 2052 nodum
1176 2018 1431 2069 quaerere.

356 2077 446 2126 De
470 2078 677 2127 nomine
701 2084 1058 2132 controversia
1077 2091 1173 2134 est.
1241 2083 1430 2147 Desig-

357 2162 513 2205 natur
535 2164 680 2207 certe
716 2157 1000 2224 Gigantum
1036 2160 1243 2226 aliquis,
1265 2162 1428 2226 qualis

357 2233 623 2293 Briareus,
658 2234 724 2286 de
762 2252 863 2302 quo
903 2238 1090 2303 Virgil.
1131 2239 1333 2290 AEneid.
1364 2253 1429 2292 x,

358 2314 476 2361 566.
523 2313 789 2363 ‘Centum
838 2315 921 2365 cui
970 2316 1182 2365 brachia
1227 2315 1429 2379 dicunt,

360 2388 725 2453 Centenasque
783 2405 984 2449 manus,
1046 2393 1430 2457 quinquaginta

358 2464 537 2515 oribus
569 2465 738 2530 ignem
763 2465 1182 2533 Pectoribusque
1206 2466 1432 2519 arsisse.²

428 2546 490 2592 15
527 2543 613 2592 Sic
645 2545 829 2607 potenti
863 2546 1084 2594 Justitioe
1112 2547 1430 2612 placitumque

359 2621 561 2687 Parcis]
620 2617 731 2674 Has
774 2639 890 2673 cum
931 2624 1017 2673 illa
1051 2625 1247 2689 jungit,
1280 2627 1428 2691 quasi

349 2697 517 2760 justae
552 2699 783 2748 Deorum
829 2714 890 2749 ac
929 2699 1155 2752 fatorum
1194 2702 1322 2766 legis
1364 2717 1426 2752 ae

359 2774 562 2828 decreti
590 2776 818 2828 vindices
843 2784 899 2828 et
922 2779 1272 2830 administras.

425 2856 487 2903 1⁷
522 2853 627 2927 Seu-
654 2855 825 2922 Libra,
864 2871 948 2906 seu
981 2871 1075 2918 me,
1109 2855 1214 2920 qe]
1247 2857 1425 2909 Quod·

361 2945 584 2998 cumque
623 2928 857 2984 nascenti
893 2933 1018 2983 mihi
1049 2932 1190 2983 sidus
1216 2932 1426 2997 affulsit,

360 3026 423 3062 ac
464 3011 785 3061 dominatum
835 3011 956 3061 vitae
1004 3025 1133 3061 meae
1178 3010 1425 3074 obtinuit,

260 3104 269 3113 ·
359 3089 581 3138 eundem
623 3086 983 3138 affirmaverim
1020 3087 1124 3137 tuis
1163 3089 1424 3138 natalibus

359 3158 699 3230 horoscopum
745 3163 926 3214 fuisse.
992 3162 1143 3214 Adeo
1187 3164 1242 3214 id
1287 3181 1425 3216 com·

362 3242 585 3306 probant
616 3250 810 3291 eventa
845 3239 989 3290 nobis
1023 3241 1188 3305 paria.
1256 3243 1428 3292 Enim·-

358 3332 485 3369 vero
521 3326 578 3367 tu
601 3319 824 3382 emergis
854 3320 942 3368 vix
977 3333 1007 3367 e
1034 3319 1330 3382 periculosa
1355 3335 1426 3370 ae-

360 3397 643 3460 gritndine,
676 3411 773 3460 ego
820 3411 982 3461 prope
1005 3408 1126 3445 casu
1144 3411 1255 3447 sum
1277 3398 1427 3448 arbo·

359 3472 431 3521 ris
456 3486 753 3536 oppressus.
818 3471 1035 3522 Scilicet
1073 3487 1139 3522 ex
1176 3487 1243 3522 ea
1276 3479 1425 3539 parte

356 3548 590 3611 zodiaci,
619 3564 736 3613 quae
768 3555 964 3599 nostrae
1000 3549 1254 3612 geniturae
1295 3557 1426 3600 tem-

358 3640 486 3691 pore
534 3625 585 3674 in
627 3624 1043 3689 hemisphaerium
1077 3631 1312 3675 nostrum
1346 3643 1426 3677 as·-

359 3702 549 3767 surgit,
588 3703 850 3753 natalitias
896 3717 1014 3752 suas
1055 3702 1423 3767 praedictiones

358 3781 610 3844 eolligunt
649 3778 947 3842 Astrologi3
993 3793 1210 3845 quorum
1250 3789 1424 3832 tamen

355 3858 644 3907 vanitatem
663 3857 911 3922 suggillat
928 3858 1198 3909 juvenalis
1211 3857 1322 3909 Sat.
1345 3873 1423 3910 v1.

357 3941 474 3986 552.
498 3942 554 3986 et
577 3951 720 4000 seqq.
1356 3948 1359 3951 ·

422 4011 598 4075 Libra]
630 4011 924 4076 Septimum
945 4011 1046 4062 hoc
1070 4019 1151 4063 est
1176 4028 1206 4063 e
1229 4014 1425 4065 duode-

358 4086 459 4140 cim
486 4088 704 4139 zodiaci
740 4088 917 4152 siguis,
955 4088 1091 4153 quod
1113 4091 1425 4156 Soljngres-

359 4178 445 4216 sus
466 4166 612 4217 circa
635 4165 772 4215 diem
801 4167 885 4215 20.
906 4164 1247 4230 Septembris,
1270 4169 1426 4233 aequi·

362 4245 594 4295 noctium
620 4242 938 4292 Autumnale
959 4241 1106 4294 facit.
1155 4244 1293 4294 Vide
1315 4246 1428 4295 Ma·

362 4323 502 4372 crob.
539 4322 592 4372 in
630 4319 808 4372 Somn.
845 4318 990 4385 Scip.
1024 4334 1066 4371 1.
1104 4323 1184 4372 18.
1240 4322 1428 4387 virgil.

1512 1850 1713 1914 Georg.
1736 1865 1776 1901 1.
1801 1854 1916 1900 208.
1959 1851 2141 1901 Manil.
2167 1851 2255 1901 lib.
2275 1864 2341 1902 ιι.
2377 1851 2391 1880 ‘
2413 1853 2582 1903 Quos·

1513 1942 1616 1992 que
1638 1927 1835 1978 dabunt
1857 1928 2021 1978 cbelae
2043 1925 2254 1993 (Libra)
2273 1934 2328 1977 et
2343 1942 2472 1992 quos
2486 1928 2580 1978 dat

1510 2004 1772 2070 Aquarius
1790 2012 1956 2068 ortus,
1973 2006 2146 2055 Unum
2168 2011 2351 2069 pectus
2368 2005 2579 2069 habent,

1510 2080 1739 2147 fideique
1761 2082 2022 2132 immobile
2044 2080 2308 2149 vinclum.'
2394 2082 2463 2131 Et
2486 2082 2576 2131 lib.

1510 2173 1564 2208 v.
1600 2160 1783 2210 ‘Felix
1822 2165 2029 2225 aequato
2071 2160 2275 2221 genitus
2315 2158 2412 2209 sub
2449 2172 2577 2224 pon-

1510 2236 1637 2287 dere
1665 2236 1878 2288 Librae.’
1946 2237 2094 2285 Pers.
2117 2237 2228 2286 Sat.
2252 2250 2305 2288 v.
2341 2238 2356 2265 ‘
2380 2235 2576 2285 Nostra

1510 2315 1595 2365 vel
1621 2316 1811 2380 aequali
1843 2314 2116 2379 suspendit
2154 2316 2393 2379 tempora
2417 2313 2576 2363 Libra

1504 2391 1678 2442 Parca
1705 2405 1863 2441 tenax
1887 2390 2033 2442 veri!

1573 2469 1817 2534 Scorpius]
1855 2469 2113 2519 Octavum
2138 2474 2218 2518 est
2239 2468 2338 2517 lioc
2362 2463 2575 2516 Zodiaci

1502 2547 1721 2609 signum,
1746 2554 1874 2596 tune
1908 2547 2079 2595 oriens
2108 2560 2226 2594 cum
2246 2544 2412 2594 Orion
2436 2542 2574 2592 occi-

1506 2624 1602 2675 dit.
1670 2622 1810 2674 Hinc
1841 2621 2036 2679 fabula,
2060 2622 2394 2671 interemtum
2415 2619 2573 2669 Scor-

1505 2701 1673 2766 pionis
1714 2700 1892 2750 aculeo
1932 2699 2199 2758 Orionem,
2237 2698 2324 2762 qui
2352 2696 2574 2760 juvenili

1505 2778 1695 2827 robore
1736 2775 1885 2827 ferox
1929 2775 2121 2826 nullam
2149 2789 2263 2825 esse
2285 2772 2451 2823 feram
2463 2774 2575 2836 jac·
2600 2779 2603 2784 ’

1508 2862 1671 2916 tutat,
1723 2869 1879 2919 quam
1925 2851 2184 2903 conficere
2231 2864 2336 2900 non
2378 2857 2573 2916 posset.

1505 2935 1632 2999 Ejus
1677 2945 1800 2982 vero
1843 2930 2135 2996 superbiam
2173 2931 2315 2980 ultus
2359 2928 2573 2992 Jupiter

1505 3010 1753 3062 mortales
1776 3009 1966 3060 docere
1980 3008 2272 3068 voluitmon
2292 3005 2406 3071 plus
2421 3019 2572 3071 aequo

1507 3088 1703 3139 viribus
1740 3087 1841 3137 suis
1870 3086 2052 3137 fidere.
2119 3085 2316 3152 Hygin.
2341 3082 2408 3133 de
2426 3081 2573 3145 Sign.

1508 3166 1721 3217 Coelest.
1744 3164 1836 3216 lib.
1856 3178 1922 3214 ιι.

1575 3245 1639 3292 18
1673 3241 2042 3302 Formidolosus,
2064 3253 2179 3303 pars
2194 3236 2444 3287 violentior
2468 3234 2573 3285 Να-

1507 3320 1623 3370 talis
1641 3316 1794 3379 lioroe]
1831 3318 2037 3380 Nempe
2058 3314 2200 3365 sidus
2221 3314 2319 3364 hoc
2341 3313 2408 3363 ad
2430 3306 2573 3362 Mar·

1507 3402 1613 3447 tem
1649 3392 1908 3461 pertinet,>
1928 3397 2019 3463 qui
2050 3404 2105 3445 et
2136 3395 2441 3454 inclemens,
2462 3407 2589 3449 ma-,

1505 3473 1705 3539 leficus‚
1726 3474 2003 3535 horribilis.
2072 3471 2231 3524 Unde
2257 3469 2442 3521 referri
2469 3469 2571 3520 buc

1506 3556 1683 3616 potest
1724 3549 1937 3600 Horatii
1970 3550 2022 3599 in
2062 3547 2387 3613 Philippensi
2421 3545 2573 3597 clade

1505 3628 1801 3692 periculosa
1833 3625 1977 3690 fuga,
2019 3624 2084 3674 de
2118 3639 2222 3691 qua
2255 3638 2432 3688 supra,
2463 3621 2571 3672 Od.

1508 3719 1611 3756 vn.
1666 3705 1802 3754 Vide
1825 3705 1938 3753 Cic.
1961 3703 2029 3754 de
2060 3703 2189 3752 Nat.
2219 3703 2385 3752 Deor.
2423 3712 2487 3749 11.
2522 3714 2571 3750 n.

1507 3784 1621 3831 113.
1675 3779 1864 3843 Vir-gil.
1909 3780 2106 3843 Georg.
2150 3792 2191 3827 ι.
2236 3781 2319 3826 38.
2386 3772 2571 3825 Manil.

1505 3857 1601 3907 lib.
1641 3869 1722 3907 ιν.
1769 3856 2054 3919 ‘Scorpius
2099 3860 2298 3904 armata
2341 3852 2574 3902 violenta

1506 3932 1726 3999 cuspide
1768 3931 1954 3996 cauda,
1994 3932 2060 3980 In
2097 3932 2288 3988 bellum
2327 3929 2571 3979 ardentes

1506 4013 1723 4070 animos,
1747 4017 1804 4060 et
1826 4009 2025 4060 Martia
2044 4018 2221 4060 castra
2238 4006 2449 4070 Efficit:
2469 4009 2571 4057 &c-

1507 4093 1649 4144 Hinc
1665 4099 1722 4143 et
1737 4092 1889 4143 Arat.
1906 4092 1921 4120 ‘
1936 4092 2181 4156 Scorpius
2198 4089 2417 4140 infestus
2438 4103 2572 4152 prae·

1507 4177 1723 4235 portans
1777 4166 1957 4218 flebile
2014 4165 2266 4218 acumen!
2347 4165 2571 4228 Quidam

1506 4246 1717 4298 codices
1768 4244 1964 4295 habent
2008 4242 2193 4293 Letalis
2242 4243 2387 4293 horoe.
2465 4239 2572 4289 Sed

1509 4337 1696 4389 apage.
1752 4321 1922 4372 Aiunt
1964 4333 2123 4384 porro
2162 4317 2261 4369 sub
2303 4318 2401 4368 boo
2436 4314 2573 4365 natis

2458 386 2587 455 341
2667 454 2672 461 f
