3059 4909
1275 358 1341 418 Q.
1391 358 1708 407 nona-ru
1761 358 2026 408 nacci

819 502 996 582 Quis
1024 522 1154 568 non
1185 503 1427 569 Latino
1458 505 1777 587 sanguine
1807 504 2117 588 pinguior

816 606 1114 690 Campus
1142 606 1466 691 sepulcris
1495 608 1707 692 impia
1737 607 1976 692 praelia

902 708 1249 788 Testatur,
1279 708 1715 794 auditumque
1746 709 1974 773 Medis

995 810 1351 898 Hesperiae
1384 812 1674 877 sonitum
1704 813 1959 877 ruinae‘t
2025 817 2032 824 '

817 913 954 993 Qui
981 933 1241 999 gurgeS,
1275 920 1396 980 aut
1423 935 1578 999 quae
1601 915 1873 979 flumina
1897 913 2195 996 lugubris

818 1016 1061 1100 Ignara
1087 1017 1301 1082 belli'l
1349 1017 1525 1101 quod
1557 1038 1738 1083 mare
1772 1017 2062 1082 Dauniae

559 1214 677 1264 rias.
747 1214 872 1271 Quis
898 1229 1017 1276 ager
1045 1214 1271 1278 pinguior
1290 1211 1573 1261 Latinorum
1602 1222 1763 1258 more
1795 1222 1889 1257 nou
1918 1206 2109 1259 exhibet
2145 1208 2340 1258 tumulis
2370 1208 2568 1268 infanda
2605 1213 2750 1258 certa·

558 1279 707 1339 ηιίκα,
726 1285 773 1328 et
793 1281 1007 1329 cadentis
1024 1280 1183 1329 Italia·
1188 1278 1438 1340 fragorem
1455 1275 1618 1324 Medi·
1638 1273 1851 1323 amitam
1867 1278 1889 1322 θ
1954 1273 2075 1329 Quoe
2103 1288 2295 1335 vorago,
2325 1272 2463 1336 quive
2483 1274 2634 1338 fluvii
2660 1289 2750 1322 nou

558 1349 787 1393 noverat
816 1360 1000 1408 purgans
1022 1344 1277 1405 funestus?
1341 1340 1541 1402 Eceqius
1556 1338 1703 1387 maris
1721 1337 1915 1402 Apulioe
1933 1340 2132 1389 colorem
2157 1353 2251 1394 non
2270 1344 2513 1389 muniunt
2534 1341 2751 1401 strages?

1471 1500 1620 1521 “O“
1624 1499 1833 1520 &cneco

556 1605 652 1653 ὅτε.
679 1603 857 1655 Lamb.
875 1604 1113 1653 Torrent.
1134 1603 1292 1667 Cruq.
1328 1602 1521 1666 Delph.
1546 1600 1716 1651 Bond.
1739 1600 2002 1651 Schrevel.
2029 1600 2209 1652 Heins.
2234 1601 2412 1666 Steph.
2444 1608 2501 1651 et
2541 1598 2747 1650 Wakef.

558 1667 664 1718 Sed
689 1669 807 1718 vide
831 1669 1004 1733 Heyn.
1029 1668 1094 1718 ad
1119 1668 1265 1732 Virg.
1286 1668 1402 1717 AEn.
1428 1681 1482 1718 v.
1505 1670 1753 1716 boa—33
1791 1666 1916 1723 Quis
1932 1667 2108 1729 ginges
2133 1666 2278 1717 Harl.
2300 1672 2350 1716 6.
2372 1673 2429 1717 et
2452 1664 2563 1716 Alt.
2586 1670 2632 1715 l.
2653 1666 2749 1714 Lo-

561 1733 703 1783 cher.
726 1740 783 1783 et
803 1733 1015 1785 Venett.
1049 1736 1194 1783 1478.
1230 1736 1375 1784 1492.
1398 1736 1546 1782 1590.
1594 1745 1752 1794 ecque
1763 1730 1973 1796 flumina
1995 1731 2201 1782 emend.
2226 1732 2448 1795 Cuning.
2472 1739 2529 1782 et
2560 1730 2744 1781 Sanad.

1537 1877 1757 1931 NOTAE

559 1993 712 2058 guine
734 1992 931 2044 illorum
967 2009 1171 2046 manes:
1208 2001 1393 2060 postea
1414 1993 1610 2057 gladia·
1685 1994 1831 2054 guior
1851 1990 2084 2058 Campus]
2114 1993 2278 2043 Istum
2307 1973 2495 2043 ‘Poetae
2533 1990 2695 2042 nostri
2719 2008 2748 2043 a

558 2076 699 2118 tores
720 2069 1003 2121 introducti
1030 2071 1095 2121 ad
1135 2073 1359 2122 tumulos
1394 2069 1611 2120 defunc-

554 2151 723 2194 torum
756 2153 1065 2209 pugnantes.
1123 2147 1252 2198 Cum
1279 2161 1400 2196 vero
1425 2145 1533 2195 dux
1556 2147 1610 2195 in

558 2220 672 2271 acie
708 2235 870 2271 caesus
908 2228 1066 2286 esset,
1095 2224 1234 2287 capti
1271 2238 1336 2273 ex
1373 2222 1609 2271 hostibus

557 2294 623 2345 ad
647 2297 761 2360 ejus
795 2299 1092 2362 sepulcrum
1129 2297 1524 2348 immolabantur
1548 2312 1609 2347 ac

556 2374 696 2424 velut
718 2372 916 2425 inferias
949 2376 998 2436 ei
1031 2375 1389 2427 mittebantur.
1454 2374 1608 2424 Iliad.

554 2454 614 2500 Ψ.
657 2454 770 2501 175.
834 2451 1062 2503 Achilles
1101 2453 1334 2503 Patrocli
1369 2451 1608 2501 manibus

553 2526 817 2589 placandis
839 2526 1108 2579 duodecim
1123 2529 1372 2594 Trojanos
1393 2534 1608 2592 mactat,

555 2609 713 2666 atque
734 2602 787 2651 in
811 2603 921 2666 ejus
957 2618 1134 2669 pyram
1174 2606 1356 2671 injicit.
1421 2605 1607 2668 Virgil.

552 2676 752 2726 AEneid.
795 2692 852 2727 x.
896 2684 1010 2730 517.
1065 2681 1081 2709 ‘
1117 2681 1362 2731 Sulmone
1404 2691 1608 2731 creatos

552 2750 788 2802 Quatuor
830 2753 913 2803 hic
937 2754 1176 2817 juvenes,
1219 2756 1435 2807 totidem
1481 2772 1609 2821 quos

551 2824 743 2877 educat
779 2827 966 2893 Ufens,
1000 2831 1251 2882 Viventes
1284 2833 1441 2897 rapit,
1476 2831 1607 2883 infe·

552 2902 653 2952 rias
691 2919 817 2968 quos
854 2905 1083 2957 immolet
1120 2908 1330 2971 umbris,
1358 2909 1606 2973 Captivo-

553 2993 653 3042 que
698 2982 811 3045 rogi
853 2981 1136 3046 perfundat
1179 2984 1428 3048 sanguine
1460 2983 1605 3036 flam·

550 3054 696 3104 mas.’

613 3132 898 3197 Jugurthoe]
920 3135 973 3184 Is
995 3134 1111 3187 Rex
1132 3137 1475 3189 Numidarum
1497 3140 1606 3191 acri

553 3209 630 3258 vir
651 3207 976 3274 impigroque
1010 3212 1237 3277 ingenio,
1259 3228 1409 3264 manu
1436 3231 1606 3280 prom·

548 3287 652 3344 tus,
704 3289 760 3334 et
814 3286 993 3350 gloriae
1049 3287 1284 3341 militaris
1335 3301 1608 3357 appetens,

549 3372 790 3422 magnum
837 3369 892 3413 et
927 3371 1072 3413 atrox
1104 3366 1348 3432 variaque
1388 3369 1607 3419 victoria

549 3448 664 3484 cnm
700 3436 904 3501 Populo
943 3440 1173 3492 Romano
1212 3442 1405 3493 bellum
1428 3445 1607 3509 gessit,

547 3509 713 3563 donec
756 3507 937 3565 missus
977 3518 1033 3569 in
1070 3519 1367 3570 Numidiam
1405 3521 1603 3571 Marius

544 3586 822 3651 Jugurthae
862 3589 1023 3657 fregit
1060 3608 1204 3657 opes,
1240 3595 1511 3659 ipsumque
1536 3596 1602 3646 ad

548 3671 782 3715 extrema
803 3668 1072 3732 compulit.
1139 3670 1192 3719 Is
1221 3672 1358 3719 enim
1383 3671 1446 3719 ad
1470 3672 1603 3724 Boc·

547 3739 697 3790 chum
712 3742 1040 3794 Mauritaniae
1062 3759 1235 3810 regem
1255 3745 1435 3811 fugere
1451 3763 1602 3797 coac-

548 3822 652 3879 tus,
674 3817 739 3868 ab
763 3819 878 3882 ipso
900 3819 1152 3883 proditus,
1174 3837 1237 3871 ac
1259 3823 1419 3887 Syllae
1442 3825 1602 3875 tradi·

548 3897 630 3940 tus
653 3900 752 3956 est,
775 3909 806 3942 a
827 3909 928 3959 quo
955 3894 1236 3958 perductus
1266 3898 1331 3947 ad
1355 3900 1600 3959 Marium,

543 3967 692 4033 liujus
711 3970 1025 4035 triumphum
1050 3971 1319 4023 decoravit
1340 3993 1352 4022 ε
1378 3976 1597 4041 denique

545 4051 717 4095 trusus
739 4043 791 4094 in
816 4059 1098 4110 carcerem,
1118 4048 1222 4098 illic
1240 4064 1457 4101 moerore
1475 4068 1598 4103 con-

543 4120 733 4170 tabuit.
789 4122 868 4170 Ex
888 4121 1155 4173 Sallustio.

609 4203 674 4249 29
711 4200 831 4255 Quis
871 4214 962 4272 ηομ
1003 4199 1179 4251 Latino
1220 4206 1452 4265 sanguiue
1491 4207 1596 4271 pin·

1693 2069 1941 2119 Pollionis
1980 2070 2272 2120 laudatione
2305 2068 2368 2119 ad
2392 2069 2616 2120 civilium
2642 2070 2748 2120 bel·

1689 2144 1853 2193 lorum
1876 2145 2220 2208 deplorandas
2242 2144 2417 2196 clades
2431 2152 2486 2195 et
2502 2160 2748 2196 aerumnas

1693 2220 1970 2269 transitum
2003 2235 2107 2274 non
2144 2221 2331 2285 probat
2356 2221 2609 2285 Scaliger,
2630 2236 2745 2270 cum
2829 2241 2833 2248 ·

1690 2301 1862 2345 tamen
1885 2295 2143 2347 Pindarus
2160 2296 2349 2361 aliique
2372 2297 2596 2360 insignes
2615 2297 2748 2347 Poe'·

1691 2378 1761 2421 tae
1806 2369 2129 2438 frequentius
2163 2372 2287 2423 nihil
2320 2372 2563 2435 habeant,
2603 2373 2745 2423 nihil·

1689 2461 1789 2512 que
1812 2450 2046 2497 ornatius
2078 2463 2231 2513 quam
2261 2446 2517 2513 ejusmodi
2551 2448 2746 2513 digres-

1690 2523 1877 2588 siones,
1921 2523 2084 2589 iisque
2123 2539 2368 2574 summam
2407 2529 2572 2574 artem
2607 2525 2748 2574 exhi-

1692 2600 1815 2653 bere
1837 2605 2055 2654 soleant.

1752 2686 1813 2732 31
1850 2683 2172 2748 Auditumque
2197 2682 2354 2733 Medis
2391 2682 2641 2747 Hesperiae
2673 2699 2745 2731 so·

1688 2758 1842 2808 ruitum
1888 2758 2062 2822 ναίω]
2127 2760 2344 2810 Tantam
2403 2760 2743 2809 Romanorum

1690 2837 1890 2887 cladem
1915 2845 1969 2887 et
1992 2846 2093 2888 tam
2130 2835 2398 2900 famosam,
2425 2843 2484 2887 ut
2509 2838 2742 2887 remotis·

1688 2914 1828 2964 simis
1852 2928 2014 2979 usque
2037 2914 2102 2964 ad
2129 2914 2402 2966 Orientem
2428 2915 2633 2978 populis
2658 2931 2742 2964 au-

1687 2989 1796 3039 dita
1815 2990 1901 3042 sit.
1972 2991 2055 3042 De
2077 2990 2252 3042 Medis
2274 2999 2331 3043 et
2353 2993 2617 3056 Hesperia
2639 2992 2740 3042 dixi

1655 3073 1666 3082 ·
1686 3067 1781 3117 lib.
1803 3081 1843 3117 ι.

1751 3146 1816 3192 34
1850 3142 2088 3207 Dauuioe]
2122 3142 2186 3192 Id
2210 3150 2310 3206 est,
2331 3142 2559 3208 Apuliae,
2576 3152 2634 3196 nt
2657 3160 2742 3195 no·

1687 3218 1795 3269 tavi
1815 3218 1907 3270 lib.
1932 3233 1972 3269 1.
2039 3219 2193 3271 Hanc
2218 3234 2339 3269 vero
2362 3227 2613 3272 memorat
2634 3222 2740 3272 Ho-

1687 3296 1845 3345 ratius
1875 3311 1939 3345 eo
1974 3296 2109 3361 quod
2134 3311 2229 3359 per
2251 3295 2578 3348 Adriaticum
2603 3313 2740 3348 mare

1687 3370 1864 3421 Caesar
1916 3370 2209 3422 Brundusio
2266 3370 2535 3436 profectus
2588 3374 2742 3423 Pom-

1684 3449 1858 3512 peium
1880 3449 2146 3501 insecutus
2168 3451 2256 3500 sit.
2298 3449 2432 3500 Vide
2455 3451 2741 3502 Comment.

1683 3524 1878 3575 Caesar.
1896 3524 1964 3574 de
1988 3525 2121 3575 Bell.
2143 3524 2299 3575 Civil.
2321 3539 2360 3574 1.
2379 3528 2460 3575 27.
2484 3531 2540 3574 et
2558 3540 2672 3589 seq.
2687 3532 2742 3575 et

1684 3613 1770 3649 ιιι.
1795 3604 1845 3650 2.
1869 3606 1924 3649 et
1946 3615 2057 3665 seq.
2082 3600 2166 3650 ubi
2191 3601 2265 3651 sic
2284 3600 2540 3651 habetur:
2576 3606 2591 3631 ⁸
2615 3603 2740 3651 Dic·

1682 3681 1859 3725 tatnra
1903 3691 1957 3725 se
2004 3676 2213 3727 abdicat
2256 3677 2449 3740 Caesar,
2502 3677 2569 3726 ab
2613 3678 2738 3727 urbe

1681 3751 2042 3813 proficiscitur,
2077 3752 2523 3818 Brundusiumqne
2562 3770 2736 3819 perve-

1682 3826 1777 3875 nit.
1842 3828 1919 3876 Eo
1946 3829 2174 3892 legiones
2212 3829 2506 3893 duodecim,
2540 3833 2736 3897 equita-

1681 3910 1789 3952 tum
1815 3918 2014 3953 omnem
2036 3906 2210 3956 venire
2220 3907 2465 3970 jusserat.
2500 3908 2605 3957 Sed
2625 3916 2734 3958 tan·

1678 3986 1788 4029 tum
1808 3982 2009 4031 navium
2034 3983 2246 4048 reperit,
2261 3985 2624 4048 &c....gravis
2646 4000 2733 4034 au-

1676 4061 1883 4108 tumnus
1912 4057 1963 4107 in
1988 4059 2201 4125 Apulia,
2235 4060 2536 4127 circumque
2569 4062 2733 4112 Brun-

1676 4132 1916 4198 dusium,'
1937 4138 2036 4186 διο.
