<?xml version="1.0" encoding="UTF-8"?>
<!DOCTYPE html PUBLIC "-//W3C//DTD XHTML 1.0 Transitional//EN"
    "http://www.w3.org/TR/xhtml1/DTD/xhtml1-transitional.dtd">
<html xmlns="http://www.w3.org/1999/xhtml" xml:lang="en" lang="en">
 <head>
  <title>
</title>
<meta http-equiv="Content-Type" content="text/html;charset=utf-8" />
  <meta name='ocr-system' content='tesseract 3.04.00' />
  <meta name='ocr-capabilities' content='ocr_page ocr_carea ocr_par ocr_line ocrx_word'/>
</head>
<body>
  <div class='ocr_page' id='page_1' title='image "./quintihoratiifl00unkngoog_0033.png"; bbox 0 0 3059 4909; ppageno 0'>
   <div class='ocr_carea' id='block_1_1' title="bbox 1284 365 2556 431">
    <p class='ocr_par' dir='ltr' id='par_1_1' title="bbox 1284 365 2556 431">
     <span class='ocr_line' id='line_1_1' title="bbox 1284 365 2556 431; baseline 0.002 -2"><span class='ocrx_word' id='word_1_1' title='bbox 1284 380 1627 430; x_wconf 65' lang='lat' dir='ltr'><strong>nonu-11.</strong></span> <span class='ocrx_word' id='word_1_2' title='bbox 2467 365 2556 431; x_wconf 77' lang='lat'><strong>23</strong></span> 
     </span>
    </p>
   </div>
   <div class='ocr_carea' id='block_1_2' title="bbox 506 472 2389 715">
    <p class='ocr_par' dir='ltr' id='par_1_2' title="bbox 506 472 2389 715">
     <span class='ocr_line' id='line_1_2' title="bbox 506 472 2389 594; baseline 0.003 -7"><span class='ocrx_word' id='word_1_3' title='bbox 506 520 594 588; x_wconf 89' lang='lat' dir='ltr'><strong>U.</strong></span> <span class='ocrx_word' id='word_1_4' title='bbox 626 522 704 588; x_wconf 92' lang='lat' dir='ltr'><strong>C.</strong></span> <span class='ocrx_word' id='word_1_5' title='bbox 731 525 884 589; x_wconf 98' lang='grc'><strong>705.</strong></span> <span class='ocrx_word' id='word_1_6' title='bbox 973 524 1051 590; x_wconf 92' lang='lat' dir='ltr'><strong>C.</strong></span> <span class='ocrx_word' id='word_1_7' title='bbox 1084 472 1413 591; x_wconf 84' lang='lat' dir='ltr'><strong>Claudius</strong></span> <span class='ocrx_word' id='word_1_8' title='bbox 1446 511 1837 592; x_wconf 81' lang='lat' dir='ltr'><strong>Marcellus.</strong></span> <span class='ocrx_word' id='word_1_9' title='bbox 1888 521 1894 530; x_wconf 87' lang='lat'>&#39;</span> <span class='ocrx_word' id='word_1_10' title='bbox 1922 526 2000 591; x_wconf 89' lang='lat' dir='ltr'><strong>L.</strong></span> <span class='ocrx_word' id='word_1_11' title='bbox 2031 524 2389 594; x_wconf 84' lang='lat' dir='ltr'><strong>Cornelius</strong></span> 
     </span>
     <span class='ocr_line' id='line_1_3' title="bbox 821 628 2076 715; baseline 0.003 -24"><span class='ocrx_word' id='word_1_12' title='bbox 821 628 1163 694; x_wconf 80' lang='lat' dir='ltr'><strong>Lentulus.</strong></span> <span class='ocrx_word' id='word_1_13' title='bbox 1253 628 1340 693; x_wconf 91' lang='lat' dir='ltr'><strong>A.</strong></span> <span class='ocrx_word' id='word_1_14' title='bbox 1372 628 1451 693; x_wconf 96' lang='lat' dir='ltr'><strong>C.</strong></span> <span class='ocrx_word' id='word_1_15' title='bbox 1482 630 1590 695; x_wconf 86' lang='lat'><strong>49.</strong></span> <span class='ocrx_word' id='word_1_16' title='bbox 1661 630 1934 695; x_wconf 83' lang='lat' dir='ltr'>Horatii</span> <span class='ocrx_word' id='word_1_17' title='bbox 1965 633 2076 715; x_wconf 44' lang='grc' dir='ltr'><strong>ἐξ.</strong></span> 
     </span>
    </p>
   </div>
   <div class='ocr_carea' id='block_1_3' title="bbox 362 742 2555 932">
    <p class='ocr_par' dir='ltr' id='par_1_3' title="bbox 362 742 2555 932">
     <span class='ocr_line' id='line_1_4' title="bbox 443 742 2555 858; baseline 0.003 -52"><span class='ocrx_word' id='word_1_18' title='bbox 443 742 702 824; x_wconf 86' lang='lat' dir='ltr'><strong>Togam</strong></span> <span class='ocrx_word' id='word_1_19' title='bbox 733 743 991 810; x_wconf 83' lang='lat' dir='ltr'><strong>virilem</strong></span> <span class='ocrx_word' id='word_1_20' title='bbox 1038 748 1361 813; x_wconf 83' lang='lat' dir='ltr'><strong>sumsisse</strong></span> <span class='ocrx_word' id='word_1_21' title='bbox 1413 746 1479 811; x_wconf 90' lang='lat' dir='ltr'><strong>b.</strong></span> <span class='ocrx_word' id='word_1_22' title='bbox 1524 767 1585 813; x_wconf 83' lang='lat' dir='ltr'><strong>a.</strong></span> <span class='ocrx_word' id='word_1_23' title='bbox 1638 748 1992 815; x_wconf 78' lang='lat' dir='ltr'><strong>Horatium</strong></span> <span class='ocrx_word' id='word_1_24' title='bbox 2037 750 2390 835; x_wconf 77' lang='lat' dir='ltr'>probabile</span> <span class='ocrx_word' id='word_1_25' title='bbox 2428 756 2555 858; x_wconf 76' lang='lat' dir='ltr'><strong>est.</strong></span> 
     </span>
     <span class='ocr_line' id='line_1_5' title="bbox 362 841 1113 932; baseline 0.007 -23"><span class='ocrx_word' id='word_1_26' title='bbox 362 841 537 910; x_wconf 84' lang='lat' dir='ltr'>Vide</span> <span class='ocrx_word' id='word_1_27' title='bbox 567 844 875 911; x_wconf 89' lang='lat' dir='ltr'><strong>Masson.</strong></span> <span class='ocrx_word' id='word_1_28' title='bbox 907 869 974 932; x_wconf 89' lang='lat' dir='ltr'><strong>p.</strong></span> <span class='ocrx_word' id='word_1_29' title='bbox 1006 850 1113 914; x_wconf 88' lang='grc'><strong>25.</strong></span> 
     </span>
    </p>
   </div>
   <div class='ocr_carea' id='block_1_4' title="bbox 575 1026 2341 1217">
    <p class='ocr_par' dir='ltr' id='par_1_4' title="bbox 575 1026 2341 1217">
     <span class='ocr_line' id='line_1_6' title="bbox 575 1026 2341 1115; baseline 0.003 -25"><span class='ocrx_word' id='word_1_30' title='bbox 575 1026 656 1090; x_wconf 89' lang='lat' dir='ltr'><strong>U.</strong></span> <span class='ocrx_word' id='word_1_31' title='bbox 686 1026 764 1092; x_wconf 96' lang='lat' dir='ltr'><strong>C.</strong></span> <span class='ocrx_word' id='word_1_32' title='bbox 794 1029 946 1095; x_wconf 88' lang='grc'><strong>709.</strong></span> <span class='ocrx_word' id='word_1_33' title='bbox 1030 1029 1112 1095; x_wconf 89' lang='lat' dir='ltr'><strong>C.</strong></span> <span class='ocrx_word' id='word_1_34' title='bbox 1157 1029 1384 1100; x_wconf 77' lang='lat' dir='ltr'><strong>Julius</strong></span> <span class='ocrx_word' id='word_1_35' title='bbox 1430 1029 1663 1096; x_wconf 81' lang='lat' dir='ltr'><strong>Caesar</strong></span> <span class='ocrx_word' id='word_1_36' title='bbox 1710 1048 1810 1094; x_wconf 86' lang='grc' dir='ltr'><strong>ιν.</strong></span> <span class='ocrx_word' id='word_1_37' title='bbox 1856 1030 1999 1096; x_wconf 89' lang='lat' dir='ltr'><strong>sine</strong></span> <span class='ocrx_word' id='word_1_38' title='bbox 2040 1030 2341 1115; x_wconf 80' lang='lat' dir='ltr'>Collega.</span> 
     </span>
     <span class='ocr_line' id='line_1_7' title="bbox 1052 1133 1868 1217; baseline 0.004 -22"><span class='ocrx_word' id='word_1_39' title='bbox 1052 1133 1137 1199; x_wconf 89' lang='lat' dir='ltr'><strong>A.</strong></span> <span class='ocrx_word' id='word_1_40' title='bbox 1169 1133 1246 1199; x_wconf 89' lang='lat' dir='ltr'><strong>C.</strong></span> <span class='ocrx_word' id='word_1_41' title='bbox 1278 1135 1384 1198; x_wconf 82' lang='lat'><strong>45.</strong></span> <span class='ocrx_word' id='word_1_42' title='bbox 1458 1133 1729 1201; x_wconf 80' lang='lat' dir='ltr'><strong>Horatii</strong></span> <span class='ocrx_word' id='word_1_43' title='bbox 1759 1140 1868 1217; x_wconf 52' lang='lat' dir='ltr'><strong>{i-</strong></span> 
     </span>
    </p>
   </div>
   <div class='ocr_carea' id='block_1_5' title="bbox 354 1248 2561 1951">
    <p class='ocr_par' dir='ltr' id='par_1_5' title="bbox 354 1248 2561 1951">
     <span class='ocr_line' id='line_1_8' title="bbox 445 1248 2558 1336; baseline 0.001 -23"><span class='ocrx_word' id='word_1_44' title='bbox 445 1248 789 1315; x_wconf 82' lang='lat' dir='ltr'><strong>Ciceronis</strong></span> <span class='ocrx_word' id='word_1_45' title='bbox 846 1250 1045 1330; x_wconf 86' lang='lat' dir='ltr'><strong>filius,</strong></span> <span class='ocrx_word' id='word_1_46' title='bbox 1108 1252 1401 1317; x_wconf 91' lang='lat' dir='ltr'><strong>Horatio</strong></span> <span class='ocrx_word' id='word_1_47' title='bbox 1459 1253 1767 1336; x_wconf 83' lang='lat' dir='ltr'><strong>aequalis,</strong></span> <span class='ocrx_word' id='word_1_48' title='bbox 1817 1253 2070 1336; x_wconf 89' lang='lat' dir='ltr'><strong>aliique</strong></span> <span class='ocrx_word' id='word_1_49' title='bbox 2109 1250 2395 1336; x_wconf 85' lang='lat' dir='ltr'><strong>juvenes</strong></span> <span class='ocrx_word' id='word_1_50' title='bbox 2439 1270 2558 1315; x_wconf 88' lang='lat' dir='ltr'><strong>no·</strong></span> 
     </span>
     <span class='ocr_line' id='line_1_9' title="bbox 359 1352 2558 1434; baseline 0.001 -19"><span class='ocrx_word' id='word_1_51' title='bbox 359 1352 559 1430; x_wconf 79' lang='lat' dir='ltr'><strong>biles,</strong></span> <span class='ocrx_word' id='word_1_52' title='bbox 602 1352 916 1430; x_wconf 89' lang='lat' dir='ltr'><strong>Bibulus,</strong></span> <span class='ocrx_word' id='word_1_53' title='bbox 963 1352 1340 1432; x_wconf 90' lang='lat' dir='ltr'><strong>Acidimus,</strong></span> <span class='ocrx_word' id='word_1_54' title='bbox 1386 1352 1643 1434; x_wconf 83' lang='lat' dir='ltr'><strong>Varus,</strong></span> <span class='ocrx_word' id='word_1_55' title='bbox 1700 1353 2028 1433; x_wconf 82' lang='lat' dir='ltr'><strong>Messala,</strong></span> <span class='ocrx_word' id='word_1_56' title='bbox 2074 1373 2229 1418; x_wconf 84' lang='lat' dir='ltr'><strong>vere</strong></span> <span class='ocrx_word' id='word_1_57' title='bbox 2287 1353 2558 1420; x_wconf 88' lang='lat' dir='ltr'><strong>ineunte</strong></span> 
     </span>
     <span class='ocr_line' id='line_1_10' title="bbox 360 1452 2561 1542; baseline 0 -25"><span class='ocrx_word' id='word_1_58' title='bbox 360 1452 683 1533; x_wconf 86' lang='lat' dir='ltr'><strong>Athenas,</strong></span> <span class='ocrx_word' id='word_1_59' title='bbox 726 1457 1108 1522; x_wconf 91' lang='lat' dir='ltr'><strong>studiorum</strong></span> <span class='ocrx_word' id='word_1_60' title='bbox 1153 1476 1383 1536; x_wconf 83' lang='lat' dir='ltr'><strong>causa,</strong></span> <span class='ocrx_word' id='word_1_61' title='bbox 1417 1459 1943 1542; x_wconf 84' lang='lat' dir='ltr'><strong>proficiscuntur.</strong></span> <span class='ocrx_word' id='word_1_62' title='bbox 2032 1456 2178 1522; x_wconf 88' lang='lat' dir='ltr'><strong>Cic.</strong></span> <span class='ocrx_word' id='word_1_63' title='bbox 2219 1454 2440 1537; x_wconf 85' lang='lat' dir='ltr'><strong>Epist.</strong></span> <span class='ocrx_word' id='word_1_64' title='bbox 2472 1454 2561 1519; x_wconf 89' lang='lat' dir='ltr'><strong>ad</strong></span> 
     </span>
     <span class='ocr_line' id='line_1_11' title="bbox 358 1554 2560 1638; baseline 0.002 -18"><span class='ocrx_word' id='word_1_65' title='bbox 358 1554 499 1621; x_wconf 89' lang='lat' dir='ltr'><strong>Att.</strong></span> <span class='ocrx_word' id='word_1_66' title='bbox 533 1573 681 1622; x_wconf 84' lang='lat' dir='ltr'><strong>xn.</strong></span> <span class='ocrx_word' id='word_1_67' title='bbox 708 1558 813 1622; x_wconf 88' lang='grc'><strong>24.</strong></span> <span class='ocrx_word' id='word_1_68' title='bbox 846 1561 954 1625; x_wconf 89' lang='grc'><strong>27.</strong></span> <span class='ocrx_word' id='word_1_69' title='bbox 989 1576 1162 1625; x_wconf 82' lang='lat' dir='ltr'><strong>xm.</strong></span> <span class='ocrx_word' id='word_1_70' title='bbox 1191 1561 1298 1625; x_wconf 88' lang='grc'><strong>24.</strong></span> <span class='ocrx_word' id='word_1_71' title='bbox 1332 1577 1465 1624; x_wconf 80' lang='lat' dir='ltr'><strong>xv.</strong></span> <span class='ocrx_word' id='word_1_72' title='bbox 1495 1562 1602 1626; x_wconf 85' lang='lat'><strong>13.</strong></span> <span class='ocrx_word' id='word_1_73' title='bbox 1632 1562 1738 1626; x_wconf 88' lang='grc'><strong>15.</strong></span> <span class='ocrx_word' id='word_1_74' title='bbox 1828 1558 2192 1625; x_wconf 85' lang='lat' dir='ltr'><strong>Probabile</strong></span> <span class='ocrx_word' id='word_1_75' title='bbox 2211 1558 2307 1638; x_wconf 83' lang='lat' dir='ltr'><strong>fit,</strong></span> <span class='ocrx_word' id='word_1_76' title='bbox 2333 1557 2560 1624; x_wconf 82' lang='lat' dir='ltr'><strong>Hora-</strong></span> 
     </span>
     <span class='ocr_line' id='line_1_12' title="bbox 358 1659 2558 1748; baseline 0.001 -26"><span class='ocrx_word' id='word_1_77' title='bbox 358 1659 518 1723; x_wconf 87' lang='lat' dir='ltr'><strong>tium</strong></span> <span class='ocrx_word' id='word_1_78' title='bbox 549 1660 784 1724; x_wconf 89' lang='lat' dir='ltr'><strong>eodem</strong></span> <span class='ocrx_word' id='word_1_79' title='bbox 817 1668 1111 1747; x_wconf 84' lang='lat' dir='ltr'><strong>tempore</strong></span> <span class='ocrx_word' id='word_1_80' title='bbox 1142 1661 1438 1728; x_wconf 89' lang='lat' dir='ltr'><strong>Athenas</strong></span> <span class='ocrx_word' id='word_1_81' title='bbox 1483 1664 1759 1748; x_wconf 88' lang='lat' dir='ltr'><strong>petisse,</strong></span> <span class='ocrx_word' id='word_1_82' title='bbox 1804 1670 1879 1727; x_wconf 94' lang='lat' dir='ltr'><strong>ut</strong></span> <span class='ocrx_word' id='word_1_83' title='bbox 1922 1660 2367 1746; x_wconf 79' lang='lat' dir='ltr'><strong>philosophiae</strong></span> <span class='ocrx_word' id='word_1_84' title='bbox 2398 1679 2558 1744; x_wconf 89' lang='lat' dir='ltr'><strong>ope-</strong></span> 
     </span>
     <span class='ocr_line' id='line_1_13' title="bbox 358 1760 2558 1847; baseline 0.002 -25"><span class='ocrx_word' id='word_1_85' title='bbox 358 1779 502 1824; x_wconf 87' lang='lat' dir='ltr'><strong>ram</strong></span> <span class='ocrx_word' id='word_1_86' title='bbox 533 1760 743 1826; x_wconf 86' lang='lat' dir='ltr'><strong>daret.</strong></span> <span class='ocrx_word' id='word_1_87' title='bbox 837 1762 1017 1827; x_wconf 93' lang='lat' dir='ltr'><strong>Nam</strong></span> <span class='ocrx_word' id='word_1_88' title='bbox 1049 1771 1200 1828; x_wconf 90' lang='lat' dir='ltr'><strong>ante</strong></span> <span class='ocrx_word' id='word_1_89' title='bbox 1236 1765 1485 1830; x_wconf 85' lang='lat' dir='ltr'><strong>bellurn</strong></span> <span class='ocrx_word' id='word_1_90' title='bbox 1514 1766 1742 1843; x_wconf 87' lang='lat' dir='ltr'><strong>civile,</strong></span> <span class='ocrx_word' id='word_1_91' title='bbox 1772 1770 1929 1847; x_wconf 88' lang='lat' dir='ltr'><strong>post</strong></span> <span class='ocrx_word' id='word_1_92' title='bbox 1957 1762 2252 1829; x_wconf 80' lang='lat' dir='ltr'><strong>Caesaris</strong></span> <span class='ocrx_word' id='word_1_93' title='bbox 2298 1761 2558 1827; x_wconf 79' lang='lat' dir='ltr'><strong>caedem</strong></span> 
     </span>
     <span class='ocr_line' id='line_1_14' title="bbox 354 1865 1833 1951; baseline 0.003 -25"><span class='ocrx_word' id='word_1_94' title='bbox 354 1869 598 1941; x_wconf 85' lang='lat' dir='ltr'><strong>ortum,</strong></span> <span class='ocrx_word' id='word_1_95' title='bbox 629 1883 710 1927; x_wconf 88' lang='lat' dir='ltr'><strong>eo</strong></span> <span class='ocrx_word' id='word_1_96' title='bbox 734 1884 807 1927; x_wconf 90' lang='lat' dir='ltr'><strong>se</strong></span> <span class='ocrx_word' id='word_1_97' title='bbox 835 1865 1107 1931; x_wconf 84' lang='lat' dir='ltr'><strong>venisse</strong></span> <span class='ocrx_word' id='word_1_98' title='bbox 1140 1866 1235 1931; x_wconf 88' lang='lat' dir='ltr'><strong>ait</strong></span> <span class='ocrx_word' id='word_1_99' title='bbox 1267 1884 1347 1931; x_wconf 84' lang='grc' dir='ltr'><strong>ιι.</strong></span> <span class='ocrx_word' id='word_1_100' title='bbox 1381 1869 1599 1951; x_wconf 89' lang='lat' dir='ltr'><strong>Epist.</strong></span> <span class='ocrx_word' id='word_1_101' title='bbox 1630 1868 1695 1932; x_wconf 89' lang='grc'><strong>2.</strong></span> <span class='ocrx_word' id='word_1_102' title='bbox 1724 1868 1833 1932; x_wconf 85' lang='grc'><strong>43.</strong></span> 
     </span>
    </p>
   </div>
   <div class='ocr_carea' id='block_1_6' title="bbox 587 2052 2330 2239">
    <p class='ocr_par' dir='ltr' id='par_1_6' title="bbox 587 2052 2330 2239">
     <span class='ocr_line' id='line_1_15' title="bbox 587 2052 2330 2123; baseline 0.002 -7"><span class='ocrx_word' id='word_1_103' title='bbox 587 2052 676 2117; x_wconf 88' lang='lat' dir='ltr'><strong>U.</strong></span> <span class='ocrx_word' id='word_1_104' title='bbox 706 2052 783 2117; x_wconf 80' lang='lat' dir='ltr'><strong>C·</strong></span> <span class='ocrx_word' id='word_1_105' title='bbox 810 2057 962 2122; x_wconf 86' lang='grc'><strong>710.</strong></span> <span class='ocrx_word' id='word_1_106' title='bbox 1049 2056 1128 2121; x_wconf 88' lang='lat' dir='ltr'><strong>C.</strong></span> <span class='ocrx_word' id='word_1_107' title='bbox 1173 2057 1406 2123; x_wconf 85' lang='lat' dir='ltr'><strong>Julius</strong></span> <span class='ocrx_word' id='word_1_108' title='bbox 1453 2056 1692 2123; x_wconf 84' lang='lat' dir='ltr'><strong>Caesar</strong></span> <span class='ocrx_word' id='word_1_109' title='bbox 1722 2075 1792 2122; x_wconf 77' lang='lat' dir='ltr'><strong>v,</strong></span> <span class='ocrx_word' id='word_1_110' title='bbox 1829 2056 1929 2121; x_wconf 83' lang='lat' dir='ltr'><strong>M.</strong></span> <span class='ocrx_word' id='word_1_111' title='bbox 1963 2055 2330 2122; x_wconf 88' lang='lat' dir='ltr'><strong>Antonius.</strong></span> 
     </span>
     <span class='ocr_line' id='line_1_16' title="bbox 1051 2157 1868 2239; baseline 0.002 -17"><span class='ocrx_word' id='word_1_112' title='bbox 1051 2160 1133 2223; x_wconf 89' lang='lat' dir='ltr'><strong>A.</strong></span> <span class='ocrx_word' id='word_1_113' title='bbox 1166 2157 1245 2224; x_wconf 92' lang='lat' dir='ltr'><strong>C.</strong></span> <span class='ocrx_word' id='word_1_114' title='bbox 1291 2160 1399 2223; x_wconf 82' lang='grc'><strong>44.</strong></span> <span class='ocrx_word' id='word_1_115' title='bbox 1466 2159 1733 2224; x_wconf 86' lang='lat' dir='ltr'><strong>Horatii</strong></span> <span class='ocrx_word' id='word_1_116' title='bbox 1763 2161 1868 2239; x_wconf 60' lang='lat'><strong>{7}-</strong></span> 
     </span>
    </p>
   </div>
   <div class='ocr_carea' id='block_1_7' title="bbox 340 2271 2563 3287">
    <p class='ocr_par' dir='ltr' id='par_1_7' title="bbox 340 2271 2563 3076">
     <span class='ocr_line' id='line_1_17' title="bbox 340 2271 2561 2362; baseline 0.001 -24"><span class='ocrx_word' id='word_1_117' title='bbox 340 2357 345 2360; x_wconf 11' lang='lat'>⁵</span> <span class='ocrx_word' id='word_1_118' title='bbox 442 2271 685 2338; x_wconf 90' lang='lat' dir='ltr'><strong>Idibus</strong></span> <span class='ocrx_word' id='word_1_119' title='bbox 732 2273 994 2341; x_wconf 87' lang='lat' dir='ltr'><strong>Martiis</strong></span> <span class='ocrx_word' id='word_1_120' title='bbox 1035 2275 1382 2342; x_wconf 82' lang='lat' dir='ltr'><strong>Caesar&#39;iu</strong></span> <span class='ocrx_word' id='word_1_121' title='bbox 1423 2279 1609 2344; x_wconf 88' lang='lat' dir='ltr'><strong>curia</strong></span> <span class='ocrx_word' id='word_1_122' title='bbox 1645 2278 1956 2344; x_wconf 87' lang='lat' dir='ltr'><strong>Romana</strong></span> <span class='ocrx_word' id='word_1_123' title='bbox 1996 2277 2347 2343; x_wconf 87' lang='lat' dir='ltr'><strong>occiditur.</strong></span> <span class='ocrx_word' id='word_1_124' title='bbox 2436 2276 2561 2362; x_wconf 75' lang='lat' dir='ltr'><strong>Se·-</strong></span> 
     </span>
     <span class='ocr_line' id='line_1_18' title="bbox 355 2377 2559 2464; baseline 0 -25"><span class='ocrx_word' id='word_1_125' title='bbox 355 2384 652 2459; x_wconf 86' lang='lat' dir='ltr'><strong>quuntur</strong></span> <span class='ocrx_word' id='word_1_126' title='bbox 677 2377 823 2461; x_wconf 88' lang='lat' dir='ltr'><strong>ejus</strong></span> <span class='ocrx_word' id='word_1_127' title='bbox 853 2385 1130 2444; x_wconf 84' lang='lat' dir='ltr'><strong>mortem</strong></span> <span class='ocrx_word' id='word_1_128' title='bbox 1158 2380 1343 2444; x_wconf 85' lang='lat' dir='ltr'><strong>varia</strong></span> <span class='ocrx_word' id='word_1_129' title='bbox 1367 2380 1699 2464; x_wconf 87' lang='lat' dir='ltr'><strong>prodigia,</strong></span> <span class='ocrx_word' id='word_1_130' title='bbox 1730 2389 1799 2446; x_wconf 93' lang='lat' dir='ltr'><strong>et</strong></span> <span class='ocrx_word' id='word_1_131' title='bbox 1829 2381 2193 2446; x_wconf 86' lang='lat' dir='ltr'><strong>Historicis</strong></span> <span class='ocrx_word' id='word_1_132' title='bbox 2224 2386 2289 2444; x_wconf 89' lang='lat' dir='ltr'><strong>et</strong></span> <span class='ocrx_word' id='word_1_133' title='bbox 2323 2377 2559 2443; x_wconf 70' lang='lat' dir='ltr'><strong>Poetis</strong></span> 
     </span>
     <span class='ocr_line' id='line_1_19' title="bbox 355 2465 2558 2564; baseline -0 -21"><span class='ocrx_word' id='word_1_134' title='bbox 355 2465 705 2545; x_wconf 84' lang='lat' dir='ltr'><strong>celebrata.</strong></span> <span class='ocrx_word' id='word_1_135' title='bbox 794 2480 1036 2564; x_wconf 86' lang='lat' dir='ltr'><strong>Itaque</strong></span> <span class='ocrx_word' id='word_1_136' title='bbox 1070 2498 1116 2544; x_wconf 89' lang='lat'><strong>1.</strong></span> <span class='ocrx_word' id='word_1_137' title='bbox 1154 2480 1283 2546; x_wconf 92' lang='lat' dir='ltr'><strong>Od.</strong></span> <span class='ocrx_word' id='word_1_138' title='bbox 1328 2484 1392 2547; x_wconf 91' lang='grc'><strong>2.</strong></span> <span class='ocrx_word' id='word_1_139' title='bbox 1442 2483 1528 2548; x_wconf 82' lang='lat' dir='ltr'><strong>ad</strong></span> <span class='ocrx_word' id='word_1_140' title='bbox 1568 2484 1743 2548; x_wconf 91' lang='lat' dir='ltr'><strong>hunc</strong></span> <span class='ocrx_word' id='word_1_141' title='bbox 1788 2503 1852 2548; x_wconf 88' lang='lat' dir='ltr'><strong>a.</strong></span> <span class='ocrx_word' id='word_1_142' title='bbox 1890 2482 2086 2547; x_wconf 82' lang='lat' dir='ltr'><strong>refert</strong></span> <span class='ocrx_word' id='word_1_143' title='bbox 2117 2482 2558 2564; x_wconf 88' lang='lat' dir='ltr'><strong>Interpretum</strong></span> 
     </span>
     <span class='ocr_line' id='line_1_20' title="bbox 354 2582 2563 2669; baseline -0.001 -23"><span class='ocrx_word' id='word_1_144' title='bbox 354 2582 735 2649; x_wconf 88' lang='lat' dir='ltr'><strong>multitudo.</strong></span> <span class='ocrx_word' id='word_1_145' title='bbox 820 2583 956 2649; x_wconf 89' lang='lat' dir='ltr'><strong>Sed</strong></span> <span class='ocrx_word' id='word_1_146' title='bbox 997 2585 1152 2668; x_wconf 90' lang='lat' dir='ltr'><strong>quis</strong></span> <span class='ocrx_word' id='word_1_147' title='bbox 1181 2586 1313 2649; x_wconf 90' lang='lat' dir='ltr'><strong>sibi</strong></span> <span class='ocrx_word' id='word_1_148' title='bbox 1359 2585 1781 2669; x_wconf 87' lang='lat' dir='ltr'><strong>persuadeat,</strong></span> <span class='ocrx_word' id='word_1_149' title='bbox 1829 2584 2213 2659; x_wconf 88' lang='lat' dir='ltr'><strong>Horatium,</strong></span> <span class='ocrx_word' id='word_1_150' title='bbox 2256 2600 2339 2645; x_wconf 90' lang='lat' dir='ltr'><strong>eo</strong></span> <span class='ocrx_word' id='word_1_151' title='bbox 2391 2589 2563 2646; x_wconf 89' lang='lat' dir='ltr'><strong>tem-</strong></span> 
     </span>
     <span class='ocr_line' id='line_1_21' title="bbox 353 2679 2559 2771; baseline -0.001 -23"><span class='ocrx_word' id='word_1_152' title='bbox 353 2705 521 2768; x_wconf 86' lang='lat' dir='ltr'><strong>pore</strong></span> <span class='ocrx_word' id='word_1_153' title='bbox 551 2692 783 2768; x_wconf 85' lang='lat' dir='ltr'><strong>partes</strong></span> <span class='ocrx_word' id='word_1_154' title='bbox 825 2686 1020 2752; x_wconf 88' lang='lat' dir='ltr'><strong>Bruti</strong></span> <span class='ocrx_word' id='word_1_155' title='bbox 1065 2687 1480 2771; x_wconf 85' lang='lat' dir='ltr'><strong>amplexum,</strong></span> <span class='ocrx_word' id='word_1_156' title='bbox 1520 2686 1590 2750; x_wconf 88' lang='lat' dir='ltr'><strong>in</strong></span> <span class='ocrx_word' id='word_1_157' title='bbox 1638 2685 2080 2751; x_wconf 88' lang='lat' dir='ltr'><strong>Octavianum</strong></span> <span class='ocrx_word' id='word_1_158' title='bbox 2118 2683 2367 2747; x_wconf 85' lang='lat' dir='ltr'><strong>fecisse</strong></span> <span class='ocrx_word' id='word_1_159' title='bbox 2397 2679 2559 2746; x_wconf 88' lang='lat' dir='ltr'><strong>Car-</strong></span> 
     </span>
     <span class='ocr_line' id='line_1_22' title="bbox 354 2788 2560 2873; baseline -0.001 -23"><span class='ocrx_word' id='word_1_160' title='bbox 354 2805 506 2851; x_wconf 87' lang='lat' dir='ltr'><strong>men</strong></span> <span class='ocrx_word' id='word_1_161' title='bbox 539 2795 679 2852; x_wconf 90' lang='lat' dir='ltr'><strong>tam</strong></span> <span class='ocrx_word' id='word_1_162' title='bbox 710 2788 1188 2872; x_wconf 67' lang='lat' dir='ltr'><strong>splendidum?</strong></span> <span class='ocrx_word' id='word_1_163' title='bbox 1236 2789 1422 2872; x_wconf 89' lang='lat' dir='ltr'><strong>quod</strong></span> <span class='ocrx_word' id='word_1_164' title='bbox 1470 2795 1801 2873; x_wconf 82' lang='lat' dir='ltr'><strong>praeterea</strong></span> <span class='ocrx_word' id='word_1_165' title='bbox 1839 2793 2095 2853; x_wconf 88' lang='lat' dir='ltr'><strong>tantum</strong></span> <span class='ocrx_word' id='word_1_166' title='bbox 2141 2794 2412 2870; x_wconf 88' lang='lat' dir='ltr'><strong>tamque</strong></span> <span class='ocrx_word' id='word_1_167' title='bbox 2436 2804 2560 2848; x_wconf 86' lang='lat' dir='ltr'><strong>ex-</strong></span> 
     </span>
     <span class='ocr_line' id='line_1_23' title="bbox 351 2886 2558 2975; baseline -0.001 -22"><span class='ocrx_word' id='word_1_168' title='bbox 351 2890 708 2956; x_wconf 89' lang='lat' dir='ltr'><strong>ercitatum</strong></span> <span class='ocrx_word' id='word_1_169' title='bbox 761 2888 1050 2957; x_wconf 69' lang='lat' dir='ltr'><strong>Poetam</strong></span> <span class='ocrx_word' id='word_1_170' title='bbox 1104 2892 1370 2975; x_wconf 88' lang='lat' dir='ltr'><strong>prodat,</strong></span> <span class='ocrx_word' id='word_1_171' title='bbox 1424 2892 1643 2975; x_wconf 87' lang='lat' dir='ltr'><strong>qualis</strong></span> <span class='ocrx_word' id='word_1_172' title='bbox 1698 2889 1995 2974; x_wconf 87' lang='lat' dir='ltr'><strong>profecto</strong></span> <span class='ocrx_word' id='word_1_173' title='bbox 2047 2894 2206 2953; x_wconf 89' lang='lat' dir='ltr'><strong>tunc</strong></span> <span class='ocrx_word' id='word_1_174' title='bbox 2265 2886 2558 2951; x_wconf 88' lang='lat' dir='ltr'><strong>nondum</strong></span> 
     </span>
     <span class='ocr_line' id='line_1_24' title="bbox 359 2991 1089 3076; baseline 0.008 -20"><span class='ocrx_word' id='word_1_175' title='bbox 359 2991 649 3058; x_wconf 83' lang='lat' dir='ltr'><strong>Flaccus</strong></span> <span class='ocrx_word' id='word_1_176' title='bbox 677 2992 846 3076; x_wconf 74' lang='lat' dir='ltr'><strong>suit?</strong></span> <span class='ocrx_word' id='word_1_177' title='bbox 1082 3057 1089 3062; x_wconf 85' lang='lat'><strong>.</strong></span> 
     </span>
    </p>

    <p class='ocr_par' dir='ltr' id='par_1_8' title="bbox 357 3090 2559 3287">
     <span class='ocr_line' id='line_1_25' title="bbox 442 3090 2559 3176; baseline -0.003 -16"><span class='ocrx_word' id='word_1_178' title='bbox 442 3095 695 3161; x_wconf 83' lang='lat' dir='ltr'><strong>Brutus</strong></span> <span class='ocrx_word' id='word_1_179' title='bbox 727 3103 795 3162; x_wconf 93' lang='lat' dir='ltr'><strong>et</strong></span> <span class='ocrx_word' id='word_1_180' title='bbox 826 3094 1125 3169; x_wconf 88' lang='lat' dir='ltr'><strong>Cassius,</strong></span> <span class='ocrx_word' id='word_1_181' title='bbox 1159 3096 1363 3162; x_wconf 87' lang='lat' dir='ltr'><strong>Italia</strong></span> <span class='ocrx_word' id='word_1_182' title='bbox 1385 3098 1721 3176; x_wconf 87' lang='lat' dir='ltr'><strong>cedentes,</strong></span> <span class='ocrx_word' id='word_1_183' title='bbox 1746 3095 2047 3161; x_wconf 88' lang='lat' dir='ltr'><strong>Athenas</strong></span> <span class='ocrx_word' id='word_1_184' title='bbox 2076 3092 2374 3157; x_wconf 84' lang='lat' dir='ltr'><strong>veniunt.</strong></span> <span class='ocrx_word' id='word_1_185' title='bbox 2450 3090 2559 3154; x_wconf 88' lang='lat' dir='ltr'><strong>lbi</strong></span> 
     </span>
     <span class='ocr_line' id='line_1_26' title="bbox 357 3194 2557 3287; baseline -0.003 -23"><span class='ocrx_word' id='word_1_186' title='bbox 357 3200 607 3265; x_wconf 88' lang='lat' dir='ltr'><strong>Brutus</strong></span> <span class='ocrx_word' id='word_1_187' title='bbox 638 3200 815 3265; x_wconf 86' lang='lat' dir='ltr'><strong>clam</strong></span> <span class='ocrx_word' id='word_1_188' title='bbox 858 3200 1104 3265; x_wconf 91' lang='lat' dir='ltr'><strong>bellum</strong></span> <span class='ocrx_word' id='word_1_189' title='bbox 1145 3208 1360 3284; x_wconf 83' lang='lat' dir='ltr'><strong>parat,</strong></span> <span class='ocrx_word' id='word_1_190' title='bbox 1394 3201 1820 3287; x_wconf 85' lang='lat' dir='ltr'><strong>juvenesque</strong></span> <span class='ocrx_word' id='word_1_191' title='bbox 1866 3197 2241 3272; x_wconf 83' lang='lat' dir='ltr'><strong>Romanos,</strong></span> <span class='ocrx_word' id='word_1_192' title='bbox 2281 3194 2557 3260; x_wconf 86' lang='lat' dir='ltr'><strong>Athenis</strong></span> 
     </span>
    </p>
   </div>
   <div class='ocr_carea' id='block_1_8' title="bbox 357 3297 2676 3388">
    <p class='ocr_par' dir='ltr' id='par_1_9' title="bbox 357 3297 2676 3388">
     <span class='ocr_line' id='line_1_27' title="bbox 357 3297 2676 3388; baseline -0.004 -20"><span class='ocrx_word' id='word_1_193' title='bbox 357 3304 726 3368; x_wconf 86' lang='lat' dir='ltr'><strong>studiorum</strong></span> <span class='ocrx_word' id='word_1_194' title='bbox 757 3322 963 3369; x_wconf 85' lang='lat' dir='ltr'><strong>causa</strong></span> <span class='ocrx_word' id='word_1_195' title='bbox 990 3312 1351 3382; x_wconf 80' lang='lat' dir='ltr'><strong>versanteS,</strong></span> <span class='ocrx_word' id='word_1_196' title='bbox 1400 3304 1533 3368; x_wconf 92' lang='lat' dir='ltr'><strong>sibi</strong></span> <span class='ocrx_word' id='word_1_197' title='bbox 1580 3304 1947 3388; x_wconf 85' lang='lat' dir='ltr'><strong>conjungit,</strong></span> <span class='ocrx_word' id='word_1_198' title='bbox 1977 3302 2046 3365; x_wconf 91' lang='lat' dir='ltr'><strong>in</strong></span> <span class='ocrx_word' id='word_1_199' title='bbox 2072 3299 2182 3364; x_wconf 90' lang='lat' dir='ltr'><strong>his</strong></span> <span class='ocrx_word' id='word_1_200' title='bbox 2213 3297 2560 3364; x_wconf 86' lang='lat' dir='ltr'><strong>Ciceronis</strong></span> <span class='ocrx_word' id='word_1_201' title='bbox 2672 3354 2676 3358; x_wconf 84' lang='lat'><strong>.</strong></span> 
     </span>
    </p>
   </div>
   <div class='ocr_carea' id='block_1_9' title="bbox 354 3401 2557 3592">
    <p class='ocr_par' dir='ltr' id='par_1_10' title="bbox 354 3401 2557 3592">
     <span class='ocr_line' id='line_1_28' title="bbox 354 3401 2557 3492; baseline -0.002 -22"><span class='ocrx_word' id='word_1_202' title='bbox 354 3406 567 3472; x_wconf 89' lang='lat' dir='ltr'><strong>filium</strong></span> <span class='ocrx_word' id='word_1_203' title='bbox 597 3405 819 3492; x_wconf 83' lang='lat' dir='ltr'><strong>(Plut.</strong></span> <span class='ocrx_word' id='word_1_204' title='bbox 848 3406 1085 3485; x_wconf 88' lang='lat' dir='ltr'><strong>Brut),</strong></span> <span class='ocrx_word' id='word_1_205' title='bbox 1107 3413 1175 3472; x_wconf 90' lang='lat' dir='ltr'><strong>et</strong></span> <span class='ocrx_word' id='word_1_206' title='bbox 1198 3407 1583 3485; x_wconf 87' lang='lat' dir='ltr'><strong>Horatium,</strong></span> <span class='ocrx_word' id='word_1_207' title='bbox 1613 3407 1768 3491; x_wconf 91' lang='lat' dir='ltr'><strong>ipso</strong></span> <span class='ocrx_word' id='word_1_208' title='bbox 1799 3410 1967 3469; x_wconf 89' lang='lat' dir='ltr'><strong>teste</strong></span> <span class='ocrx_word' id='word_1_209' title='bbox 1997 3420 2077 3467; x_wconf 78' lang='grc' dir='ltr'><strong>ιι.</strong></span> <span class='ocrx_word' id='word_1_210' title='bbox 2104 3401 2322 3485; x_wconf 89' lang='lat' dir='ltr'><strong>Epist.</strong></span> <span class='ocrx_word' id='word_1_211' title='bbox 2352 3401 2417 3468; x_wconf 92' lang='grc'><strong>2.</strong></span> <span class='ocrx_word' id='word_1_212' title='bbox 2448 3404 2557 3467; x_wconf 87' lang='grc'><strong>47.</strong></span> 
     </span>
     <span class='ocr_line' id='line_1_29' title="bbox 357 3507 824 3592; baseline 0.004 -20"><span class='ocrx_word' id='word_1_213' title='bbox 357 3525 436 3573; x_wconf 85' lang='lat'><strong>11.</strong></span> <span class='ocrx_word' id='word_1_214' title='bbox 471 3507 601 3572; x_wconf 91' lang='lat' dir='ltr'><strong>Od.</strong></span> <span class='ocrx_word' id='word_1_215' title='bbox 624 3509 691 3572; x_wconf 82' lang='lat'><strong>⁴7</strong></span> <span class='ocrx_word' id='word_1_216' title='bbox 724 3529 824 3592; x_wconf 88' lang='lat' dir='ltr'><strong>pr.</strong></span> 
     </span>
    </p>
   </div>
   <div class='ocr_carea' id='block_1_10' title="bbox 320 3656 2557 3851">
    <p class='ocr_par' dir='ltr' id='par_1_11' title="bbox 320 3656 2557 3851">
     <span class='ocr_line' id='line_1_30' title="bbox 320 3656 2557 3736; baseline -0.004 -3"><span class='ocrx_word' id='word_1_217' title='bbox 320 3656 446 3736; x_wconf 80' lang='lat' dir='ltr'><strong>&#39;U.</strong></span> <span class='ocrx_word' id='word_1_218' title='bbox 478 3668 557 3735; x_wconf 87' lang='lat' dir='ltr'><strong>C.</strong></span> <span class='ocrx_word' id='word_1_219' title='bbox 583 3670 733 3735; x_wconf 84' lang='lat'><strong>711.</strong></span> <span class='ocrx_word' id='word_1_220' title='bbox 824 3669 904 3735; x_wconf 91' lang='lat' dir='ltr'><strong>C.</strong></span> <span class='ocrx_word' id='word_1_221' title='bbox 935 3668 1183 3734; x_wconf 88' lang='lat' dir='ltr'><strong>Vibius</strong></span> <span class='ocrx_word' id='word_1_222' title='bbox 1215 3668 1464 3735; x_wconf 90' lang='lat' dir='ltr'><strong>Pansa.</strong></span> <span class='ocrx_word' id='word_1_223' title='bbox 1526 3668 1617 3736; x_wconf 91' lang='lat' dir='ltr'><strong>A.</strong></span> <span class='ocrx_word' id='word_1_224' title='bbox 1666 3668 1953 3733; x_wconf 88' lang='lat' dir='ltr'><strong>Hirtius.</strong></span> <span class='ocrx_word' id='word_1_225' title='bbox 2021 3666 2099 3731; x_wconf 91' lang='lat' dir='ltr'><strong>C.</strong></span> <span class='ocrx_word' id='word_1_226' title='bbox 2141 3666 2283 3730; x_wconf 87' lang='lat' dir='ltr'><strong>Jul.</strong></span> <span class='ocrx_word' id='word_1_227' title='bbox 2324 3662 2557 3728; x_wconf 81' lang='lat' dir='ltr'><strong>Caesar</strong></span> 
     </span>
     <span class='ocr_line' id='line_1_31' title="bbox 442 3765 2467 3851; baseline -0.004 -16"><span class='ocrx_word' id='word_1_228' title='bbox 442 3771 881 3837; x_wconf 86' lang='lat' dir='ltr'><strong>Octavianus.</strong></span> <span class='ocrx_word' id='word_1_229' title='bbox 931 3772 1016 3851; x_wconf 82' lang='lat' dir='ltr'><strong>Q.</strong></span> <span class='ocrx_word' id='word_1_230' title='bbox 1049 3771 1299 3837; x_wconf 88' lang='lat' dir='ltr'><strong>Pedius</strong></span> <span class='ocrx_word' id='word_1_231' title='bbox 1328 3772 1615 3837; x_wconf 86' lang='lat' dir='ltr'><strong>suffecti.</strong></span> <span class='ocrx_word' id='word_1_232' title='bbox 1680 3770 1766 3835; x_wconf 90' lang='lat' dir='ltr'><strong>A.</strong></span> <span class='ocrx_word' id='word_1_233' title='bbox 1799 3769 2008 3835; x_wconf 63' lang='lat'><strong>(243.</strong></span> <span class='ocrx_word' id='word_1_234' title='bbox 2057 3765 2330 3832; x_wconf 88' lang='lat' dir='ltr'><strong>Horatii</strong></span> <span class='ocrx_word' id='word_1_235' title='bbox 2359 3769 2467 3848; x_wconf 58' lang='lat'><strong>{²}-</strong></span> 
     </span>
    </p>
   </div>
   <div class='ocr_carea' id='block_1_11' title="bbox 356 3882 2555 4283">
    <p class='ocr_par' dir='ltr' id='par_1_12' title="bbox 356 3882 2555 4283">
     <span class='ocr_line' id='line_1_32' title="bbox 440 3882 2553 3972; baseline -0.005 -17"><span class='ocrx_word' id='word_1_236' title='bbox 440 3890 726 3957; x_wconf 85' lang='lat' dir='ltr'><strong>Ineunte</strong></span> <span class='ocrx_word' id='word_1_237' title='bbox 755 3910 930 3955; x_wconf 88' lang='lat' dir='ltr'><strong>anno</strong></span> <span class='ocrx_word' id='word_1_238' title='bbox 954 3890 1053 3955; x_wconf 91' lang='lat' dir='ltr'><strong>M.</strong></span> <span class='ocrx_word' id='word_1_239' title='bbox 1084 3887 1336 3956; x_wconf 80' lang='lat' dir='ltr'><strong>Brutus</strong></span> <span class='ocrx_word' id='word_1_240' title='bbox 1369 3909 1519 3955; x_wconf 90' lang='lat' dir='ltr'><strong>cum</strong></span> <span class='ocrx_word' id='word_1_241' title='bbox 1552 3888 1774 3972; x_wconf 91' lang='lat' dir='ltr'><strong>copiis</strong></span> <span class='ocrx_word' id='word_1_242' title='bbox 1805 3888 1871 3950; x_wconf 91' lang='lat' dir='ltr'><strong>in</strong></span> <span class='ocrx_word' id='word_1_243' title='bbox 1893 3884 2361 3949; x_wconf 84' lang='lat' dir='ltr'><strong>Macedoniam</strong></span> <span class='ocrx_word' id='word_1_244' title='bbox 2389 3882 2553 3960; x_wconf 92' lang='lat' dir='ltr'><strong>abit,</strong></span> 
     </span>
     <span class='ocr_line' id='line_1_33' title="bbox 356 3983 2552 4077; baseline -0.004 -21"><span class='ocrx_word' id='word_1_245' title='bbox 356 4011 712 4077; x_wconf 90' lang='lat' dir='ltr'><strong>secumque</strong></span> <span class='ocrx_word' id='word_1_246' title='bbox 763 3994 944 4059; x_wconf 89' lang='lat' dir='ltr'><strong>ducit</strong></span> <span class='ocrx_word' id='word_1_247' title='bbox 984 3994 1367 4059; x_wconf 89' lang='lat' dir='ltr'><strong>Horatium.</strong></span> <span class='ocrx_word' id='word_1_248' title='bbox 1401 4008 1411 4017; x_wconf 82' lang='lat'><strong>·</strong></span> <span class='ocrx_word' id='word_1_249' title='bbox 1458 3991 1561 4055; x_wconf 84' lang='lat' dir='ltr'><strong>M.</strong></span> <span class='ocrx_word' id='word_1_250' title='bbox 1593 3989 1923 4074; x_wconf 87' lang='lat' dir='ltr'><strong>Lepidus,</strong></span> <span class='ocrx_word' id='word_1_251' title='bbox 1957 3987 2056 4053; x_wconf 91' lang='lat' dir='ltr'><strong>M.</strong></span> <span class='ocrx_word' id='word_1_252' title='bbox 2090 3986 2440 4066; x_wconf 75' lang='lat' dir='ltr'><strong>AntoniuS,</strong></span> <span class='ocrx_word' id='word_1_253' title='bbox 2474 3983 2552 4049; x_wconf 91' lang='lat' dir='ltr'><strong>C.</strong></span> 
     </span>
     <span class='ocr_line' id='line_1_34' title="bbox 356 4087 2555 4179; baseline -0.004 -23"><span class='ocrx_word' id='word_1_254' title='bbox 356 4091 586 4161; x_wconf 79' lang='lat' dir='ltr'><strong>Caesar</strong></span> <span class='ocrx_word' id='word_1_255' title='bbox 639 4095 1051 4161; x_wconf 85' lang='lat' dir='ltr'><strong>Octavianus</strong></span> <span class='ocrx_word' id='word_1_256' title='bbox 1099 4095 1515 4162; x_wconf 86' lang='lat' dir='ltr'><strong>Triumviros</strong></span> <span class='ocrx_word' id='word_1_257' title='bbox 1566 4094 1773 4179; x_wconf 86' lang='lat' dir='ltr'><strong>Reip.</strong></span> <span class='ocrx_word' id='word_1_258' title='bbox 1821 4087 2303 4158; x_wconf 72' lang='lat' dir='ltr'><strong>constituendae</strong></span> <span class='ocrx_word' id='word_1_259' title='bbox 2363 4089 2427 4150; x_wconf 90' lang='lat' dir='ltr'><strong>in</strong></span> <span class='ocrx_word' id='word_1_260' title='bbox 2484 4104 2555 4148; x_wconf 80' lang='lat' dir='ltr'><strong>v.</strong></span> 
     </span>
     <span class='ocr_line' id='line_1_35' title="bbox 357 4192 2378 4283; baseline -0.006 -19"><span class='ocrx_word' id='word_1_261' title='bbox 357 4217 569 4265; x_wconf 82' lang='lat' dir='ltr'><strong>annos</strong></span> <span class='ocrx_word' id='word_1_262' title='bbox 599 4219 676 4264; x_wconf 82' lang='lat' dir='ltr'><strong>se</strong></span> <span class='ocrx_word' id='word_1_263' title='bbox 703 4200 1097 4279; x_wconf 85' lang='lat' dir='ltr'><strong>renuntiant,</strong></span> <span class='ocrx_word' id='word_1_264' title='bbox 1130 4208 1203 4265; x_wconf 86' lang='lat' dir='ltr'><strong>ct</strong></span> <span class='ocrx_word' id='word_1_265' title='bbox 1226 4198 1614 4283; x_wconf 83' lang='lat' dir='ltr'><strong>provincias</strong></span> <span class='ocrx_word' id='word_1_266' title='bbox 1640 4198 1817 4264; x_wconf 85' lang='lat' dir='ltr'><strong>iuter</strong></span> <span class='ocrx_word' id='word_1_267' title='bbox 1848 4215 1923 4261; x_wconf 85' lang='lat' dir='ltr'><strong>se</strong></span> <span class='ocrx_word' id='word_1_268' title='bbox 1953 4192 2378 4258; x_wconf 85' lang='lat' dir='ltr'><strong>distribuunt.</strong></span> 
     </span>
    </p>
   </div>
  </div>
 </body>
</html>
