3059 4909
1264 365 1333 424 Q.
1381 362 1698 413 HORA'l'll
1751 360 2012 410 FLAccl

887 507 1222 573 Mercator
1249 508 1551 573 exsiccet
1578 504 1849 573 culullis

967 609 1152 675 Vina
1180 610 1356 694 Syra
1374 616 1683 694 reparata
1710 628 1955 687 merce,

804 712 932 776 Dis
956 732 1151 776 carus
1180 713 1386 795 ipsis;
1430 714 1685 796 quippe
1712 717 1815 775 ter
1844 717 1910 776 et
1933 716 2171 794 quater
2231 751 2240 756 -

801 813 999 879 Anno
1029 815 1324 880 revisens
1355 834 1585 898 aequor
1611 812 2023 878 Atlanticum

890 916 1194 1000 Impune.
1281 916 1401 981 Me
1429 921 1714 1000 pascant
1736 915 1962 991 olivae,

974 1018 1094 1088 Me
1126 1018 1432 1085 cichorea
1455 1019 1773 1102 levesque
1800 1016 2062 1082 malvae.

2651 911 2733 975 15

548 1199 823 1260 reprimunt.
894 1200 1155 1262 opulenta
1187 1200 1333 1248 etiam
1352 1201 1622 1260 negotiator
1634 1200 1749 1248 vina
1782 1195 1943 1262 Syriis
1959 1195 2187 1244 mercibus
2204 1198 2488 1244 commutata
2511 1193 2640 1242 bibat
2654 1208 2732 1255 po·
2769 1189 2770 1194 ’

550 1264 672 1312 cutis
689 1279 752 1312 ex
769 1278 902 1324 auro,
935 1264 1053 1327 ipsis
1072 1265 1337 1313 numinibus
1352 1264 1595 1326 gratiosus
1610 1280 1627 1313 .·
1657 1264 1886 1325 siquidem
1908 1266 1981 1311 ter
2001 1268 2047 1309 et
2070 1261 2402 1323 quater-onnia
2416 1260 2619 1319 cingunt
2634 1259 2735 1306 sine

550 1325 810 1386 infortunio
845 1329 1016 1377 lustrat
1051 1343 1180 1377 mare
1218 1329 1494 1378 Oea-iduum.
1561 1331 1645 1378 Me
1664 1328 1882 1378 nutriunt
1912 1325 2071 1386 olivae,
2103 1339 2175 1375 me
2206 1325 2437 1387 cichorea,
2476 1329 2525 1373 et
2569 1324 2731 1372 mulvae

1465 1471 1823 1493 ‘contente‘

448 1553 451 1554 ⁷
553 1567 672 1602 men
695 1552 744 1601 in
766 1553 907 1602 Nota
928 1550 1147 1615 praefert
1180 1561 1228 1604 et
1261 1554 1327 1603 ob
1361 1555 1494 1603 male
1533 1553 1853 1602 intellectam
1876 1555 2246 1616 reparata—ll
2287 1550 2355 1600 H.
2390 1550 2576 1615 Stepb.
2600 1550 2733 1613 conj.

554 1617 749 1678 culillis,
789 1632 819 1665 a
850 1618 1018 1666 ‘calix
1036 1616 1068 1679 3'
1101 1620 1202 1666 duo
1237 1620 1475 1668 Torrent.
1511 1619 1667 1668 Deae.
1701 1622 1749 1665 2.
1790 1618 2007 1666 Locher.
2043 1623 2100 1666 et
2130 1618 2320 1666 Venet.
2355 1618 2499 1665 1492.
2534 1614 2740 1668 ailulis,-

554 1680 706 1730 Gott.
731 1689 787 1730 et
812 1682 957 1731 Harl.
982 1687 1031 1732 6.
1051 1682 1256 1740 culini&
1291 1683 1453 1732 Brod.
1476 1682 1807 1731 encratia-412
1840 1682 2002 1732 With.
2024 1681 2161 1744 conj.
2181 1681 2308 1745 Syro
2327 1680 2536 1742 pretiatu
2553 1693 2705 1727 merce
2721 1692 2742 1734 ς

558 1745 635 1793 vir
661 1745 866 1808 quidam
888 1746 1069 1795 doctus
1093 1761 1177 1809 ap.
1201 1748 1381 1797 Jones.
1414 1747 1551 1811 Syroe
1586 1760 1681 1794 oere
1777 1751 1887 1795 rata
1923 1745 2241 1795 mercia—14
2272 1744 2576 1793 Atlantidum
2613 1757 2738 1790 unua

552 1809 740 1858 Bland.
768 1810 1126 1874 Cruquii.—l5
1151 1812 1274 1874 Reg.
1289 1812 1406 1860 Soc.
1434 1810 1680 1867 Bentleii,
1748 1812 1834 1859 ltt.
1860 1814 1911 1859 l.
1928 1814 1979 1859 2.
2005 1811 2195 1859 Venet.
2213 1814 2363 1859 1549.
2386 1807 2504 1857 Ald.
2524 1812 2740 1867 utraque

557 1873 729 1923 Colin.
754 1881 808 1922 et
831 1881 939 1923 tres
959 1875 1074 1923 aliae
1102 1882 1236 1924 teste
1259 1876 1480 1937 Cuniug.
1499 1880 1724 1939 pascnan
1758 1882 1812 1922 et
1834 1875 1907 1923 sic
1942 1875 2129 1923 Faber.
2153 1874 2333 1923 Bentl.
2354 1873 2576 1934 Cuning.
2599 1870 2745 1931 Jani,

556 1938 768 1986 Mitscb.
793 1938 1008 2003 Bipont.
1036 1938 1237 1989 Wakef.
1258 1947 1314 1990 et
1337 1939 1497 1989 Kidd.
1526 1944 1724 2002 pascunt
1748 1938 1896 1988 Harl.
1925 1943 1967 1987 t.
1990 1943 2038 1988 2.
2058 1943 2107 1987 3.
2129 1941 2178 1987 4.
2200 1944 2251 1987 5.
2273 1943 2321 1987 6.
2348 1937 2470 1986 Vat.
2493 1936 2742 1987 Jannoct.

555 2002 741 2051 Fae‘rn.
775 2004 896 2052 Urs.
935 2004 1086 2052 Farn.
1114 2006 1329 2053 Tou-nes.
1368 2004 1554 2052 Bland.
1576 2009 1622 2052 1.
1649 2008 1698 2053 2.
1731 2007 1780 2053 3.
1813 2007 1863 2052 4.
1899 2003 1985 2051 alii
2018 2003 2168 2051 codd.
2209 2016 2325 2051 cnm
2364 2002 2578 2050 Venett.
2598 2003 2741 2048 1477.

559 2070 702 2115 1478.
721 2069 867 2117 1479.
891 2071 1037 2116 1492.
1071 2067 1249 2118 Zarot.
1271 2068 1490 2118 Medici.
1506 2068 1754 2118 Glarean.
1776 2067 1928 2117 Baxt.
1956 2067 2172 2117 Gesner.
2195 2066 2376 2134 Comb.
2400 2065 2620 2116 Wetzel.
2643 2067 2741 2114 διο.

1547 2189 1759 2239 ΝΟΤΙΕ

558 2299 682 2334 vero
719 2285 863 2334 tenui
899 2299 1018 2335 mea
1051 2291 1193 2335 sorte
1222 2286 1470 2352 ,victuque
1491 2300 1614 2337 con-

560 2368 735 2410 tentus
756 2376 884 2412 sum.

625 2440 684 2484 11
742 2436 966 2500 Culullio]
1019 2437 1294 2487 Fictilibus
1347 2436 1613 2494 calicibus,

558 2512 647 2577 qni
680 2513 856 2562 cululli
892 2513 1019 2563 dicti
1057 2521 1196 2575 sunt,
1218 2516 1392 2564 Vestae
1414 2529 1476 2564 ac
1499 2515 1615 2565 Diis

557 2589 790 2638 libabant
834 2590 1093 2651 Vestales,
1135 2590 1303 2656 inquit
1347 2591 1501 2641 Alex.
1548 2591 1615 2639 ab

558 2663 712 2716 Alex.
728 2679 782 2715 v.
800 2670 877 2716 12.
896 2666 1227 2729 significatur
1245 2668 1327 2719 hic
1345 2667 1617 2732 quodlibet

559 2742 732 2806 poculi
795 2757 977 2805 genus.
1053 2743 1098 2793 A
1143 2743 1309 2802 culeo,
1363 2744 1619 2808 inquiunt,

561 2818 693 2881 quod
731 2818 912 2881 ingens
946 2826 1029 2868 est
1053 2834 1160 2881 νας,
1183 2834 1275 2869 seu
1309 2822 1528 2868 maxima
1561 2820 1618 2867 li-

517 2919 522 2923 -
561 2907 777 2958 quornm
799 2895 1128 2958 mensura,tit
1151 2896 1400 2958 culeolus,
1419 2903 1475 2945 et
1495 2895 1615 2945 inde

563 2970 804 3032 catullus,
837 2971 975 3035 quod
1009 2973 1246 3035 poculum
1281 2971 1380 3022 fuit
1416 2980 1497 3023 sat
1530 2988 1617 3023 ca·

564 3058 685 3105 pax,
707 3059 809 3108 quo
828 3047 902 3094 uei
919 3045 1201 3095 Pontifices
1225 3048 1342 3096 olim
1366 3049 1417 3097 in
1435 3049 1617 3111 sacriS,

563 3127 617 3169 et
641 3135 786 3185 reges
808 3122 858 3170 in
883 3123 1142 3173 conviviis.
1209 3124 1293 3175 De
1314 3126 1392 3175 hie
1416 3141 1616 3176 rursum

564 3194 630 3244 ad
658 3195 773 3246 Art.
797 3197 951 3248 Poe't.
971 3202 1085 3249 434.

628 3274 692 3319 12
731 3271 854 3321 Vina
874 3272 999 3338 Syra
1018 3279 1433 3343 reparatamerce]
1481 3278 1619 3327 Vina

565 3346 824 3410 exquisita
862 3356 1000 3399 emta
1037 3366 1133 3412 per
1163 3356 1618 3404 commutationem

566 3437 659 3486 pro
681 3423 937 3474 mercibus
955 3440 985 3475 e
1006 3427 1155 3491 Syria
1169 3429 1424 3491 advectis,
1440 3430 1620 3490 nardo,

566 3497 813 3555 balsamo,
867 3504 1161 3565 unguentis,
1215 3504 1477 3565 odoribuS,
1522 3507 1621 3554 &c-

564 3573 714 3638 Syria
729 3574 868 3624 Asiae
884 3579 1170 3640 provincia,
1182 3581 1356 3643 bodie,
1371 3583 1420 3630 la
1437 3581 1623 3642 Sourie,

567 3651 801 3708 continet
827 3653 1178 3713 Palaestinam,
1200 3657 1537 3717 Phoeniciam,
1565 3664 1623 3707 et

567 3725 768 3789 Syriam
786 3730 995 3792 proprie
1012 3730 1236 3794 dictam3
1271 3734 1536 3798 Euphrate
1555 3735 1621 3783 ri-

570 3808 741 3865 gatur.
791 3803 903 3855 Cic.
926 3820 1021 3868 pro
1042 3808 1244 3857 Domo:
1285 3808 1417 3857 ‘Illa
1451 3809 1623 3872 opima

569 3874 865 3943 fertilisque
909 3880 1093 3944 Syria!
1173 3883 1325 3933 Paul.
1364 3885 1621 3937 Pandect.

570 3966 743 4003 xvm.
767 3954 876 4003 Tit.
901 3960 950 4005 1.
983 3961 999 3983 ‘
1020 3956 1137 4005 Non
1163 3957 1301 4008 aliud
1325 3961 1443 4009 olim
1462 3975 1624 4025 merx,

561 4029 710 4077 aliud
755 4030 972 4091 pretium
1007 4033 1320 4083 vocabatur:
1357 4037 1449 4086 sed
1489 4038 1624 4101 quis·

569 4119 672 4168 que
710 4104 990 4154 secundum
1025 4109 1386 4160 necessitatem
1412 4113 1624 4163 utilibus

573 4178 772 4230 inutilia
819 4182 1218 4246 permutabant3
1266 4187 1469 4251 quando
1514 4191 1624 4254 ple-

1693 2301 1905 2350 rumque
1929 2286 2126 2343 evenit,
2149 2293 2208 2336 ut
2228 2287 2365 2349 quod
2389 2284 2538 2335 alteri
2564 2298 2742 2348 super-

1690 2369 1790 2423 est,
1814 2362 1966 2411 alteri
1990 2363 2144 2411 desit.
2213 2362 2315 2411 Sed
2350 2362 2470 2426 quia
2492 2375 2593 2411 non
2619 2375 2747 2411 sem·

1693 2452 1787 2502 per
1821 2452 1918 2487 nec
1954 2437 2107 2487 facile
2141 2438 2506 2499 concurrebat,
2537 2444 2598 2486 ut
2630 2451 2745 2487 cum

1699 2522 1755 2561 tu
1797 2513 2017 2562 babet-es
2059 2513 2197 2578 quod
2238 2527 2335 2577 ego
2382 2513 2746 2568 desiderarem,

1698 2590 1921 2639 invicem
1952 2588 2195 2639 haberem
2230 2604 2327 2651 ego
2360 2589 2498 2653 quod
2524 2595 2581 2639 tu
2613 2587 2746 2637 acci·

1697 2683 1824 2733 pere
1847 2670 2035 2730 vellen
2070 2669 2240 2718 electa
2258 2667 2474 2716 materia
2490 2672 2587 2723 est,
2610 2665 2747 2732 cnjus

1699 2746 1903 2809 publica
1937 2759 1997 2794 ac
2033 2752 2285 2809 perpetua
2319 2742 2593 2792 aestimatio
2617 2738 2747 2790 diffi-

1697 2822 1979 2871 cultatibus
2003 2821 2430 2885 permutationum
2455 2819 2747 2884 aequalitate

1695 2896 2001 2963 quantitatis
2031 2896 2352 2945 subveniret.
2418 2896 2497 2945 Ea
2533 2894 2748 2944 materia

1694 2973 1858 3024 forma
1881 2974 2085 3037 publica
2110 2971 2394 3037 percussa‚'
2414 2976 2516 3023 &c-

1763 3054 1823 3099 13
1854 3049 1947 3098 Dis
1973 3064 2109 3098 curus
2139 3049 2280 3112 ipsis]
2328 3047 2529 3097 Castori
2553 3052 2609 3097 et
2630 3045 2748 3096 Pol-

1697 3127 1819 3189 luci,
1843 3126 2113 3188 Neptuno,
2132 3138 2348 3188 quorum
2372 3123 2520 3174 favor
2541 3132 2638 3182 est,
2660 3137 2749 3174 na-

1698 3202 1992 3266 vigantibus
2012 3201 2271 3267 optabilis.

1764 3286 1824 3332 14
1846 3282 2028 3344 AEquor
2045 3280 2367 3343 Atlanticum]
2425 3279 2578 3332 Quod
2611 3276 2751 3330 Afri·

1699 3373 1811 3409 cam
1835 3357 1979 3412 alluit
2002 3357 2067 3405 ad
2092 3371 2348 3418 occasum,
2369 3357 2444 3406 ita
2467 3355 2661 3406 dictum
2687 3354 2751 3403 ab

1700 3434 1916 3484 Atlante
1950 3432 2276 3481 Mauritania}
2310 3440 2499 3481 monte.
2566 3430 2755 3496 Vir-gil.

1700 3509 1900 3561 AEneid.
1924 3523 2002 3558 tv.
2024 3512 2143 3559 480.
2175 3514 2190 3537 ‘
2209 3508 2410 3557 Oceani
2430 3506 2582 3556 finem
2600 3508 2754 3574 juxta

1698 3587 1975 3649 Solemque
1991 3583 2281 3642 cadentem,
2300 3583 2524 3631 Ultimus
2557 3579 2754 3630 AEtbio·

1701 3675 1824 3723 pum
1863 3660 2007 3709 locus
2044 3666 2149 3708 est:
2187 3658 2276 3706 ubi
2311 3658 2564 3722 maximus
2603 3658 2754 3706 Atlas

1700 3735 1867 3785 Axem
1890 3735 2103 3784 humero
2121 3740 2327 3797 torquet
2349 3733 2510 3782 stellis
2528 3732 2755 3783 ardenti·

1705 3811 1800 3860 bns
1822 3807 2037 3871 aptum?

1769 3889 1827 3935 15
1853 3882 2071 3947 Impune]
2114 3882 2322 3933 Irouice
2344 3881 2540 3931 dictum
2572 3882 2755 3932 volunt

1705 3962 1909 4026 quidam
1941 3962 1991 4010 in
2024 3967 2360 4009 mercatorem
2394 3956 2666 4008 fraudibus
2700 3967 2756 4010 et

1704 4038 1938 4089 avaritiae
1967 4037 2265 4098 obnoxium,
2288 4036 2374 4102 qui
2411 4043 2581 4085 tamen
2616 4051 2755 4087 mare

1699 4114 1974 4179 quodlibet
1996 4128 2127 4162 anno
2150 4119 2263 4162 toto
2297 4110 2516 4175 quaestui
2554 4111 2754 4160 inhians

1704 4197 1992 4255 percurrat,
2010 4190 2139 4239 citra
2164 4190 2324 4237 ullum
2346 4186 2600 4252 naufragii
2624 4189 2755 4252 peri·
