3059 4909
512 381 649 451 326
1172 392 1300 464 sq.
1348 400 1670 455 noum-tr
1721 400 1990 453 rumor
2061 406 2070 415 ·

862 546 1197 613 Absumet
1226 548 1449 615 hoeres
1475 547 1775 614 Caecuba
1804 549 2066 633 dignior

861 651 1137 715 Servata
1168 659 1426 717 centum
1458 652 1832 734 clavibus3.
1855 658 1922 718 et
1950 671 2134 721 mero
2202 668 2211 674 ·

947 754 1188 838 Tinget
1216 756 1669 840 pavimentum
1697 757 1994 851 superbo

1032 859 1440 933 Pontificum
1464 861 1730 945 potiore
1756 860 2000 926 ooeniS.

514 1011 721 1064 centenis
730 1010 949 1126 guribus
968 1012 1203 1061 modico
1216 1028 1233 1063 .-
1249 1013 1583 1077 superbumque
1599 1013 1920 1077 pavimentum
1938 1017 2158 1079 asperget
2176 1010 2289 1062 vino
2305 1011 2500 1061 meliora
2517 1011 2723 1077 Pontifi-

517 1092 622 1129 cum
640 1093 726 1143 epu
794 1112 809 1127 .

1437 1159 1676 1180 &mun
1679 1159 1799 1180 ΜΝ

515 1258 579 1306 2⁶
613 1254 884 1307 Ammmet
905 1254 1084 1309 Zarot.
1141 1258 1365 1308 Assumet
1388 1248 1555 1307 Laud.
1577 1263 1635 1306 οι
1670 1256 1902 1307 Florent.
1927 1260 2074 1308 1482.
2140 1255 2346 1321 longior,
2382 1269 2477 1320 pro
2510 1255 2729 1319 dignior-³,

515 1320 567 1369 h.
588 1335 638 1373 e.
660 1321 908 1382 vivacior,
931 1322 1136 1372 emend.
1159 1322 1243 1375 Jo.
1269 1324 1336 1373 dn
1356 1322 1568 1384 Hamei,
1588 1322 1918 1386 improbante
1941 1324 2217 1375 huie—2⁷
2253 1324 2269 1351 ‘
2293 1322 2556 1387 Porphyr.
2581 1322 2718 1371 haud

398 1413 409 1420 ·
517 1384 674 1436 dubie
696 1387 828 1451 legit
849 1388 1117 1452 superbum
1137 1389 1227 1453 qui
1247 1395 1431 1452 aperte
1448 1402 1567 1438 cum
1589 1389 1887 1451 pavimento
1902 1389 2081 1453 jungit
2100 1404 2116 1438 t
2141 1388 2414 1451 ‘Superbo
2438 1395 2615 1438 autern
2640 1402 2731 1451 pa-

517 1450 748 1502 vimento
771 1453 900 1518 (leg.
924 1452 1205 1517 superbum
1234 1470 1279 1504 a.
1302 1450 1687 1519 pavimentum)
1717 1468 1839 1567 ‘FU’
1877 1455 1991 1518 ipse
2015 1451 2311 1520 superbus.’
2376 1454 2447 1505 Et
2486 1453 2562 1505 sic
2601 1467 2730 1507 non-

515 1516 644 1566 nulli
680 1518 857 1567 Lamb.
881 1524 937 1569 et
961 1518 1164 1569 Fabric.
1203 1519 1424 1569 Mentel.
1452 1518 1674 1584 Franeq.
1764 1533 1847 1566 um
1873 1520 1947 1569 ita
1971 1518 2150 1568 Lamb.
2177 1518 2338 1584 Cruq.
2374 1519 2531 1569 Brut.
2570 1518 2724 1567 Fabr.

519 1580 705 1631 Heius.
730 1583 889 1646 Rutg.
908 1584 1044 1633 Cun.
1069 1585 1242 1634 Klotz.
1269 1585 1440 1634 Lectt.
1460 1584 1594 1634 Ven.
1631 1598 1687 1647 p.
1707 1587 1836 1634 «262.
1902 1585 2055 1637 Quod
2080 1585 2310 1634 clamant
2343 1582 2410 1633 de
2445 1584 2727 1633 homoeote-

517 1646 661 1696 leuto
684 1648 884 1710 ingrato
908 1649 960 1698 in
978 1651 1317 1714 pavimentum,
1339 1649 1603 1714 superbum,
1620 1649 1914 1717 pontificum,
1940 1648 2012 1712 id,
2048 1658 2102 1699 ut
2125 1656 2269 1700 recte
2291 1646 2424 1699 vidit
2447 1650 2628 1699 Bentl.
2649 1649 2724 1697 ni·

517 1711 589 1762 hit
616 1714 753 1762 valet
773 1730 788 1773 3
823 1727 941 1764 nam
960 1728 1076 1765 cum
1095 1716 1298 1765 litteras
1322 1716 1351 1765 b
1373 1723 1428 1764 et
1444 1731 1475 1764 ο
1497 1715 1638 1763 nulio
1656 1714 1953 1766 discrimine
1976 1714 2168 1765 elocuti
2193 1717 2298 1763 sint
2321 1714 2539 1766 Romani
2559 1731 2574 1775 ;
2593 1714 2728 1764 unde

516 1784 574 1826 et
598 1777 648 1827 in
672 1779 949 1831 scribendo
971 1795 1147 1831 earum
1171 1780 1557 1846 permutatione
1578 1780 1651 1829 nii
1675 1780 1972 1842 solennius3
2006 1780 2143 1847 (vid.
2169 1781 2250 1829 vel
2266 1780 2459 1830 Cellar.
2477 1781 2730 1843 orthogr.

516 1842 640 1893 Lat.
670 1843 754 1894 ed.
796 1846 1005 1897 Harles.
1026 1854 1064 1897 t.
1089 1860 1153 1897 11.
1173 1862 1227 1911 p.
1247 1846 1359 1912 66.)
1392 1861 1492 1896 non
1527 1853 1607 1897 est
1631 1845 1865 1909 dubium,
1922 1846 2009 1896 nin
2041 1846 2428 1910 pronuntiarint
2450 1845 2728 1909 superbona.-

518 1908 624 1958 vid.
645 1909 822 1960 Bentl.
891 1911 1160 1962 Praeterea
1195 1920 1250 1962 et
1286 1913 1336 1961 in
1376 1911 1599 1975 legendo
1623 1919 1741 1974 post
1761 1926 1901 1975 super
1931 1927 2011 1961 um
2041 1927 2186 1962 mora
2209 1917 2306 1973 est,
2339 1911 2620 1977 pontificum
2639 1909 2732 1960 ad-

517 1970 689 2025 haeret
708 1976 1059 2043 sequentibus²
1098 1992 1165 2029 ex
1205 1992 1306 2043 quo
1341 1978 1559 2045 multum
1584 1975 1671 2025 ina
1693 1979 1910 2041 querela
1935 1977 2124 2040 perdit.
2192 1976 2350 2026 Multi
2388 1983 2445 2026 et
2484 1975 2735 2040 superbum

518 2053 615 2102 pro
638 2039 884 2093 adverbio
906 2041 1233 2103 habuerunt3
1271 2043 1362 2092 sed
1385 2043 1596 2092 indocte
1621 2042 1773 2106 piane
1790 2043 1890 2092 hoe
1913 2041 2051 2092 foret
2072 2042 2290 2092 divisum
2316 2056 2347 2090 a
2369 2041 2548 2091 verbo.
2570 2055 2735 2105 super-

521 2102 629 2154 bam
667 2106 743 2170 (ii.
765 2106 1136 2173 superborum)
1173 2109 1287 2158 vult
1312 2109 1388 2158 vir
1409 2109 1600 2157 doctus
1634 2107 1687 2157 in
1720 2107 1876 2158 Obss.
1903 2109 2056 2158 Misc.
2080 2115 2120 2158 t.
2142 2121 2207 2157 11.
2232 2123 2281 2171 p.
2304 2111 2387 2156 91.
2423 2106 2731 2171 quod‘recte

518 2169 714 2233 rejecit
735 2172 1018 2224 Burmann.
1070 2175 1297 2237 superbus
1318 2174 1456 2237 conj.
1490 2173 1676 2224 Barth.
1699 2172 1922 2223 Advers.
1948 2186 2159 2224 xxxvl.
2179 2177 2265 2222 14.
2330 2173 2402 2224 Et
2440 2172 2518 2222 sic
2548 2172 2730 2223 Jones.

519 2234 764 2299 Turpiter
788 2252 845 2287 se
866 2238 958 2288 dat
981 2240 1158 2293 Bentl.
1181 2238 1359 2290 favere
1382 2239 1503 2293 huic
1521 2238 1809 2303 suspicioni
1852 2245 2045 2303 putans
2081 2237 2460 2304 Porphyrionis
2477 2238 2729 2289 ‚scholion

520 2302 978 2363 supralaudatum.
1025 2305 1239 2368 superbe,
1262 2319 1442 2369 sapore,
1480 2304 1605 2357 item
1642 2304 1832 2369 superbi
1863 2304 2109 2371 pontificis
2131 2304 2380 2368 conjectt.
2419 2303 2578 2366 apud.
2615 2302 2734 2354 Jon-

517 2367 733 2429 superbis
747 2367 880 2434 c'onj.
904 2369 1036 2420 Cun.
1061 2369 1199 2436 quod
1219 2371 1421 2435 recepit
1442 2368 1632 2425 Sanad.
1652 2377 1708 2418 et
1732 2368 1970 2420 defendit
1992 2371 2162 2434 Toup.
2187 2369 2359 2433 Epist.
2385 2369 2517 2421 Crit.
2541 2382 2593 2433 p.
2612 2371 2725 2421 111.

518 2431 657 2485 Sane
678 2433 775 2483 hoc
800 2437 1107 2499 praeclarum
1139 2435 1299 2499 foretg
1338 2437 1380 2486 si
1419 2436 1576 2486 rnodo
1611 2436 1686 2487 sic
1718 2435 1989 2500 scripsisse
2018 2433 2308 2486 Horatium
2331 2448 2545 2485 necesse
2577 2439 2733 2499 esset„
2765 2493 2771 2499 q

519 2497 671 2547 Licet
691 2499 826 2548 enim
845 2515 948 2551 non
969 2501 1300 2566 dissimulem,
1324 2503 1499 2552 sensui
1523 2500 1734 2566 poetico
1754 2502 1921 2565 magis
1947 2503 2155 2564 placere
2178 2501 2464 2565 epitheton>
2478 2516 2509 2550 a
2532 2514 2632 2564 suo
2649 2512 2735 2559 yo-

520 2564 707 2617 enbulo
721 2567 963 2629 divisum,
987 2581 1143 2631 quam
1167 2569 1241 2617 sie
1276 2569 1522 2627 vicinum,
1539 2568 1860 2631 pavimenta
1879 2567 2151 2631 superbum,
2187 2573 2359 2616 tamen
2383 2566 2482 2616 hoc
2507 2566 2574 2616 ad
2598 2579 2733 2615 snm-

518 2640 660 2683 mum
685 2646 782 2696 pro
809 2633 910 2681 levi
947 2633 1123 2698 aliqua
1156 2633 1483 2698 negligentia
1502 2632 1816 2695 habendum,
1850 2647 2020 2698 neque
2046 2632 2166 2683 ideo
2190 2638 2391 2682 textum
2429 2630 2733 2681 mutandum

520 2703 722 2763 putem.
790 2698 861 2747 Et
885 2698 1032 2762 quid,
1063 2699 1107 2749 si
1140 2707 1196 2749 et
1213 2714 1358 2749 coenoe
1383 2697 1662 2764 pontificum
1683 2699 1794 2748 sine
1818 2699 2054 2763 epitheto
2077 2697 2243 2762 magis
2268 2697 2528 2748 arrideant
2550 2698 2569 2746 ?
2602 2695 2738 2760 pavi-

520 2765 732 2815 mentum
764 2777 831 2812 eo
865 2764 951 2817 vix
989 2776 1170 2814 carere
1212 2765 1398 2828 possit,
1421 2765 1546 2829 quin
1588 2763 1813 2828 enargiae
1850 2762 2046 2827 aliquid
2089 2764 2311 2828 pereat?
2381 2762 2627 2828 Denique
2652 2761 2732 2829 Cl.

518 2824 673 2891 Sivry
698 2827 772 2875 sic
796 2827 1033 2881 medetur
1057 2847 1073 2890 ;
1106 2845 1233 2879 mero
1261 2830 1439 2892 Tinget
1458 2830 1797 2893 pavimentum,
1818 2830 2014 2895 superbo
2037 2829 2328 2908 Pontificum
2347 2829 2552 2892 potiore,
2572 2827 2734 2887 canis,

521 2888 573 2937 b.
599 2890 766 2954 tinget
790 2907 842 2955 p.
866 2896 917 2942 in
939 2895 1100 2943 coenis
1124 2909 1266 2944 mero
1294 2896 1496 2959 potiore
1521 2894 1748 2959 superbo
1767 2893 1856 2944 ino
1888 2909 2030 2945 mero
2053 2892 2375 2959 pontificum.
2442 2892 2642 2944 Durius
2666 2906 2731 2940 ex

519 2957 861 3071 ¹5:13an
890 2960 1162 3010 Jeme-28
1196 2960 1472 3026 Pontificis,
1499 2974 1602 3026 pro
1642 2960 1935 3026 pontificiis,
1977 2961 2112 3025 conj.
2144 2960 2365 3022 Cuning.
2401 2959 2731 3024 improbante

1526 3107 1747 3158 No'rAE

587 3214 815 3281 Brevem]
866 3217 1058 3272 Paucis
1103 3223 1250 3272 annis
1309 3238 1476 3287 usum,
1529 3230 1585 3275 et

523 3306 872 3358 possessorem
887 3295 1233 3366 ὀλιγοχρόνιον.
1260 3302 1479 3371 ναίᾳιηῐ
1493 3301 1584 3365 qui

522 3372 589 3425 ad
613 3374 793 3422 tumuli
829 3377 912 3425 vei
952 3391 1093 3431 urnae
1118 3380 1381 3444 angustias
1405 3378 1586 3428 redac-

523 3454 634 3499 tum
657 3448 1088 3515 interpretantur.
1143 3457 1274 3508 Quae
1300 3457 1344 3505 si
1367 3456 1451 3507 cui
1476 3457 1584 3520 pla·

522 3536 644 3579 ceat
684 3530 979 3599 explicandi
1036 3533 1184 3591 ratio,
1242 3534 1410 3585 iucem
1465 3533 1587 3586 huic

521 3602 708 3673 offeret
729 3607 973 3671 Juvenal.
999 3610 1110 3662 Sat.
1138 3625 1194 3660 x.
1219 3615 1331 3673 168.
1357 3618 1411 3662 et
1440 3611 1588 3676 quin·

522 3698 624 3749 que
652 3686 1008 3748 sequentibus.

588 3763 874 3829 Dominum]
895 3766 972 3815 Te
995 3772 1261 3830 potentem
1287 3781 1347 3818 ac
1370 3767 1587 3839 divitem

518 3836 659 3890 Plin.
697 3855 817 3891 mox
857 3843 950 3892 cit.
994 3844 1010 3870 ‘
1037 3843 1362 3907 Cupresstts,'
1400 3844 1589 3910 inquit,

518 3912 535 3989 ‚³
560 3917 675 3968 Diti
697 3931 867 3982 sacra,
893 3927 949 3969 et
973 3918 1091 3968 ideo
1115 3918 1324 3970 funebri
1351 3922 1496 3985 signo
1520 3921 1587 3974 ad

522 3993 699 4045 domos
732 3996 902 4059 posita
917 3995 951 4056 3’
989 3995 1124 4046 adde
1162 4001 1177 4024 ⁴
1202 3996 1487 4055 nobiii11m‚’
1518 4013 1585 4051 ex

520 4070 765 4122 Lucano:
820 4073 837 4101 ‘
875 4075 942 4122 Et
987 4088 1087 4123 non
1136 4075 1369 4138 plebeios
1415 4076 1586 4126 luctus

519 4156 714 4200 testata
735 4151 1046 4214 cupressus?
1100 4152 1184 4202 Ad
1206 4168 1310 4203 rem
1331 4162 1586 4218 praeterea

521 4224 742 4288 faciunt,
786 4241 902 4291 quas
939 4227 1004 4277 de
1042 4244 1288 4293 cupresso
1328 4230 1584 4288 scribunt.

520 4296 754 4352 Praeciso
782 4301 955 4367 capite
986 4306 1222 4370 moritur,
1254 4314 1310 4357 et
1342 4306 1585 4361 subsecta

1666 3237 1767 3275 non
1793 3222 2101 3284 renascitur,
2130 3221 2269 3272 sicut
2301 3235 2365 3270 ex
2403 3217 2621 3268 mortuis
2657 3219 2731 3267 ni-

1665 3300 1737 3350 hii
1762 3310 2023 3366 speratur.
2057 3299 2271 3349 Seruum.
2341 3296 2501 3360 Rogis
2525 3294 2735 3346 adhibe·

1668 3384 1770 3445 tur,
1796 3385 1852 3428 et
1874 3376 2164 3427 cremandis
2190 3374 2330 3425 utilis
2363 3380 2446 3423 est
2470 3372 2734 3423 cadaveri·

1664 3454 1781 3519 bus,
1820 3454 1889 3505 ob
1931 3468 2142 3518 gravem
2191 3453 2400 3502 ustrinae
2461 3449 2729 3499 nidorem:

1664 3534 1904 3599 quoniam
1931 3530 2171 3584 foetorem
2189 3528 2475 3590 cadaveris,
2491 3526 2614 3576 dum
2633 3528 2736 3576 nri-

1663 3608 1776 3673 tur,
1795 3610 1968 3661 odoris
1991 3610 2069 3659 sui
2084 3608 2420 3677 jucunditate
2445 3605 2593 3655 lenit.
2650 3604 2733 3657 Ita

1663 3687 1849 3738 Varro.
1921 3688 2085 3750 Leges
2109 3684 2363 3749 publicas,
2393 3680 2448 3731 et
2469 3682 2732 3731 'sacrorum

1667 3765 1818 3827 ritus,
1841 3763 1909 3813 ob
1946 3771 2195 3813 aeternam
2228 3759 2551 3823 firmitatem,
2577 3759 2628 3808 in
2661 3766 2734 3806 ta·

1667 3838 1799 3891 bulis
1819 3840 2138 3903 cupressinis
2164 3837 2389 3888 describi
2409 3837 2567 3886 Plato
2584 3835 2736 3905 jube·

1667 3918 1780 3969 bat.
1848 3916 1986 3969 Vide
2011 3916 2141 3966 Coei.
2166 3914 2388 3976 Rhodig.
2418 3925 2560 3963 xxv,
2581 3916 2635 3963 2.

1663 3996 1668 4001 '
1715 3999 1793 4053 125
1829 3994 2059 4045 Absumet
2094 3992 2246 4042 haeres
2280 3988 2485 4040 Caecuba
2520 3987 2732 4051 dignior,

1665 4070 1776 4137 assu]
1812 4071 1997 4120 Haeres
2030 4069 2240 4135 dignior
2276 4075 2351 4127 te,
2388 4065 2511 4131 quia
2548 4065 2737 4114 libera·
2831 4106 2838 4113 .

1667 4152 1787 4214 lior,
1821 4157 1875 4201 et
1908 4151 2074 4200 sciens
2105 4150 2181 4201 uti
2220 4147 2305 4210 iis,
2334 4160 2450 4212 quae
2484 4142 2552 4191 ad
2589 4157 2734 4201 usum

1658 4232 1790 4280 'sunt
1855 4227 2020 4278 factu:
2072 4223 2261 4293 quibus
2312 4221 2550 4293 improbe
2595 4219 2736 4269 avari

1667 4307 1811 4361 velut
1848 4304 2007 4357 sacris
2048 4306 2289 4371 parcunt.
2355 4299 2490 4352 Quae
2521 4312 2653 4378 vero·
2681 4303 2736 4345 tu
