3059 4909
1268 408 1332 466 Q.
1383 405 1695 454 nonnul
1748 406 2054 454 rnAccr·

881 548 1017 613 Sed
1047 551 1440 615 rusticorum
1473 551 1774 615 mascula
1805 550 2089 615 militum

882 651 1143 730 Proles,
1174 652 1470 717 Sabellis
1499 652 1709 718 docta
1735 653 2069 736 ligonibus

968 751 1260 817 Versum
1291 754 1544 835 glebaS,
1575 760 1641 818 et
1670 772 1923 818 severae

1057 852 1304 919 Matris
1335 852 1422 917 ad
1452 856 1787 919 arbitrium
1818 855 2065 920 recisos

883 955 1163 1020 Portare
1189 955 1439 1035 fustes3
1481 956 1588 1020 sol
1617 956 1731 1022 ubi
1762 957 2083 1021 montium

879 1056 1184 1122 Mutaret
1214 1059 1503 1137 umbraS,
1533 1064 1597 1123 et
1615 1059 1784 1145 juga
1806 1058 2096 1123 demeret

968 1160 1209 1223 Bobus
1239 1158 1564 1243 fatigatiS,
1595 1161 1879 1226 amicum

1053 1255 1351 1344 Tempus
1382 1283 1586 1347 agens
1619 1265 1906 1328 abeunte
1941 1282 2155 1329 curru.

884 1363 1232 1426 Damnosa
1261 1364 1423 1446 quid
1454 1384 1586 1427 non
1620 1365 1955 1429 imminuit
1985 1365 2131 1427 dies
2151 1363 2182 1425 ‘l

2655 1368 2740 1429 45

538 1539 714 1575 saevum
731 1528 1068 1592 Hannibalem,
1101 1531 1183 1581 sed
1213 1531 1395 1580 strenui
1412 1531 1518 1595 filii
1550 1531 1775 1589 militum,
1788 1533 2064 1595 agrestium,
2096 1532 2274 1582 assueti
2305 1538 2483 1581 terrum
2502 1532 2654 1581 colere
2672 1529 2738 1577 hi-

535 1591 663 1651 palio
685 1592 877 1657 Sabino,
897 1601 946 1644 et
961 1598 1022 1645 ad
1043 1601 1245 1645 austeroe
1259 1596 1428 1644 matris
1447 1598 1736 1646 voluntatem
1756 1593 2002 1660 amput'uta
2020 1599 2199 1659 referre
2221 1598 2372 1660 liguo,
2388 1612 2495 1646 cum
2514 1597 2740 1645 montium

539 1656 686 1704 vertit
717 1659 921 1724 umbras,
944 1666 990 1709 et
1013 1660 1141 1722 juga
1166 1659 1316 1719 sessis
1351 1661 1491 1709 bobus
1512 1661 1725 1711 detrahit
1746 1661 1848 1724 Sol,
1869 1662 2032 1711 horum
2067 1665 2301 1712 adducens
2319 1663 2601 1724 jucundant,
2618 1674 2739 1709 rece-

542 1719 681 1770 dente
698 1737 857 1776 curru.
928 1725 1059 1781 Quid
1095 1730 1274 1788 tempus
1305 1727 1427 1775 edax
1461 1741 1555 1774 non
1589 1727 1884 1790 corrumpit?
1914 1729 2092 1777 AEvum
2115 1732 2310 1791 patrum
2330 1733 2615 1783 nostrorum,
2641 1725 2740 1773 avis

1424 1870 1790 1891 ‘Onne-‘OOC‘

541 1966 606 2012 38
642 1965 819 2030 Pubes,
853 1982 946 2030 pro
984 1970 1169 2031 Proles,
1206 1971 1577 2035 Fratrem—39.
1611 1975 1677 2021 40
1710 1971 1861 2021 Dess.
1886 1976 1935 2021 2.
1972 1977 2022 2021 et
2051 1973 2203 2022 severi
2227 1972 2541 2021 Putria—48
2581 1969 2739 2018 Bubus

542 2027 691 2082 Harl.
716 2035 764 2079 l.
782 2037 830 2083 2.
847 2038 895 2082 3.
912 2038 961 2083 4.
979 2040 1027 2085 5.
1046 2039 1096 2084 6.
1122 2035 1210 2085 alii
1233 2036 1384 2100 codd.
1406 2051 1490 2101 ap.
1511 2036 1655 2100 Jani,
1675 2044 1729 2087 et
1752 2037 1989 2102 quaedam
2014 2038 2264 2087 edm—45
2289 2036 2305 2063 ‘
2320 2036 2521 2087 Auuosu
2536 2034 2739 2085 emend.

538 2339 731 2402 Proles]
763 2340 868 2391 Sed
905 2340 998 2393 filii
1033 2346 1255 2397 virorum
1290 2349 1487 2401 rustico
1518 2352 1595 2401 la-

537 2415 666 2469 bore
707 2423 761 2466 et
803 2420 984 2470 militia
1025 2423 1370 2489 robustorum,
1404 2435 1459 2476 et
1495 2427 1598 2492 ipsi

537 2492 735 2557 pariter
770 2497 966 2558 agresti
992 2499 1094 2548 vita
1115 2500 1365 2564 indurati,
1400 2503 1600 2554 diutur-

534 2581 707 2634 noque
729 2574 875 2635 operi
914 2575 1106 2625 assueti
1123 2595 1139 2638 3
1177 2578 1499 2643 proindeque
1523 2581 1599 2629 vi-

534 2644 619 2694 rili
644 2647 814 2698 animo
828 2648 987 2713 juxta
1010 2658 1065 2700 et
1086 2649 1212 2702 forti
1235 2668 1473 2719 corpore,
1493 2670 1598 2707 non

533 2723 717 2773 molles
734 2731 791 2775 et
814 2726 1165 2791 voluptatibus
1187 2728 1362 2780 fracti.
1389 2717 1394 2724 ’

616 2803 682 2851 88
715 2800 917 2854 Sabellis
952 2806 1092 2855 docta
1123 2807 1359 2869 ligonibus
1400 2809 1599 2861 Versae-e

529 2875 716 2942 glebas]
748 2878 867 2930 Jsm
887 2880 1181 2931 notavimus
1214 2884 1337 2934 alibi
1375 2886 1599 2950 optimos

534 2950 711 3003 Italiae
734 2951 1009 3005 bellatores
1043 2957 1365 3010 existimatos
1395 2962 1598 3025 pridem

533 3028 738 3092 Apulos
756 3036 813 3080 et
835 3031 1111 3096 Samnites,
1135 3035 1225 3099 qui
1247 3042 1303 3086 et
1328 3035 1546 3101 Sabelli,
1567 3055 1599 3089 a

532 3105 742 3157 Sabinis
777 3108 901 3172 orti,
942 3124 1010 3159 ex
1045 3110 1323 3171 Strabone,
1344 3114 1435 3164 lib.
1459 3130 1514 3166 v.
1539 3123 1598 3168 et

535 3182 677 3231 Pliu.
702 3197 789 3234 ιιι.
816 3189 895 3234 12.

601 3262 666 3308 89
697 3260 770 3310 Et
798 3275 976 3311 severoe
1009 3263 1192 3314 Matris
1226 3268 1290 3315 ad
1324 3266 1597 3332 arbitrium,

532 3333 640 3399 ‹isc-J
674 3336 777 3389 Qui
812 3345 869 3389 et
896 3342 1074 3390 matris
1098 3342 1315 3407 imperio
1338 3351 1395 3395 et
1415 3360 1597 3396 severa

533 3410 809 3478 disciplina
830 3412 963 3467 facti
998 3418 1061 3468 ad
1098 3420 1340 3471 virtutem
1375 3420 1597 3471 laborio-

534 3505 678 3554 sam;
712 3506 829 3543 nam
852 3495 1076 3558 jubebat
1106 3495 1195 3547 illa
1217 3504 1337 3561 post
1359 3497 1596 3551 diurnum

534 3581 665 3631 opus
698 3569 839 3633 ligna
875 3572 1035 3622 etiam
1072 3574 1293 3635 caedere,
1328 3581 1484 3640 atque
1527 3577 1595 3627 ad

534 3655 683 3694 usum
705 3643 1043 3698 domesticum
1066 3656 1352 3713 reportare.

597 3723 660 3769 41
684 3718 771 3769 Sol
791 3721 871 3771 ubi
893 3724 1121 3774 montium
1143 3725 1364 3777 Mutaret
1382 3728 1595 3793 umbras]

533 3792 775 3858 Vesperi,
798 3812 914 3849 cum
933 3813 1153 3864 vergens
1169 3801 1258 3852 Sol
1273 3802 1337 3852 ad
1356 3817 1595 3855 occasum

532 3878 695 3935 auget
718 3872 941 3938 umbras,
957 3882 1050 3927 aut
1066 3880 1328 3929 convertit
1345 3879 1410 3929 ad
1429 3882 1594 3931 orien-

532 3950 664 4009 tem,
696 3963 812 4012 quae
835 3964 985 4000 mane
1006 3952 1070 4001 ad
1093 3953 1443 4006 Occidentem
1476 3955 1592 4008 fue-

532 4027 669 4072 rant.
732 4023 887 4074 Prior
918 4026 1288 4092 interpretatio
1322 4034 1489 4095 magis
1512 4049 1591 4083 ar·

532 4096 689 4147 ridet.
752 4099 938 4165 virgil.
973 4102 1156 4166 Ecloss.
1196 4119 1234 4155 1.
1266 4110 1350 4158 84.
1385 4107 1402 4136 ⁶
1421 4110 1591 4174 Majo-

530 4188 718 4240 resque
750 4177 947 4232 cadunt
968 4180 1087 4231 altis
1109 4181 1179 4234 de
1200 4186 1457 4236 montibus
1479 4203 1590 4240 um-

524 4249 670 4303 brae:
724 4254 905 4321 Eclog.
928 4268 992 4309 ιι.
1013 4260 1096 4311 67.
1119 4261 1136 4290 ‘
1153 4261 1223 4313 Et
1244 4263 1333 4315 Sol
1356 4277 1591 4318 crescen-

1677 2279 1757 2323 tes
1779 2272 2040 2325 decedens
2062 2273 2295 2338 duplicat
2316 2271 2558 2322 umbras.’

1740 2351 1852 2413 Sol]
1883 2352 1995 2402 Cic.
2019 2351 2085 2400 de
2103 2351 2229 2400 Nat.
2246 2351 2411 2399 Deor.
2430 2362 2483 2397 n.
2500 2351 2584 2397 68.
2618 2346 2635 2375 ‘
2652 2347 2739 2397 Sol

1678 2427 1867 2491 dictus,
1909 2429 1989 2478 vel
2027 2428 2152 2492 quia
2174 2426 2308 2476 solus
2331 2439 2398 2474 ex
2412 2423 2654 2473 ‘omnibus
2675 2424 2738 2473 si·

1678 2503 1892 2554 deribus
1914 2510 1996 2554 est
2023 2510 2228 2554 tantus:
2268 2502 2349 2551 vel
2372 2501 2493 2566 quia
2518 2515 2637 2551 cum
2660 2507 2738 2551 est

1679 2586 1909 2643 exortus,
1928 2578 2220 2630 obscuratis
2237 2577 2472 2628 omnibus
2489 2577 2631 2627 solus
2650 2592 2737 2640 ap-

1679 2661 1862 2721 paret:
2229 2718 2232 2722 ,

1741 2737 1809 2783 42
1842 2731 2047 2795 Etjuga
2067 2733 2276 2782 demeret
2296 2730 2461 2780 Bobus
2478 2729 2736 2793 fatigatis]

1680 2811 1799 2863 Quo
1830 2816 2066 2873 tempore
2098 2807 2326 2858 demitur
2351 2808 2536 2872 jugum
2575 2806 2737 2857 bobus

1678 2885 1873 2937 nando
1894 2884 2154 2949 fatigatis,
2194 2885 2453 2949 solutique
2477 2884 2544 2934 ab
2567 2889 2738 2932 aratro

1678 2963 1883 3013 domum
1906 2962 2242 3012 reducuntur.
2296 2960 2483 3024 Virgil-
2507 2974 2629 3010 mox
2651 2959 2737 3009 cit·

1678 3039 1696 3068 ⁸
1712 3038 1926 3105 Aspice,
1965 3046 2140 3090 aratra
2179 3039 2311 3102 jugo
2355 3037 2592 3088 referunt
2635 3029 2737 3086 sus·

1676 3131 1837 3180 pensa
1856 3116 2093 3180 juvenci,
2120 3116 2191 3165 Et
2212 3116 2301 3165 Sol
2322 3122 2628 3166 crescentes
2651 3115 2736 3165 de-

1675 3194 1867 3245 cedens
1891 3194 2125 3258 duplicat
2146 3191 2387 3243 umbras?

1741 3275 1805 3321 43
1854 3270 2077 3320 Amicum
2118 3267 2315 3333 Tempus
2352 3283 2501 3331 ageas
2541 3269 2736 3319 abeunte

1674 3346 1840 3411 curru]
1888 3346 2168 3396 Adducens
2204 3353 2408 3410 tempus
2444 3345 2659 3410 optimae
2683 3352 2736 3393 et

1662 3422 1921 3488 ,jucuudae
1964 3428 2082 3486 post
2114 3422 2342 3472 laborem
2381 3421 2543 3487 quieti
2576 3422 2736 3473 desti.

1679 3507 1881 3562 natum,
1914 3503 1928 3529 ‘
1948 3514 2064 3549 cum
2089 3514 2145 3548 se
2169 3498 2481 3549 convolvens
2513 3499 2605 3549 Sol
2636 3500 2734 3548 ela·

1677 3576 1818 3627 bitur
1841 3584 1999 3649 atque
2022 3575 2165 3634 abit‚’
2196 3581 2256 3623 ut
2276 3575 2349 3624 ait
2366 3575 2479 3625 Cic.
2503 3574 2570 3624 de
2594 3575 2736 3623 Divi·

1674 3657 1785 3703 nat:
1818 3665 1856 3703 1.
1897 3666 1949 3699 u.
1986 3655 2070 3701 46.
2122 3649 2307 3712 Virgil.
2340 3648 2546 3699 AEneid.
2584 3664 2650 3700 11.
2684 3654 2731 3699 9.

1676 3731 1692 3758 ⁴
1711 3730 1782 3778 Et
1809 3729 1921 3791 jam
1961 3741 2064 3777 nox
2102 3726 2311 3776 humida
2342 3727 2470 3775 coelo
2494 3728 2736 3791 Pracipi-

1679 3813 1779 3868 tat,
1800 3805 2124 3870 suadentque
2146 3803 2390 3854 cadentia
2410 3803 2583 3853 sidera
2605 3819 2745 3854 som--

1674 3882 1801 3934 nos!
1866 3882 2063 3945 Geor-g.
2084 3893 2168 3930 ιιι.
2192 3884 2308 3929 358.
2343 3879 2359 3907 ‘
2379 3879 2430 3930 N
2435 3893 2497 3929 ec
2518 3895 2636 3930 cum
2660 3881 2731 3929 in-

1673 3966 1852 4010 vectus
1871 3958 2013 4023 equis
2028 3954 2167 4023 (Sol)
2186 3956 2346 4005 altum
2367 3954 2505 4018 petit
2522 3955 2731 4017 aethera,

1670 4051 1769 4086 nec
1810 4050 1926 4085 cum
1967 4032 2300 4097 Praecipitem
2341 4032 2546 4082 Oceani
2581 4033 2731 4083 rubro

1671 4113 1798 4163 lavit
1818 4125 2024 4177 aequore
2047 4108 2293 4160 currum!

1730 4194 1797 4240 45
1832 4190 2078 4239 Domum
2097 4187 2213 4251 quid
2234 4201 2327 4237 uon
2345 4185 2586 4236 minuit
2607 4185 2728 4250 dies]

1670 4265 1812 4320 Quid
1830 4280 1933 4317 non
1953 4264 2180 4317 absumit
2203 4270 2428 4328 tempus,
2451 4263 2609 4315 rebus
2629 4277 2728 4314 om·
