3059 4909
1276 393 1344 455 Q.
1388 390 1710 441 nonum
1760 389 2025 450 nacor

800 544 1025 624 Quam
1055 542 1235 608 dulci
1264 541 1547 617 Lamiae,
1574 527 1828 603 mernor

887 646 1083 712 Actae
1113 666 1241 710 non
1271 647 1404 709 alio
1433 662 1591 723 rege
1624 641 1924 726 puertiae,

802 751 1223 835 Mutataeque
1254 747 1450 813 simul
1490 755 1689 832 togae.

885 853 1133 920 Cressa
1159 872 1241 917 ne
1271 859 1492 917 careat
1522 849 1803 934 pulchra
1830 847 1975 914 dies
2002 850 2198 926 nota3

2668 841 2753 905 10

546 1037 639 1073 non
659 1023 754 1073 alio
772 1024 961 1072 ductore
988 1024 1260 1083 transacta,
1291 1023 1338 1067 et
1373 1021 1576 1068 mutotae
1605 1013 1793 1079 pariter
1825 1020 1967 1077 toga.
2034 1014 2112 1063 Ne
2132 1013 2257 1062 loetae
2277 1011 2376 1061 dien·
2405 1011 2601 1074 signnm
2632 1013 2753 1061 desit

1465 1143 1705 1165 OOOO‘OOO
1711 1144 1830 1165 ‘0⁵00

546 1231 826 1297 sepissime
861 1229 1248 1282 confunduntur
1268 1231 1321 1283 in
1341 1230 1508 1292 antiq.
1534 1229 1858 1293 πῆραι-7
1893 1227 2058 1278 Arcto
2078 1224 2250 1275 codex
2272 1224 2345 1274 Η.
2367 1223 2553 1300 Steph-
2574 1230 2631 1273 et
2656 1223 2752 1275 Ed.

545 1300 746 1349 Muret.
770 1295 1099 1360 improbante
1113 1296 1262 1348 sani:
1299 1296 1524 1359 pueritioe
1541 1294 1696 1344 scribi
1713 1294 1826 1343 vult
1849 1292 2125 1357 Cruquius,
2141 1306 2258 1340 nam
2284 1304 2386 1340 non
2409 1291 2514 1339 nisi
2532 1290 2584 1337 in
2607 1304 2753 1338 scan-

545 1365 690 1414 sione
715 1377 828 1412 esse
851 1362 1177 1426 Synaeresin3
1213 1369 1268 1411 et
1305 1362 1381 1411 sie
1412 1362 1513 1411 duo
1549 1359 1703 1409 codd.
1744 1358 1987 1409 Dorvillii
2026 1358 2090 1407 ad
2131 1356 2327 1407 Charit.
2351 1369 2400 1417 p.
2422 1357 2538 1404 382.
2574 1364 2628 1402 et
2652 1355 2752 1402 duo

547 1429 718 1492 Lipss.
740 1443 825 1492 ap.
848 1427 991 1483 Jani,
1006 1427 1093 1491 qui
1116 1433 1266 1490 putat
1290 1433 1434 1476 recte
1456 1426 1614 1475 etiam
1639 1424 1794 1474 scribi
1814 1423 2015 1486 puertiae
2027 1439 2048 1482 ,-
2082 1437 2196 1472 esse
2220 1421 2358 1471 enini
2374 1421 2675 1483 Syneopen‚
2696 1428 2752 1469 nt

544 1494 600 1544 in
636 1496 652 1521 ⁸
674 1491 914 1557 porgite,'
948 1493 964 1521 ‘
986 1490 1300 1556 surpuerat,'
1333 1499 1348 1521 ‘
1368 1489 1726 1541 lamnae.'—-l'0
1760 1496 1776 1517 ⁸
1793 1489 1996 1538 Thu-essa
2015 1488 2221 1538 emend.
2247 1486 2365 1537 Jac.
2399 1502 2429 1535 a
2454 1486 2625 1536 Cruce
2650 1485 2751 1533 Bo-

546 1573 666 1607 non.
693 1564 748 1607 et
771 1558 996 1621 amplexi
1020 1564 1142 1607 sunt
1164 1558 1365 1607 Erasm.
1401 1557 1648 1610 Glarean.
1686 1555 1949 1605 Murmell.
1989 1554 2227 1603 Hermol.
2266 1551 2425 1604 narb.
2463 1552 2594 1602 Cael.
2630 1551 2752 1601 Cur.

547 1622 758 1673 Bonfin.
782 1624 919 1688 quod
953 1624 1208 1673 Thracum
1248 1622 1422 1686 potius
1442 1637 1554 1671 mos
1578 1619 1759 1683 fuerit,
1792 1621 1922 1670 albis
1945 1621 2153 1669 calculis
2178 1626 2359 1667 notare
2384 1616 2500 1666 dies
2534 1614 2714 1691 felices
2736 1631 2753 1676 ;

549 1689 691 1738 Plin.
710 1702 811 1738 vu.
829 1693 915 1739 40.
959 1687 1063 1746 sed
1086 1704 1201 1739 cum
1226 1696 1372 1738 recte
1394 1687 1524 1737 vidit
1547 1687 1722 1736 Bentl.
1741 1695 1917 1735 notam
1935 1686 2206 1735 Thressam
2226 1692 2352 1733 tnnc
2374 1682 2616 1744 ambigue
2636 1681 2757 1741 diei,

549 1761 606 1804 et
626 1768 779 1818 posse
797 1755 954 1805 etiam
975 1757 1173 1818 nigram
1193 1768 1324 1814 esse,
1346 1760 1457 1802 tum
1483 1754 1711 1802 omnium
1738 1751 1864 1801 libb.
1890 1751 2047 1801 lectio
2065 1766 2165 1800 non
2190 1748 2502 1811 deserenda,
2525 1756 2582 1797 et
2605 1745 2755 1795 modo

549 1828 698 1870 reete
732 1819 1074 1884 explicanda?
1104 1820 1243 1870 Juni.
1314 1819 1487 1869 Pressa
1522 1818 1658 1882 conj.
1700 1833 1785 1882 ap.
1819 1818 2133 1870 sanese-11
2170 1816 2324 1865 Harl.
2356 1819 2404 1864 1.
2433 1820 2486 1863 5.
2517 1813 2662 1877 Lips.
2701 1820 2755 1861 et

1548 1946 1764 1998 NOTAE
1783 1981 1789 1994 .

549 2062 673 2097 suo:
696 2047 711 2075 ‘
732 2047 929 2098 Oculos
954 2053 1089 2109 tuos,
1105 2046 1306 2097 etiamsi
1326 2053 1378 2098 te
1397 2047 1609 2097 veniens

466 2147 483 2164 ·
547 2125 603 2174 in
639 2124 812 2174 medio
844 2121 958 2174 foro
985 2124 1191 2182 videro,
1217 2124 1611 2176 dissuaviaborss

547 2202 767 2253 Ssueton.
798 2201 979 2254 Tib-er.
1017 2217 1135 2266 eap.
1164 2205 1244 2254 lo.
1276 2206 1292 2229 ‘
1318 2203 1525 2253 Paucos
1556 2203 1610 2254 iu

549 2279 789 2343 digressu
802 2278 1099 2332 osculatus!
1131 2282 1202 2329 Et
1215 2295 1332 2344 cap.
1345 2284 1425 2331 34.
1445 2281 1610 2334 ‘Quo-

550 2357 746 2406 tidiana
770 2358 942 2406 oscula
965 2356 1229 2421 prohibuit
1251 2355 1459 2407 edicto!
1501 2356 1612 2408 Ne-

552 2448 663 2484 ron.
681 2449 797 2499 cap.
820 2438 904 2484 3⁷.
925 2436 940 2462 ‘
962 2435 1120 2485 Certe
1144 2449 1311 2499 neque
1328 2433 1613 2485 adveniens

546 2524 720 2575 neque
755 2509 1088 2574 proficiscens
1111 2525 1400 2576 quenquam
1436 2512 1613 2562 osculo

549 2589 853 2652 impertivit,
890 2603 951 2639 ac
980 2603 1050 2640 ne
1095 2589 1462 2639 resalutatione
1503 2590 1613 2653 qui·

551 2664 704 2716 deme
762 2665 855 2716 ,Sic
885 2673 942 2716 et
964 2680 1126 2716 sacrae
1163 2666 1385 2716 litteras:
1424 2667 1439 2693 ‘
1463 2663 1612 2717 Salu-

551 2748 662 2791 tate
707 2742 928 2793 invicem
966 2744 1018 2792 in
1057 2745 1232 2793 osculo
1271 2742 1487 2795 sancto!
1544 2747 1612 2796 D.

550 2819 703 2869 Paul.
726 2820 880 2870 Rom.
904 2835 1022 2883 cap.
1048 2834 1167 2871 xv1.
1191 2836 1263 2870 vs.
1282 2825 1331 2871 7.
1348 2821 1412 2870 ad
1441 2826 1468 2870 l
1490 2822 1616 2872 Cor.

550 2910 668 2959 cap.
705 2910 824 2946 Χνι.
867 2897 936 2947 D.
969 2897 1122 2947 Pet-r.
1159 2901 1186 2946 1
1223 2898 1391 2963 Epist.
1423 2912 1541 2962 cap.
1562 2913 1615 2948 v.

551 2988 630 3023 vs.
654 2977 734 3023 14.
1002 3009 1005 3012 -

616 3053 648 3099 7
682 3050 889 3114 Lamioe]
930 3051 1009 3101 De
1037 3049 1170 3100 AElio
1206 3049 1403 3114 Lamia,
1438 3066 1614 3118 supra,

555 3125 661 3180 od.
687 3139 850 3176 xxvi.

616 3202 805 3250 Memor
823 3200 965 3252 Actoe
994 3218 1091 3260 non
1123 3204 1217 3253 alio
1252 3219 1365 3267 rege
1391 3206 1612 3269 paen-tie,

549 3279 658 3342 ἅμ.)
688 3278 936 3342 Magnam
971 3282 1256 3329 animorum
1290 3283 1611 3346 conjunctio-

551 3369 671 3404 nem
686 3355 899 3420 gignere
914 3357 1026 3408 baec
1041 3358 1228 3420 solent.
1251 3358 1429 3410 Lamia
1439 3366 1495 3408 et
1504 3360 1612 3409 Nu-

550 3431 713 3494 mida,
744 3433 928 3494 eodem
968 3435 1251 3499 padagogo
1283 3452 1381 3486 seu
1405 3443 1616 3487 rectove

550 3510 649 3567 usi,
669 3511 946 3573 pueritiam
968 3512 1117 3562 simul
1141 3520 1456 3576 exegerant;
1482 3528 1615 3577 prae-

550 3590 749 3636 textam
790 3602 997 3652 quoque
1050 3587 1373 3653 deponentes
1419 3590 1616 3653 pariter

550 3665 699 3716 circa
728 3679 915 3716 annum
952 3671 1037 3717 1⁷.
1081 3675 1253 3731 togam
1294 3665 1490 3716 ririlem
1513 3680 1616 3718 uua

550 3749 862 3802 sumserunt,
907 3749 1014 3793 tum
1054 3759 1122 3794 ex
1158 3758 1324 3807 more,
1362 3745 1379 3772 ‘
1404 3741 1614 3801 tandem

550 3817 770 3868 custode
819 3824 1056 3884 remoto‚’
1095 3829 1152 3872 ut
1189 3821 1267 3870 ait
1310 3820 1509 3870 Noster
1547 3819 1614 3870 ad

552 3894 791 3948 Pisones.
855 3898 990 3956 Sunt
1012 3898 1100 3962 qui
1131 3898 1334 3961 puertia·
1357 3914 1518 3961 regem
1538 3899 1612 3949 in-

553 3975 914 4034 ter-pretentur
976 3980 1253 4036 patronum
1309 3982 1609 4040 potentem:

553 4047 647 4095 sed
671 4048 796 4111 quid
830 4049 928 4099 boo
961 4048 1026 4098 ad
1064 4063 1249 4113 pueros
1268 4052 1293 4100 ?·
1329 4052 1435 4103 Alii
1466 4068 1612 4104 crea-

552 4132 660 4176 tum
685 4133 827 4174 sorte
861 4140 1037 4188 regem
1071 4125 1211 4177 inter
1243 4142 1429 4192 pueros
1451 4131 1614 4180 collu-

553 4201 740 4250 dentes
766 4201 818 4249 in
852 4200 1125 4266 βασιλίνδα,
1146 4203 1213 4253 de
1236 4220 1340 4270 qua
1371 4207 1530 4256 Plato
1561 4208 1613 4257 in

552 4278 847 4342 Theaeteto‚
886 4279 994 4331 Jul.
1033 4281 1222 4332 Pollux
1253 4284 1347 4334 lib.
1381 4297 1461 4334 tx.
1498 4299 1615 4351 cap.
1681 4308 1687 4311 ⁴

1692 2047 1755 2096 de
1782 2048 2151 2098 convivalibus
2174 2046 2354 2108 Ludis,
2375 2051 2432 2096 et
2454 2059 2548 2095 nos
2573 2053 2756 2108 postea

1690 2129 1717 2174 1
1745 2126 1912 2189 Epist.
1935 2139 1973 2176 1.
1996 2129 2078 2175 59.
2102 2126 2213 2188 ubi,
2245 2125 2261 2153 ‘
2285 2123 2364 2174 At
2398 2123 2549 2188 pueri
2580 2121 2756 2172 luden-

1692 2211 1793 2264 tes,
1819 2204 1929 2253 Rex
1953 2204 2080 2266 eris,
2095 2200 2278 2265 aiunt,'
2300 2204 2401 2252 &e-
2434 2202 2626 2251 Melius
2648 2214 2762 2250 eor·

1692 2286 1746 2329 te
1767 2280 1855 2329 nui
1879 2280 2178 2344 intelligunt
2202 2278 2529 2342 magistrum,
2551 2277 2661 2326 sive
2682 2276 2757 2324 in·

1691 2364 1985 2422 spectarem
2020 2365 2078 2407 et
2110 2364 2422 2415 curatorem,
2445 2356 2533 2420 qui
2555 2354 2753 2404 duobus

1695 2442 1786 2485 aut
1824 2435 2061 2498 pluribus
2101 2433 2276 2498 pueris
2323 2432 2584 2483 nobilibus
2613 2432 2753 2481 insti·

1696 2512 1901 2561 tuendis
1921 2511 2347 2576 praeficiebatur:
2373 2509 2621 2573 παιδῶναξ,
2640 2524 2757 2575 qua-

1693 2587 1735 2636 si
1758 2585 1935 2637 παίδων
1955 2585 2086 2650 ἄναξ.

1761 2668 1792 2714 8
1825 2664 2066 2729 Puertiae]
2097 2664 2359 2730 syncope.
2401 2663 2489 2715 Sic
2508 2666 2525 2693 ‘
2548 2662 2756 2713 lamnae'

1696 2756 1792 2805 pro
1810 2748 1824 2770 ‘
1838 2742 2074 2791 laminae.'
2105 2743 2193 2792 Sic
2212 2743 2228 2771 ‘
2243 2743 2449 2806 porgite
2463 2741 2477 2763 ’
2499 2757 2592 2804 pro
2611 2742 2626 2768 ‘
2645 2755 2758 2805 por-

1696 2818 1904 2883 rigitet’
1943 2819 2127 2882 Virgil.
2154 2816 2274 2869 AEn.
2308 2832 2435 2867 vm.
2458 2822 2575 2867 274.
2608 2818 2626 2848 ‘
2650 2832 2755 2866 sur-

1695 2894 1832 2960 pite'
1870 2910 1965 2959 pro
2005 2895 2021 2924 ‘
2040 2893 2340 2959 surripitez’
2371 2894 2530 2958 infra,
2565 2909 2628 2945 ιι.
2649 2895 2754 2945 Sat.

1693 2976 1743 3020 8.
1765 2979 1821 3021 et
1846 2985 1921 3022 tv,
1941 2972 2047 3026 Οὐ.
2071 2976 2151 3022 13.
2175 2974 2190 3000 ‘
2219 2971 2461 3036 porgam'
2485 2987 2583 3035 pro
2605 2974 2620 3001 ‘
2645 2988 2756 3037 por-

1692 3047 1893 3112 rigam‚'
1915 3057 2050 3099 teste
2074 3050 2261 3111 Festo;
2295 3055 2350 3099 et
2368 3048 2461 3099 Sil.
2482 3049 2574 3098 lib.
2595 3063 2675 3101 ix.

1759 3130 1821 3175 10
1859 3125 2033 3175 Cressa
2061 3141 2119 3175 ne
2146 3130 2322 3187 careat,
2354 3124 2462 3189 ὅτι]
2492 3126 2619 3176 Dies
2644 3127 2760 3187 ista,

1691 3218 1792 3267 qua
1837 3202 2071 3252 redditus
2115 3202 2237 3250 mihi
2276 3216 2351 3266 es,
2390 3208 2603 3251 notetur
2639 3204 2758 3251 laeto

1692 3278 1853 3341 signo,
1885 3279 1970 3327 vel
2006 3286 2176 3342 creta,
2210 3277 2329 3328 albo
2367 3292 2551 3342 nempe
2584 3279 2758 3343 lapillo

1694 3370 1785 3405 seu
1812 3355 2080 3417 Cretensi3
2114 3370 2179 3405 ex
2203 3369 2348 3405 more
2373 3354 2513 3418 apud
2535 3355 2758 3404 Tlnacas

1695 3432 1956 3495 instituto,
1990 3432 2144 3482 laetas
2185 3432 2300 3481 dies
2333 3447 2394 3482 ac
2428 3432 2616 3482 felices
2648 3447 2764 3482 can·

1695 3506 1821 3558 dido
1854 3508 2072 3558 notandi
2102 3509 2318 3558 calculo.
2376 3507 2513 3558 Plin'.
2548 3522 2654 3557 vu.
2677 3511 2762 3559 40.

1696 3585 1839 3636 Hinc
1893 3584 2175 3649 legendum
2226 3584 2435 3650 quidam
2489 3592 2761 3650 putarunt,

1700 3661 1903 3713 Thressa
1911 3679 1931 3720 ,·
1960 3662 2053 3712 sed
2077 3662 2232 3724 male,
2246 3668 2306 3711 ut
2324 3663 2501 3711 notavi
2525 3662 2591 3711 ad
2610 3659 2763 3714 Pers.

1694 3733 1808 3789 Sat.
1831 3753 1894 3790 11.
1919 3744 1965 3789 1.
1998 3738 2115 3789 Neo
2137 3737 2272 3787 enim
2296 3737 2361 3785 de
2381 3737 2761 3787 consuetudine

1694 3817 1944 3867 Thracum
1968 3815 2053 3865 hic
2076 3814 2265 3878 agitur,
2294 3812 2388 3863 sed
2419 3814 2483 3862 de
2518 3814 2761 3863 Cretensi

1694 3901 1823 3946 nota
1842 3892 2112 3944 felicitatis
2145 3891 2335 3953 indice,
2363 3887 2589 3940 candida
2611 3892 2760 3942 nimi·

1694 3986 1825 4022 rum.
1903 3972 1993 4022 Sic
2040 3977 2222 4035 postea
2278 3982 2343 4019 11.
2388 3970 2501 4019 Sat.
2548 3972 2598 4019 3.
2644 3972 2760 4019 246.

1694 4052 1711 4079 ‘
1735 4050 1895 4100 Creta
1928 4064 1993 4098 an
2016 4048 2245 4099 carbone
2276 4046 2559 4098 notandum
2580 4046 2600 4094 ἔ
2618 4044 2634 4069 ’
2690 4046 2759 4095 Et

1692 4127 1843 4177 Pers.
1875 4128 1986 4178 Sat.
2010 4141 2063 4176 v.
2084 4129 2197 4175 1⁰8.
2233 4130 2249 4153 ‘
2273 4121 2374 4173 Illa
2411 4124 2555 4188 prius
2591 4130 2758 4187 creta,

1692 4219 1814 4254 mox
1835 4205 1947 4254 haec
1969 4203 2195 4254 carbone
2217 4199 2460 4250 notastis

1758 4289 1826 4336 u.
1854 4286 1967 4335 Neu
1980 4288 2183 4349 promtoe
2204 4284 2365 4334 modu
2384 4275 2646 4350 amphorie]
2670 4279 2750 4330 Ad
