<?xml version="1.0" encoding="UTF-8"?>
<!DOCTYPE html PUBLIC "-//W3C//DTD XHTML 1.0 Transitional//EN"
    "http://www.w3.org/TR/xhtml1/DTD/xhtml1-transitional.dtd">
<html xmlns="http://www.w3.org/1999/xhtml" xml:lang="en" lang="en">
 <head>
  <title>
</title>
<meta http-equiv="Content-Type" content="text/html;charset=utf-8" />
  <meta name='ocr-system' content='tesseract 3.04.00' />
  <meta name='ocr-capabilities' content='ocr_page ocr_carea ocr_par ocr_line ocrx_word'/>
</head>
<body>
  <div class='ocr_page' id='page_1' title='image "./quintihoratiifl00unkngoog_0396.png"; bbox 0 0 3059 4909; ppageno 0'>
   <div class='ocr_carea' id='block_1_1' title="bbox 1289 414 2047 479">
    <p class='ocr_par' dir='ltr' id='par_1_1' title="bbox 1289 414 2047 479">
     <span class='ocr_line' id='line_1_1' title="bbox 1289 414 2047 479; baseline -0.003 -12"><span class='ocrx_word' id='word_1_1' title='bbox 1289 420 1356 479; x_wconf 84' lang='lat' dir='ltr'><strong>Q.</strong></span> <span class='ocrx_word' id='word_1_2' title='bbox 1406 415 1731 467; x_wconf 67' lang='lat' dir='ltr'><strong>nortun</strong></span> <span class='ocrx_word' id='word_1_3' title='bbox 1780 414 2047 466; x_wconf 59' lang='lat' dir='ltr'><strong>susce!</strong></span> 
     </span>
    </p>
   </div>
   <div class='ocr_carea' id='block_1_2' title="bbox 1000 559 1980 646">
    <p class='ocr_par' dir='ltr' id='par_1_2' title="bbox 1000 559 1980 646">
     <span class='ocr_line' id='line_1_2' title="bbox 1000 559 1980 646; baseline -0.001 -20"><span class='ocrx_word' id='word_1_4' title='bbox 1000 561 1261 628; x_wconf 82' lang='lat' dir='ltr'><strong>Fatalis</strong></span> <span class='ocrx_word' id='word_1_5' title='bbox 1289 561 1721 645; x_wconf 72' lang='lat' dir='ltr'><strong>incestusque</strong></span> <span class='ocrx_word' id='word_1_6' title='bbox 1743 559 1980 646; x_wconf 84' lang='lat' dir='ltr'><strong>judex,</strong></span> 
     </span>
    </p>
   </div>
   <div class='ocr_carea' id='block_1_3' title="bbox 1087 663 2032 760">
    <p class='ocr_par' dir='ltr' id='par_1_3' title="bbox 1087 663 2032 760">
     <span class='ocr_line' id='line_1_3' title="bbox 1087 663 2032 760; baseline -0.001 -32"><span class='ocrx_word' id='word_1_7' title='bbox 1087 665 1173 728; x_wconf 90' lang='lat' dir='ltr'><strong>Et</strong></span> <span class='ocrx_word' id='word_1_8' title='bbox 1202 665 1435 760; x_wconf 67' lang='lat' dir='ltr'><strong>mulier</strong></span> <span class='ocrx_word' id='word_1_9' title='bbox 1461 665 1803 748; x_wconf 84' lang='lat' dir='ltr'><strong>peregrina</strong></span> <span class='ocrx_word' id='word_1_10' title='bbox 1829 663 2032 728; x_wconf 79' lang='lat' dir='ltr'><strong>vertit</strong></span> 
     </span>
    </p>
   </div>
   <div class='ocr_carea' id='block_1_4' title="bbox 915 765 2229 1056">
    <p class='ocr_par' dir='ltr' id='par_1_4' title="bbox 915 765 2229 1056">
     <span class='ocr_line' id='line_1_4' title="bbox 915 765 2229 854; baseline -0.002 -22"><span class='ocrx_word' id='word_1_11' title='bbox 915 766 996 832; x_wconf 91' lang='lat' dir='ltr'><strong>In</strong></span> <span class='ocrx_word' id='word_1_12' title='bbox 1024 767 1392 851; x_wconf 81' lang='lat' dir='ltr'><strong>pulverem,</strong></span> <span class='ocrx_word' id='word_1_13' title='bbox 1419 786 1509 831; x_wconf 81' lang='lat' dir='ltr'><strong>ex</strong></span> <span class='ocrx_word' id='word_1_14' title='bbox 1537 785 1675 850; x_wconf 89' lang='lat' dir='ltr'><strong>quo</strong></span> <span class='ocrx_word' id='word_1_15' title='bbox 1705 765 2010 854; x_wconf 82' lang='lat' dir='ltr'><strong>destituit</strong></span> <span class='ocrx_word' id='word_1_16' title='bbox 2039 765 2229 830; x_wconf 85' lang='lat' dir='ltr'><strong>Deos</strong></span> 
     </span>
     <span class='ocr_line' id='line_1_5' title="bbox 917 867 2100 953; baseline -0.003 -18"><span class='ocrx_word' id='word_1_17' title='bbox 917 867 1234 935; x_wconf 80' lang='lat' dir='ltr'><strong>Mercede</strong></span> <span class='ocrx_word' id='word_1_18' title='bbox 1261 876 1469 953; x_wconf 78' lang='lat' dir='ltr'><strong>pacta</strong></span> <span class='ocrx_word' id='word_1_19' title='bbox 1500 867 1911 946; x_wconf 79' lang='lat' dir='ltr'><strong>Laomedon,</strong></span> <span class='ocrx_word' id='word_1_20' title='bbox 1938 867 2100 931; x_wconf 91' lang='lat' dir='ltr'><strong>mihi</strong></span> 
     </span>
     <span class='ocr_line' id='line_1_6' title="bbox 1000 969 2133 1056; baseline -0.005 -18"><span class='ocrx_word' id='word_1_21' title='bbox 1000 972 1358 1056; x_wconf 84' lang='lat' dir='ltr'><strong>Castaeque</strong></span> <span class='ocrx_word' id='word_1_22' title='bbox 1388 973 1775 1036; x_wconf 84' lang='lat' dir='ltr'><strong>damnatum</strong></span> <span class='ocrx_word' id='word_1_23' title='bbox 1809 969 2133 1034; x_wconf 81' lang='lat' dir='ltr'><strong>Minervae</strong></span> 
     </span>
    </p>
   </div>
   <div class='ocr_carea' id='block_1_5' title="bbox 1088 1072 2305 1159">
    <p class='ocr_par' dir='ltr' id='par_1_5' title="bbox 1088 1072 2305 1159">
     <span class='ocr_line' id='line_1_7' title="bbox 1088 1072 2305 1159; baseline -0.002 -21"><span class='ocrx_word' id='word_1_24' title='bbox 1088 1072 1256 1138; x_wconf 86' lang='lat' dir='ltr'><strong>Cum</strong></span> <span class='ocrx_word' id='word_1_25' title='bbox 1289 1076 1545 1159; x_wconf 87' lang='lat' dir='ltr'><strong>populo</strong></span> <span class='ocrx_word' id='word_1_26' title='bbox 1567 1079 1635 1139; x_wconf 84' lang='lat' dir='ltr'><strong>et</strong></span> <span class='ocrx_word' id='word_1_27' title='bbox 1660 1072 1830 1138; x_wconf 86' lang='lat' dir='ltr'><strong>duce</strong></span> <span class='ocrx_word' id='word_1_28' title='bbox 1856 1072 2305 1139; x_wconf 83' lang='lat' dir='ltr'><strong>fraudulento.</strong></span> 
     </span>
    </p>
   </div>
   <div class='ocr_carea' id='block_1_6' title="bbox 911 1167 2251 1260">
    <p class='ocr_par' dir='ltr' id='par_1_6' title="bbox 911 1167 2251 1260">
     <span class='ocr_line' id='line_1_8' title="bbox 911 1167 2251 1260; baseline 0.002 -20"><span class='ocrx_word' id='word_1_29' title='bbox 911 1175 959 1241; x_wconf 84' lang='lat' dir='ltr'><strong>J</strong></span> <span class='ocrx_word' id='word_1_30' title='bbox 961 1194 1069 1240; x_wconf 83' lang='lat' dir='ltr'><strong>am</strong></span> <span class='ocrx_word' id='word_1_31' title='bbox 1095 1195 1220 1242; x_wconf 91' lang='lat' dir='ltr'><strong>nec</strong></span> <span class='ocrx_word' id='word_1_32' title='bbox 1256 1177 1564 1243; x_wconf 81' lang='lat' dir='ltr'><strong>Lacaenae</strong></span> <span class='ocrx_word' id='word_1_33' title='bbox 1596 1167 1907 1260; x_wconf 72' lang='lat' dir='ltr'><strong>splendet</strong></span> <span class='ocrx_word' id='word_1_34' title='bbox 1937 1176 2251 1243; x_wconf 74' lang='lat' dir='ltr'><strong>adulterae</strong></span> 
     </span>
    </p>
   </div>
   <div class='ocr_carea' id='block_1_7' title="bbox 2685 1177 2770 1242">
    <p class='ocr_par' dir='ltr' id='par_1_7' title="bbox 2685 1177 2770 1242">
     <span class='ocr_line' id='line_1_9' title="bbox 2685 1177 2770 1242; baseline 0 0"><span class='ocrx_word' id='word_1_35' title='bbox 2685 1177 2770 1242; x_wconf 77' lang='lat'><strong>25</strong></span> 
     </span>
    </p>
   </div>
   <div class='ocr_carea' id='block_1_8' title="bbox 509 1340 2768 1539">
    <p class='ocr_par' dir='ltr' id='par_1_8' title="bbox 509 1340 2768 1539">
     <span class='ocr_line' id='line_1_10' title="bbox 571 1340 2768 1411; baseline 0 -17"><span class='ocrx_word' id='word_1_36' title='bbox 571 1343 710 1405; x_wconf 78' lang='lat' dir='ltr'><strong>biter,</strong></span> <span class='ocrx_word' id='word_1_37' title='bbox 732 1346 782 1392; x_wconf 76' lang='lat' dir='ltr'><strong>et</strong></span> <span class='ocrx_word' id='word_1_38' title='bbox 800 1340 999 1393; x_wconf 72' lang='lat' dir='ltr'><strong>barbam</strong></span> <span class='ocrx_word' id='word_1_39' title='bbox 1022 1342 1228 1404; x_wconf 80' lang='lat' dir='ltr'><strong>soemina</strong></span> <span class='ocrx_word' id='word_1_40' title='bbox 1243 1343 1314 1411; x_wconf 25' lang='lat' dir='ltr'><strong>‘in</strong></span> <span class='ocrx_word' id='word_1_41' title='bbox 1332 1345 1535 1406; x_wconf 77' lang='lat' dir='ltr'><strong>favillas</strong></span> <span class='ocrx_word' id='word_1_42' title='bbox 1565 1343 1754 1405; x_wconf 73' lang='lat' dir='ltr'><strong>redegit</strong></span> <span class='ocrx_word' id='word_1_43' title='bbox 1778 1342 1986 1404; x_wconf 71' lang='grc' dir='ltr'><strong>Τνρίαηι,</strong></span> <span class='ocrx_word' id='word_1_44' title='bbox 2018 1342 2138 1392; x_wconf 72' lang='lat' dir='ltr'><strong>mihi</strong></span> <span class='ocrx_word' id='word_1_45' title='bbox 2169 1348 2218 1393; x_wconf 77' lang='lat' dir='ltr'><strong>et</strong></span> <span class='ocrx_word' id='word_1_46' title='bbox 2249 1343 2430 1406; x_wconf 74' lang='lat' dir='ltr'><strong>pudica</strong></span> <span class='ocrx_word' id='word_1_47' title='bbox 2453 1343 2655 1394; x_wconf 76' lang='lat' dir='ltr'><strong>Palladi</strong></span> <span class='ocrx_word' id='word_1_48' title='bbox 2668 1359 2768 1394; x_wconf 66' lang='lat' dir='ltr'><strong>cm</strong></span> 
     </span>
     <span class='ocr_line' id='line_1_11' title="bbox 566 1407 2766 1474; baseline 0 -18"><span class='ocrx_word' id='word_1_49' title='bbox 566 1407 702 1471; x_wconf 78' lang='lat' dir='ltr'><strong>plebe</strong></span> <span class='ocrx_word' id='word_1_50' title='bbox 724 1412 771 1456; x_wconf 81' lang='lat' dir='ltr'><strong>et</strong></span> <span class='ocrx_word' id='word_1_51' title='bbox 789 1421 903 1470; x_wconf 77' lang='lat' dir='ltr'><strong>rege</strong></span> <span class='ocrx_word' id='word_1_52' title='bbox 912 1408 1087 1469; x_wconf 73' lang='lat' dir='ltr'><strong>fallaci</strong></span> <span class='ocrx_word' id='word_1_53' title='bbox 1105 1409 1363 1474; x_wconf 77' lang='lat' dir='ltr'><strong>addictam,</strong></span> <span class='ocrx_word' id='word_1_54' title='bbox 1396 1424 1457 1458; x_wconf 80' lang='lat' dir='ltr'><strong>ex</strong></span> <span class='ocrx_word' id='word_1_55' title='bbox 1484 1424 1575 1472; x_wconf 76' lang='lat' dir='ltr'><strong>quo</strong></span> <span class='ocrx_word' id='word_1_56' title='bbox 1596 1414 1800 1472; x_wconf 80' lang='lat' dir='ltr'><strong>tempore</strong></span> <span class='ocrx_word' id='word_1_57' title='bbox 1823 1409 2092 1458; x_wconf 80' lang='lat' dir='ltr'><strong>Laomedon</strong></span> <span class='ocrx_word' id='word_1_58' title='bbox 2112 1408 2306 1457; x_wconf 76' lang='lat' dir='ltr'><strong>numina</strong></span> <span class='ocrx_word' id='word_1_59' title='bbox 2326 1407 2630 1469; x_wconf 62' lang='lat' dir='ltr'><strong>degli-nudavit</strong></span> <span class='ocrx_word' id='word_1_60' title='bbox 2659 1423 2766 1473; x_wconf 83' lang='lat' dir='ltr'><strong>pro-</strong></span> 
     </span>
     <span class='ocr_line' id='line_1_12' title="bbox 509 1472 2768 1539; baseline 0 -17"><span class='ocrx_word' id='word_1_61' title='bbox 509 1497 515 1503; x_wconf 93' lang='lat'>·</span> <span class='ocrx_word' id='word_1_62' title='bbox 571 1473 714 1522; x_wconf 78' lang='lat' dir='ltr'><strong>misso</strong></span> <span class='ocrx_word' id='word_1_63' title='bbox 732 1473 979 1537; x_wconf 74' lang='lat' dir='ltr'><strong>stipendio.</strong></span> <span class='ocrx_word' id='word_1_64' title='bbox 1048 1475 1160 1523; x_wconf 77' lang='lat' dir='ltr'><strong>Non</strong></span> <span class='ocrx_word' id='word_1_65' title='bbox 1179 1475 1378 1539; x_wconf 76' lang='lat' dir='ltr'><strong>amplius</strong></span> <span class='ocrx_word' id='word_1_66' title='bbox 1396 1476 1585 1530; x_wconf 61' lang='lat' dir='ltr'><strong>macha</strong></span> <span class='ocrx_word' id='word_1_67' title='bbox 1603 1474 1973 1524; x_wconf 59' lang='lat' dir='ltr'><strong>Lcsdoemonioe</strong></span> <span class='ocrx_word' id='word_1_68' title='bbox 1992 1472 2157 1536; x_wconf 75' lang='lat' dir='ltr'><strong>fulget</strong></span> <span class='ocrx_word' id='word_1_69' title='bbox 2179 1473 2342 1537; x_wconf 67' lang='lat' dir='ltr'><strong>hospes</strong></span> <span class='ocrx_word' id='word_1_70' title='bbox 2360 1473 2593 1535; x_wconf 54' lang='lat' dir='ltr'><strong>iurandm</strong></span> <span class='ocrx_word' id='word_1_71' title='bbox 2625 1488 2768 1538; x_wconf 74' lang='lat' dir='ltr'><strong>neque</strong></span> 
     </span>
    </p>
   </div>
   <div class='ocr_carea' id='block_1_9' title="bbox 1490 1598 1852 1620">
    <p class='ocr_par' dir='ltr' id='par_1_9' title="bbox 1490 1598 1852 1620">
     <span class='ocr_line' id='line_1_13' title="bbox 1490 1598 1852 1620; baseline -0.003 0"><span class='ocrx_word' id='word_1_72' title='bbox 1490 1598 1852 1620; x_wconf 56' lang='lat' dir='ltr'><strong>‘moen</strong></span> 
     </span>
    </p>
   </div>
   <div class='ocr_carea' id='block_1_10' title="bbox 571 1673 2768 2072">
    <p class='ocr_par' dir='ltr' id='par_1_10' title="bbox 571 1673 2768 2072">
     <span class='ocr_line' id='line_1_14' title="bbox 572 1673 2766 1751; baseline 0.002 -22"><span class='ocrx_word' id='word_1_73' title='bbox 572 1680 668 1729; x_wconf 84' lang='lat' dir='ltr'><strong>bus</strong></span> <span class='ocrx_word' id='word_1_74' title='bbox 691 1695 780 1745; x_wconf 90' lang='lat' dir='ltr'><strong>np.</strong></span> <span class='ocrx_word' id='word_1_75' title='bbox 807 1673 1081 1732; x_wconf 82' lang='lat' dir='ltr'><strong>&#39;Romulum</strong></span> <span class='ocrx_word' id='word_1_76' title='bbox 1102 1682 1316 1741; x_wconf 82' lang='lat' dir='ltr'><strong>Junoni,</strong></span> <span class='ocrx_word' id='word_1_77' title='bbox 1350 1682 1682 1748; x_wconf 77' lang='lat' dir='ltr'><strong>improbante</strong></span> <span class='ocrx_word' id='word_1_78' title='bbox 1702 1683 1843 1735; x_wconf 76' lang='lat' dir='ltr'><strong>Jani.</strong></span> <span class='ocrx_word' id='word_1_79' title='bbox 1909 1681 1997 1732; x_wconf 84' lang='lat' dir='ltr'><strong>Ita</strong></span> <span class='ocrx_word' id='word_1_80' title='bbox 2029 1688 2205 1751; x_wconf 79' lang='lat' dir='ltr'><strong>tamen</strong></span> <span class='ocrx_word' id='word_1_81' title='bbox 2244 1680 2387 1746; x_wconf 83' lang='lat' dir='ltr'><strong>Lips.</strong></span> <span class='ocrx_word' id='word_1_82' title='bbox 2408 1685 2588 1732; x_wconf 87' lang='grc'>4.-21</span> <span class='ocrx_word' id='word_1_83' title='bbox 2626 1681 2766 1747; x_wconf 79' lang='lat' dir='ltr'><strong>Lips.</strong></span> 
     </span>
     <span class='ocr_line' id='line_1_15' title="bbox 572 1747 2767 1811; baseline 0.002 -18"><span class='ocrx_word' id='word_1_84' title='bbox 572 1749 624 1794; x_wconf 77' lang='grc'><strong>4.</strong></span> <span class='ocrx_word' id='word_1_85' title='bbox 647 1759 711 1794; x_wconf 78' lang='lat' dir='ltr'><strong>ex</strong></span> <span class='ocrx_word' id='word_1_86' title='bbox 732 1760 821 1809; x_wconf 73' lang='lat' dir='ltr'><strong>quo</strong></span> <span class='ocrx_word' id='word_1_87' title='bbox 838 1749 1065 1797; x_wconf 76' lang='lat' dir='ltr'><strong>deseruit.</strong></span> <span class='ocrx_word' id='word_1_88' title='bbox 1130 1748 1321 1798; x_wconf 84' lang='lat' dir='ltr'><strong>Sanad.</strong></span> <span class='ocrx_word' id='word_1_89' title='bbox 1342 1748 1641 1811; x_wconf 76' lang='lat' dir='ltr'><strong>parenthesi</strong></span> <span class='ocrx_word' id='word_1_90' title='bbox 1660 1748 1901 1799; x_wconf 78' lang='lat' dir='ltr'>inclusit:</span> <span class='ocrx_word' id='word_1_91' title='bbox 1925 1764 2075 1811; x_wconf 75' lang='lat' dir='ltr'><strong>exque</strong></span> <span class='ocrx_word' id='word_1_92' title='bbox 2092 1780 2107 1795; x_wconf 93' lang='lat'><strong>.</strong></span> <span class='ocrx_word' id='word_1_93' title='bbox 2126 1783 2141 1800; x_wconf 90' lang='lat'><strong>.</strong></span> <span class='ocrx_word' id='word_1_94' title='bbox 2162 1782 2177 1795; x_wconf 92' lang='lat'><strong>.</strong></span> <span class='ocrx_word' id='word_1_95' title='bbox 2194 1747 2610 1802; x_wconf 55' lang='lat' dir='ltr'><strong>Laomedon—22</strong></span> <span class='ocrx_word' id='word_1_96' title='bbox 2640 1747 2767 1798; x_wconf 69' lang='lat' dir='ltr'><strong>Lun-</strong></span> 
     </span>
     <span class='ocr_line' id='line_1_16' title="bbox 571 1812 2768 1878; baseline 0.001 -19"><span class='ocrx_word' id='word_1_97' title='bbox 571 1812 738 1859; x_wconf 80' lang='lat' dir='ltr'><strong>medon</strong></span> <span class='ocrx_word' id='word_1_98' title='bbox 759 1826 869 1862; x_wconf 85' lang='lat' dir='ltr'><strong>var.</strong></span> <span class='ocrx_word' id='word_1_99' title='bbox 890 1813 1017 1862; x_wconf 88' lang='lat' dir='ltr'><strong>leet.</strong></span> <span class='ocrx_word' id='word_1_100' title='bbox 1035 1828 1117 1878; x_wconf 86' lang='lat' dir='ltr'><strong>ap.</strong></span> <span class='ocrx_word' id='word_1_101' title='bbox 1137 1813 1172 1865; x_wconf 86' lang='lat' dir='ltr'>J</span> <span class='ocrx_word' id='word_1_102' title='bbox 1178 1813 1410 1864; x_wconf 56' lang='lat' dir='ltr'><strong>anie-24</strong></span> <span class='ocrx_word' id='word_1_103' title='bbox 1427 1812 1675 1863; x_wconf 80' lang='lat' dir='ltr'><strong>Glarean.</strong></span> <span class='ocrx_word' id='word_1_104' title='bbox 1690 1812 1742 1861; x_wconf 92' lang='lat' dir='ltr'><strong>in</strong></span> <span class='ocrx_word' id='word_1_105' title='bbox 1766 1813 1893 1864; x_wconf 91' lang='lat' dir='ltr'><strong>edit.</strong></span> <span class='ocrx_word' id='word_1_106' title='bbox 1908 1812 2194 1876; x_wconf 86' lang='lat' dir='ltr'><strong>Henricop.</strong></span> <span class='ocrx_word' id='word_1_107' title='bbox 2214 1813 2373 1866; x_wconf 82' lang='lat' dir='ltr'><strong>Basil.</strong></span> <span class='ocrx_word' id='word_1_108' title='bbox 2398 1816 2542 1862; x_wconf 82' lang='lat'><strong>1580.</strong></span> <span class='ocrx_word' id='word_1_109' title='bbox 2566 1812 2768 1863; x_wconf 82' lang='lat' dir='ltr'><strong>emend.</strong></span> 
     </span>
     <span class='ocr_line' id='line_1_17' title="bbox 571 1875 2766 1991; baseline 0.002 -68"><span class='ocrx_word' id='word_1_110' title='bbox 571 1875 863 1940; x_wconf 71' lang='lat' dir='ltr'><strong>damatam,</strong></span> <span class='ocrx_word' id='word_1_111' title='bbox 885 1877 1002 1943; x_wconf 86' lang='lat' dir='ltr'><strong>quia</strong></span> <span class='ocrx_word' id='word_1_112' title='bbox 1025 1886 1081 1927; x_wconf 89' lang='lat' dir='ltr'><strong>et</strong></span> <span class='ocrx_word' id='word_1_113' title='bbox 1115 1878 1130 1904; x_wconf 89' lang='lat'>‘</span> <span class='ocrx_word' id='word_1_114' title='bbox 1149 1876 1274 1927; x_wconf 88' lang='lat' dir='ltr'><strong>Ilios</strong></span> <span class='ocrx_word' id='word_1_115' title='bbox 1292 1876 1328 1927; x_wconf 71' lang='grc' dir='ltr'><strong>ε’</strong></span> <span class='ocrx_word' id='word_1_116' title='bbox 1359 1885 1415 1927; x_wconf 91' lang='lat' dir='ltr'><strong>et</strong></span> <span class='ocrx_word' id='word_1_117' title='bbox 1442 1878 1517 1927; x_wconf 87' lang='lat' dir='ltr'><strong>sic</strong></span> <span class='ocrx_word' id='word_1_118' title='bbox 1549 1878 1769 1941; x_wconf 73' lang='lat' dir='ltr'><strong>Cuning.</strong></span> <span class='ocrx_word' id='word_1_119' title='bbox 1792 1885 1847 1928; x_wconf 87' lang='lat' dir='ltr'><strong>et</strong></span> <span class='ocrx_word' id='word_1_120' title='bbox 1878 1877 2066 1927; x_wconf 83' lang='lat' dir='ltr'><strong>Sauad.</strong></span> <span class='ocrx_word' id='word_1_121' title='bbox 2088 1877 2231 1927; x_wconf 88' lang='lat' dir='ltr'><strong>malit</strong></span> <span class='ocrx_word' id='word_1_122' title='bbox 2254 1885 2310 1927; x_wconf 88' lang='lat' dir='ltr'><strong>et</strong></span> <span class='ocrx_word' id='word_1_123' title='bbox 2341 1877 2418 1927; x_wconf 87' lang='lat' dir='ltr'><strong>sic</strong></span> <span class='ocrx_word' id='word_1_124' title='bbox 2441 1877 2617 1927; x_wconf 88' lang='lat' dir='ltr'><strong>Bentl.</strong></span> <span class='ocrx_word' id='word_1_125' title='bbox 2641 1876 2766 1991; x_wconf 54' lang='lat' dir='ltr'><strong>gion</strong></span> 
     </span>
     <span class='ocr_line' id='line_1_18' title="bbox 571 1938 2765 2007; baseline 0.002 -21"><span class='ocrx_word' id='word_1_126' title='bbox 571 1938 780 1990; x_wconf 86' lang='lat' dir='ltr'><strong>laudato</strong></span> <span class='ocrx_word' id='word_1_127' title='bbox 813 1941 1086 2005; x_wconf 84' lang='lat' dir='ltr'><strong>Glarean.)</strong></span> <span class='ocrx_word' id='word_1_128' title='bbox 1121 1943 1242 2007; x_wconf 85' lang='lat' dir='ltr'><strong>quia</strong></span> <span class='ocrx_word' id='word_1_129' title='bbox 1272 1941 1571 2006; x_wconf 79' lang='lat' dir='ltr'><strong>ambiguum</strong></span> <span class='ocrx_word' id='word_1_130' title='bbox 1593 1943 1720 1991; x_wconf 86' lang='lat' dir='ltr'><strong>alias</strong></span> <span class='ocrx_word' id='word_1_131' title='bbox 1749 1943 1836 2004; x_wconf 88' lang='lat' dir='ltr'><strong>sit,</strong></span> <span class='ocrx_word' id='word_1_132' title='bbox 1866 1949 2041 1991; x_wconf 85' lang='lat' dir='ltr'><strong>utrum</strong></span> <span class='ocrx_word' id='word_1_133' title='bbox 2071 1942 2135 1992; x_wconf 90' lang='lat' dir='ltr'><strong>ad</strong></span> <span class='ocrx_word' id='word_1_134' title='bbox 2169 1944 2426 2005; x_wconf 75' lang='lat' dir='ltr'><strong>pulverem,</strong></span> <span class='ocrx_word' id='word_1_135' title='bbox 2460 1956 2522 1991; x_wconf 85' lang='lat' dir='ltr'><strong>au</strong></span> <span class='ocrx_word' id='word_1_136' title='bbox 2548 1939 2617 1990; x_wconf 85' lang='lat' dir='ltr'><strong>ad</strong></span> <span class='ocrx_word' id='word_1_137' title='bbox 2689 1942 2765 1991; x_wconf 75' lang='lat' dir='ltr'><strong>ion</strong></span> 
     </span>
     <span class='ocr_line' id='line_1_19' title="bbox 573 2005 2765 2072; baseline 0.002 -18"><span class='ocrx_word' id='word_1_138' title='bbox 573 2005 986 2067; x_wconf 57' lang='lat' dir='ltr'><strong>pertineat—25</strong></span> <span class='ocrx_word' id='word_1_139' title='bbox 1018 2007 1238 2064; x_wconf 75' lang='lat' dir='ltr'><strong>Lacenoe,</strong></span> <span class='ocrx_word' id='word_1_140' title='bbox 1278 2007 1494 2058; x_wconf 70' lang='lat' dir='ltr'><strong>Lacoeuoe</strong></span> <span class='ocrx_word' id='word_1_141' title='bbox 1520 2008 1783 2058; x_wconf 84' lang='lat' dir='ltr'><strong>variantes</strong></span> <span class='ocrx_word' id='word_1_142' title='bbox 1818 2022 1903 2072; x_wconf 84' lang='lat' dir='ltr'><strong>ap.</strong></span> <span class='ocrx_word' id='word_1_143' title='bbox 1941 2006 2213 2060; x_wconf 52' lang='grc' dir='ltr'><strong>διψῇ-27</strong></span> <span class='ocrx_word' id='word_1_144' title='bbox 2247 2006 2394 2072; x_wconf 83' lang='lat' dir='ltr'><strong>Lips.</strong></span> <span class='ocrx_word' id='word_1_145' title='bbox 2422 2010 2471 2057; x_wconf 74' lang='lat'><strong>8.</strong></span> <span class='ocrx_word' id='word_1_146' title='bbox 2501 2012 2765 2071; x_wconf 66' lang='lat' dir='ltr'><strong>pugnantes</strong></span> 
     </span>
    </p>
   </div>
   <div class='ocr_carea' id='block_1_11' title="bbox 1564 2137 1786 2189">
    <p class='ocr_par' dir='ltr' id='par_1_11' title="bbox 1564 2137 1786 2189">
     <span class='ocr_line' id='line_1_20' title="bbox 1564 2137 1786 2189; baseline -0.005 0"><span class='ocrx_word' id='word_1_147' title='bbox 1564 2137 1786 2189; x_wconf 80' lang='lat' dir='ltr'><strong>No&#39;rAE</strong></span> 
     </span>
    </p>
   </div>
   <div class='ocr_carea' id='block_1_12' title="bbox 567 2237 1639 4189">
    <p class='ocr_par' dir='ltr' id='par_1_12' title="bbox 572 2237 1129 2295">
     <span class='ocr_line' id='line_1_21' title="bbox 572 2237 1129 2295; baseline 0.013 -16"><span class='ocrx_word' id='word_1_148' title='bbox 572 2243 664 2295; x_wconf 78' lang='lat' dir='ltr'><strong>ges</strong></span> <span class='ocrx_word' id='word_1_149' title='bbox 685 2237 776 2281; x_wconf 85' lang='lat' dir='ltr'><strong>aut</strong></span> <span class='ocrx_word' id='word_1_150' title='bbox 797 2241 1129 2286; x_wconf 85' lang='lat' dir='ltr'><strong>exornarant.</strong></span> 
     </span>
    </p>

    <p class='ocr_par' dir='ltr' id='par_1_13' title="bbox 572 2309 1636 2760">
     <span class='ocr_line' id='line_1_22' title="bbox 641 2309 1632 2376; baseline 0.004 -19"><span class='ocrx_word' id='word_1_151' title='bbox 641 2312 705 2358; x_wconf 83' lang='lat'><strong>19</strong></span> <span class='ocrx_word' id='word_1_152' title='bbox 738 2309 930 2358; x_wconf 75' lang='lat' dir='ltr'><strong>Fatalis</strong></span> <span class='ocrx_word' id='word_1_153' title='bbox 968 2311 1260 2376; x_wconf 72' lang='lat' dir='ltr'><strong>incestusque</strong></span> <span class='ocrx_word' id='word_1_154' title='bbox 1288 2310 1463 2375; x_wconf 68' lang='lat' dir='ltr'><strong>judex,</strong></span> <span class='ocrx_word' id='word_1_155' title='bbox 1521 2312 1632 2376; x_wconf 54' lang='grc' dir='ltr'><strong>ξω]</strong></span> 
     </span>
     <span class='ocr_line' id='line_1_23' title="bbox 572 2383 1632 2453; baseline 0.005 -20"><span class='ocrx_word' id='word_1_156' title='bbox 572 2383 748 2449; x_wconf 86' lang='lat' dir='ltr'><strong>Ilium,</strong></span> <span class='ocrx_word' id='word_1_157' title='bbox 769 2387 935 2452; x_wconf 85' lang='lat' dir='ltr'><strong>inquit</strong></span> <span class='ocrx_word' id='word_1_158' title='bbox 947 2387 983 2439; x_wconf 83' lang='lat' dir='ltr'><strong>J</strong></span> <span class='ocrx_word' id='word_1_159' title='bbox 989 2404 1108 2452; x_wconf 89' lang='lat' dir='ltr'><strong>uno,</strong></span> <span class='ocrx_word' id='word_1_160' title='bbox 1131 2388 1359 2453; x_wconf 85' lang='lat' dir='ltr'><strong>perdidit</strong></span> <span class='ocrx_word' id='word_1_161' title='bbox 1386 2389 1533 2439; x_wconf 88' lang='lat' dir='ltr'><strong>Paris</strong></span> <span class='ocrx_word' id='word_1_162' title='bbox 1558 2390 1632 2438; x_wconf 87' lang='lat' dir='ltr'><strong>in·</strong></span> 
     </span>
     <span class='ocr_line' id='line_1_24' title="bbox 573 2464 1633 2530; baseline 0.005 -20"><span class='ocrx_word' id='word_1_163' title='bbox 573 2469 658 2511; x_wconf 87' lang='lat' dir='ltr'><strong>ter</strong></span> <span class='ocrx_word' id='word_1_164' title='bbox 702 2464 847 2514; x_wconf 88' lang='lat' dir='ltr'><strong>Deas</strong></span> <span class='ocrx_word' id='word_1_165' title='bbox 885 2464 949 2513; x_wconf 88' lang='lat' dir='ltr'><strong>de</strong></span> <span class='ocrx_word' id='word_1_166' title='bbox 994 2465 1377 2530; x_wconf 73' lang='lat' dir='ltr'><strong>pulchritudine</strong></span> <span class='ocrx_word' id='word_1_167' title='bbox 1417 2473 1633 2515; x_wconf 88' lang='lat' dir='ltr'><strong>conten-</strong></span> 
     </span>
     <span class='ocr_line' id='line_1_25' title="bbox 574 2538 1632 2606; baseline 0.002 -19"><span class='ocrx_word' id='word_1_168' title='bbox 574 2538 756 2590; x_wconf 80' lang='lat' dir='ltr'><strong>dentes</strong></span> <span class='ocrx_word' id='word_1_169' title='bbox 793 2541 928 2591; x_wconf 89' lang='lat' dir='ltr'><strong>malo</strong></span> <span class='ocrx_word' id='word_1_170' title='bbox 963 2557 1057 2591; x_wconf 87' lang='lat' dir='ltr'><strong>sno</strong></span> <span class='ocrx_word' id='word_1_171' title='bbox 1093 2542 1379 2606; x_wconf 67' lang='lat' dir='ltr'><strong>patriaeque</strong></span> <span class='ocrx_word' id='word_1_172' title='bbox 1408 2540 1520 2591; x_wconf 84' lang='lat' dir='ltr'><strong>fato</strong></span> <span class='ocrx_word' id='word_1_173' title='bbox 1544 2541 1632 2604; x_wconf 84' lang='lat' dir='ltr'><strong>ju·</strong></span> 
     </span>
     <span class='ocr_line' id='line_1_26' title="bbox 574 2614 1636 2681; baseline 0.001 -17"><span class='ocrx_word' id='word_1_174' title='bbox 574 2614 676 2664; x_wconf 85' lang='lat' dir='ltr'><strong>dex</strong></span> <span class='ocrx_word' id='word_1_175' title='bbox 698 2618 918 2681; x_wconf 87' lang='lat' dir='ltr'><strong>electus,</strong></span> <span class='ocrx_word' id='word_1_176' title='bbox 937 2631 1075 2678; x_wconf 86' lang='lat' dir='ltr'><strong>cnm,</strong></span> <span class='ocrx_word' id='word_1_177' title='bbox 1088 2616 1294 2668; x_wconf 82' lang='lat' dir='ltr'><strong>Junone</strong></span> <span class='ocrx_word' id='word_1_178' title='bbox 1314 2621 1368 2665; x_wconf 90' lang='lat' dir='ltr'><strong>et</strong></span> <span class='ocrx_word' id='word_1_179' title='bbox 1389 2616 1636 2665; x_wconf 86' lang='lat' dir='ltr'><strong>Minerva</strong></span> 
     </span>
     <span class='ocr_line' id='line_1_27' title="bbox 573 2694 1568 2760; baseline 0.001 -17"><span class='ocrx_word' id='word_1_180' title='bbox 573 2696 897 2758; x_wconf 73' lang='lat' dir='ltr'><strong>posthabitis,</strong></span> <span class='ocrx_word' id='word_1_181' title='bbox 918 2696 1114 2746; x_wconf 88' lang='lat' dir='ltr'><strong>Veneri</strong></span> <span class='ocrx_word' id='word_1_182' title='bbox 1137 2695 1330 2760; x_wconf 88' lang='lat' dir='ltr'><strong>primas</strong></span> <span class='ocrx_word' id='word_1_183' title='bbox 1361 2694 1568 2744; x_wconf 88' lang='lat' dir='ltr'><strong>detulit.</strong></span> 
     </span>
    </p>

    <p class='ocr_par' dir='ltr' id='par_1_14' title="bbox 571 2769 1636 2986">
     <span class='ocr_line' id='line_1_28' title="bbox 639 2769 1634 2836; baseline 0.002 -18"><span class='ocrx_word' id='word_1_184' title='bbox 639 2769 876 2836; x_wconf 58' lang='lat' dir='ltr'><strong>[nanus]</strong></span> <span class='ocrx_word' id='word_1_185' title='bbox 899 2773 1034 2824; x_wconf 69' lang='lat' dir='ltr'><strong>:Qui</strong></span> <span class='ocrx_word' id='word_1_186' title='bbox 1090 2771 1347 2822; x_wconf 89' lang='lat' dir='ltr'><strong>Helenam</strong></span> <span class='ocrx_word' id='word_1_187' title='bbox 1403 2771 1634 2821; x_wconf 76' lang='lat' dir='ltr'><strong>Menelai</strong></span> 
     </span>
     <span class='ocr_line' id='line_1_29' title="bbox 573 2847 1636 2911; baseline 0.003 -18"><span class='ocrx_word' id='word_1_188' title='bbox 573 2847 869 2909; x_wconf 84' lang='lat' dir='ltr'><strong>conjugem,</strong></span> <span class='ocrx_word' id='word_1_189' title='bbox 888 2848 1086 2897; x_wconf 83' lang='lat' dir='ltr'><strong>violata</strong></span> <span class='ocrx_word' id='word_1_190' title='bbox 1102 2847 1314 2911; x_wconf 86' lang='lat' dir='ltr'><strong>hospitii</strong></span> <span class='ocrx_word' id='word_1_191' title='bbox 1337 2848 1636 2911; x_wconf 76' lang='lat' dir='ltr'><strong>sanctitate,</strong></span> 
     </span>
     <span class='ocr_line' id='line_1_30' title="bbox 571 2922 1262 2986; baseline 0.003 -18"><span class='ocrx_word' id='word_1_192' title='bbox 571 2923 763 2986; x_wconf 81' lang='lat' dir='ltr'><strong>rapuit.</strong></span> <span class='ocrx_word' id='word_1_193' title='bbox 830 2922 964 2972; x_wconf 85' lang='lat' dir='ltr'><strong>Vide</strong></span> <span class='ocrx_word' id='word_1_194' title='bbox 987 2937 1027 2972; x_wconf 89' lang='lat'><strong>1.</strong></span> <span class='ocrx_word' id='word_1_195' title='bbox 1050 2922 1157 2978; x_wconf 79' lang='lat' dir='ltr'><strong>od.</strong></span> <span class='ocrx_word' id='word_1_196' title='bbox 1186 2928 1262 2971; x_wconf 80' lang='grc'><strong>15.</strong></span> 
     </span>
    </p>

    <p class='ocr_par' dir='ltr' id='par_1_15' title="bbox 569 2998 1639 3576">
     <span class='ocr_line' id='line_1_31' title="bbox 635 2998 1637 3063; baseline 0.005 -19"><span class='ocrx_word' id='word_1_197' title='bbox 635 3001 702 3045; x_wconf 82' lang='grc'><strong>20</strong></span> <span class='ocrx_word' id='word_1_198' title='bbox 725 2998 795 3047; x_wconf 77' lang='lat' dir='ltr'><strong>Et</strong></span> <span class='ocrx_word' id='word_1_199' title='bbox 819 2999 987 3048; x_wconf 73' lang='lat' dir='ltr'><strong>mulier</strong></span> <span class='ocrx_word' id='word_1_200' title='bbox 1006 2999 1259 3063; x_wconf 62' lang='lat' dir='ltr'><strong>peregi-ina</strong></span> <span class='ocrx_word' id='word_1_201' title='bbox 1278 3000 1426 3048; x_wconf 74' lang='lat' dir='ltr'><strong>vertit</strong></span> <span class='ocrx_word' id='word_1_202' title='bbox 1447 2998 1510 3049; x_wconf 79' lang='lat' dir='ltr'><strong>In</strong></span> <span class='ocrx_word' id='word_1_203' title='bbox 1525 3001 1637 3063; x_wconf 78' lang='lat' dir='ltr'><strong>pul-</strong></span> 
     </span>
     <span class='ocr_line' id='line_1_32' title="bbox 570 3072 1636 3139; baseline 0.007 -19"><span class='ocrx_word' id='word_1_204' title='bbox 570 3072 753 3135; x_wconf 74' lang='lat' dir='ltr'><strong>verem]</strong></span> <span class='ocrx_word' id='word_1_205' title='bbox 787 3073 991 3123; x_wconf 87' lang='lat' dir='ltr'><strong>Helena</strong></span> <span class='ocrx_word' id='word_1_206' title='bbox 1023 3076 1282 3139; x_wconf 77' lang='lat' dir='ltr'><strong>Spartana</strong></span> <span class='ocrx_word' id='word_1_207' title='bbox 1315 3090 1345 3125; x_wconf 90' lang='lat' dir='ltr'><strong>a</strong></span> <span class='ocrx_word' id='word_1_208' title='bbox 1379 3075 1574 3126; x_wconf 82' lang='lat' dir='ltr'><strong>Paride</strong></span> <span class='ocrx_word' id='word_1_209' title='bbox 1605 3093 1636 3127; x_wconf 91' lang='lat' dir='ltr'><strong>e</strong></span> 
     </span>
     <span class='ocr_line' id='line_1_33' title="bbox 571 3147 1639 3215; baseline 0.005 -18"><span class='ocrx_word' id='word_1_210' title='bbox 571 3147 782 3198; x_wconf 75' lang='lat' dir='ltr'><strong>Graecia</strong></span> <span class='ocrx_word' id='word_1_211' title='bbox 800 3149 851 3199; x_wconf 91' lang='lat' dir='ltr'><strong>in</strong></span> <span class='ocrx_word' id='word_1_212' title='bbox 872 3150 1147 3215; x_wconf 80' lang='lat' dir='ltr'><strong>Phrygiam</strong></span> <span class='ocrx_word' id='word_1_213' title='bbox 1166 3150 1393 3203; x_wconf 82' lang='lat' dir='ltr'><strong>abducta</strong></span> <span class='ocrx_word' id='word_1_214' title='bbox 1411 3152 1464 3201; x_wconf 86' lang='lat' dir='ltr'><strong>in</strong></span> <span class='ocrx_word' id='word_1_215' title='bbox 1479 3166 1639 3202; x_wconf 82' lang='lat' dir='ltr'><strong>eausa</strong></span> 
     </span>
     <span class='ocr_line' id='line_1_34' title="bbox 569 3222 1633 3292; baseline 0.005 -20"><span class='ocrx_word' id='word_1_216' title='bbox 569 3222 671 3274; x_wconf 76' lang='lat' dir='ltr'><strong>fuit</strong></span> <span class='ocrx_word' id='word_1_217' title='bbox 693 3239 790 3275; x_wconf 87' lang='lat' dir='ltr'><strong>cur</strong></span> <span class='ocrx_word' id='word_1_218' title='bbox 811 3226 985 3278; x_wconf 81' lang='lat' dir='ltr'><strong>Graeci</strong></span> <span class='ocrx_word' id='word_1_219' title='bbox 1009 3228 1245 3292; x_wconf 86' lang='lat' dir='ltr'><strong>injuriam</strong></span> <span class='ocrx_word' id='word_1_220' title='bbox 1271 3228 1430 3279; x_wconf 87' lang='lat' dir='ltr'><strong>ulturi</strong></span> <span class='ocrx_word' id='word_1_221' title='bbox 1452 3229 1633 3292; x_wconf 41' lang='lat' dir='ltr'><strong>conju.</strong></span> 
     </span>
     <span class='ocr_line' id='line_1_35' title="bbox 570 3301 1634 3369; baseline 0.005 -21"><span class='ocrx_word' id='word_1_222' title='bbox 570 3301 739 3351; x_wconf 88' lang='lat' dir='ltr'><strong>rarint</strong></span> <span class='ocrx_word' id='word_1_223' title='bbox 777 3302 831 3351; x_wconf 91' lang='lat' dir='ltr'><strong>in</strong></span> <span class='ocrx_word' id='word_1_224' title='bbox 873 3303 1142 3368; x_wconf 84' lang='lat' dir='ltr'><strong>Trojanos,</strong></span> <span class='ocrx_word' id='word_1_225' title='bbox 1184 3303 1497 3369; x_wconf 83' lang='lat' dir='ltr'><strong>Trojamque</strong></span> <span class='ocrx_word' id='word_1_226' title='bbox 1543 3303 1634 3353; x_wconf 85' lang='lat' dir='ltr'><strong>de·</strong></span> 
     </span>
     <span class='ocr_line' id='line_1_36' title="bbox 572 3377 1633 3445; baseline 0.007 -22"><span class='ocrx_word' id='word_1_227' title='bbox 572 3377 774 3426; x_wconf 84' lang='lat' dir='ltr'><strong>cennali</strong></span> <span class='ocrx_word' id='word_1_228' title='bbox 808 3377 946 3428; x_wconf 87' lang='lat' dir='ltr'><strong>bello</strong></span> <span class='ocrx_word' id='word_1_229' title='bbox 982 3386 1189 3445; x_wconf 85' lang='lat' dir='ltr'><strong>captam</strong></span> <span class='ocrx_word' id='word_1_230' title='bbox 1226 3379 1371 3430; x_wconf 74' lang='lat' dir='ltr'><strong>ferro</strong></span> <span class='ocrx_word' id='word_1_231' title='bbox 1402 3378 1633 3430; x_wconf 78' lang='lat' dir='ltr'><strong>flamma·</strong></span> 
     </span>
     <span class='ocr_line' id='line_1_37' title="bbox 573 3451 1633 3520; baseline 0.005 -19"><span class='ocrx_word' id='word_1_232' title='bbox 573 3465 675 3516; x_wconf 80' lang='lat' dir='ltr'><strong>que</strong></span> <span class='ocrx_word' id='word_1_233' title='bbox 698 3451 1040 3507; x_wconf 83' lang='lat' dir='ltr'><strong>devastarint.</strong></span> <span class='ocrx_word' id='word_1_234' title='bbox 1103 3453 1243 3506; x_wconf 84' lang='lat' dir='ltr'><strong>Vide</strong></span> <span class='ocrx_word' id='word_1_235' title='bbox 1262 3456 1449 3507; x_wconf 77' lang='lat' dir='ltr'><strong>Senec.</strong></span> <span class='ocrx_word' id='word_1_236' title='bbox 1469 3456 1633 3520; x_wconf 82' lang='lat' dir='ltr'><strong>Trag.</strong></span> 
     </span>
     <span class='ocr_line' id='line_1_38' title="bbox 569 3525 1077 3576; baseline 0.004 -1"><span class='ocrx_word' id='word_1_237' title='bbox 569 3525 765 3576; x_wconf 80' lang='lat' dir='ltr'><strong>Troad.</strong></span> <span class='ocrx_word' id='word_1_238' title='bbox 1040 3528 1077 3539; x_wconf 72' lang='grc'><strong>“’</strong></span> 
     </span>
    </p>

    <p class='ocr_par' dir='ltr' id='par_1_16' title="bbox 567 3604 1637 4189">
     <span class='ocr_line' id='line_1_39' title="bbox 632 3604 1636 3670; baseline 0.005 -17"><span class='ocrx_word' id='word_1_239' title='bbox 632 3607 694 3653; x_wconf 87' lang='grc'><strong>21</strong></span> <span class='ocrx_word' id='word_1_240' title='bbox 735 3604 820 3654; x_wconf 80' lang='lat' dir='ltr'><strong>Ex</strong></span> <span class='ocrx_word' id='word_1_241' title='bbox 850 3620 939 3670; x_wconf 68' lang='lat' dir='ltr'><strong>quo</strong></span> <span class='ocrx_word' id='word_1_242' title='bbox 959 3605 1243 3667; x_wconf 73' lang='lat' dir='ltr'><strong>Laomedon,</strong></span> <span class='ocrx_word' id='word_1_243' title='bbox 1274 3605 1379 3670; x_wconf 53' lang='grc' dir='ltr'><strong>ζα]</strong></span> <span class='ocrx_word' id='word_1_244' title='bbox 1416 3605 1521 3659; x_wconf 83' lang='lat' dir='ltr'><strong>Hic</strong></span> <span class='ocrx_word' id='word_1_245' title='bbox 1544 3607 1636 3658; x_wconf 90' lang='lat' dir='ltr'><strong>de-</strong></span> 
     </span>
     <span class='ocr_line' id='line_1_40' title="bbox 569 3679 1637 3747; baseline 0.004 -18"><span class='ocrx_word' id='word_1_246' title='bbox 569 3679 798 3729; x_wconf 85' lang='lat' dir='ltr'><strong>claratur</strong></span> <span class='ocrx_word' id='word_1_247' title='bbox 819 3681 985 3745; x_wconf 84' lang='lat' dir='ltr'><strong>prima</strong></span> <span class='ocrx_word' id='word_1_248' title='bbox 1006 3681 1196 3731; x_wconf 84' lang='lat' dir='ltr'><strong>excidii</strong></span> <span class='ocrx_word' id='word_1_249' title='bbox 1224 3682 1436 3746; x_wconf 77' lang='lat' dir='ltr'><strong>Trojani</strong></span> <span class='ocrx_word' id='word_1_250' title='bbox 1471 3683 1637 3747; x_wconf 77' lang='lat' dir='ltr'><strong>origo,</strong></span> 
     </span>
     <span class='ocr_line' id='line_1_41' title="bbox 569 3754 1634 3822; baseline 0.005 -20"><span class='ocrx_word' id='word_1_251' title='bbox 569 3754 810 3805; x_wconf 83' lang='lat' dir='ltr'><strong>nimirum</strong></span> <span class='ocrx_word' id='word_1_252' title='bbox 866 3754 1007 3806; x_wconf 78' lang='lat' dir='ltr'><strong>fraus</strong></span> <span class='ocrx_word' id='word_1_253' title='bbox 1063 3758 1426 3809; x_wconf 80' lang='lat' dir='ltr'><strong>Laomedontis</strong></span> <span class='ocrx_word' id='word_1_254' title='bbox 1471 3760 1634 3822; x_wconf 82' lang='lat' dir='ltr'><strong>patris</strong></span> 
     </span>
     <span class='ocr_line' id='line_1_42' title="bbox 572 3830 1636 3898; baseline 0.007 -21"><span class='ocrx_word' id='word_1_255' title='bbox 572 3830 784 3880; x_wconf 78' lang='lat' dir='ltr'><strong>Priami.</strong></span> <span class='ocrx_word' id='word_1_256' title='bbox 830 3831 885 3882; x_wconf 86' lang='lat' dir='ltr'><strong>Is</strong></span> <span class='ocrx_word' id='word_1_257' title='bbox 909 3831 1251 3898; x_wconf 84' lang='lat' dir='ltr'><strong>enim,Trojae</strong></span> <span class='ocrx_word' id='word_1_258' title='bbox 1276 3849 1447 3885; x_wconf 87' lang='lat' dir='ltr'><strong>muros</strong></span> <span class='ocrx_word' id='word_1_259' title='bbox 1472 3834 1636 3885; x_wconf 73' lang='lat' dir='ltr'><strong>aedifi-</strong></span> 
     </span>
     <span class='ocr_line' id='line_1_43' title="bbox 571 3908 1636 3974; baseline 0.004 -19"><span class='ocrx_word' id='word_1_260' title='bbox 571 3920 714 3963; x_wconf 89' lang='lat' dir='ltr'><strong>cans,</strong></span> <span class='ocrx_word' id='word_1_261' title='bbox 736 3908 970 3971; x_wconf 76' lang='lat' dir='ltr'><strong>Neptuni</strong></span> <span class='ocrx_word' id='word_1_262' title='bbox 988 3917 1044 3958; x_wconf 91' lang='lat' dir='ltr'><strong>et</strong></span> <span class='ocrx_word' id='word_1_263' title='bbox 1063 3909 1317 3974; x_wconf 79' lang='lat' dir='ltr'><strong>Apollinis</strong></span> <span class='ocrx_word' id='word_1_264' title='bbox 1340 3925 1500 3974; x_wconf 86' lang='lat' dir='ltr'><strong>opera</strong></span> <span class='ocrx_word' id='word_1_265' title='bbox 1515 3925 1636 3960; x_wconf 87' lang='lat' dir='ltr'><strong>usus</strong></span> 
     </span>
     <span class='ocr_line' id='line_1_44' title="bbox 569 3980 1632 4047; baseline 0.008 -18"><span class='ocrx_word' id='word_1_266' title='bbox 569 3992 659 4029; x_wconf 84' lang='lat' dir='ltr'><strong>eos</strong></span> <span class='ocrx_word' id='word_1_267' title='bbox 676 3980 916 4032; x_wconf 83' lang='lat' dir='ltr'><strong>mercede</strong></span> <span class='ocrx_word' id='word_1_268' title='bbox 936 3992 1095 4047; x_wconf 85' lang='lat' dir='ltr'><strong>pacta</strong></span> <span class='ocrx_word' id='word_1_269' title='bbox 1115 3984 1465 4038; x_wconf 76' lang='lat' dir='ltr'><strong>defraudavit.</strong></span> <span class='ocrx_word' id='word_1_270' title='bbox 1511 3987 1632 4039; x_wconf 78' lang='lat' dir='ltr'><strong>Quo</strong></span> 
     </span>
     <span class='ocr_line' id='line_1_45' title="bbox 567 4056 1630 4128; baseline 0.005 -20"><span class='ocrx_word' id='word_1_271' title='bbox 567 4056 782 4120; x_wconf 83' lang='lat' dir='ltr'><strong>Jupiter</strong></span> <span class='ocrx_word' id='word_1_272' title='bbox 818 4056 1045 4109; x_wconf 80' lang='lat' dir='ltr'><strong>offensus</strong></span> <span class='ocrx_word' id='word_1_273' title='bbox 1084 4063 1231 4124; x_wconf 79' lang='lat' dir='ltr'><strong>regni</strong></span> <span class='ocrx_word' id='word_1_274' title='bbox 1266 4062 1416 4113; x_wconf 88' lang='lat' dir='ltr'><strong>istius</strong></span> <span class='ocrx_word' id='word_1_275' title='bbox 1454 4064 1630 4128; x_wconf 87' lang='lat' dir='ltr'><strong>perni-</strong></span> 
     </span>
     <span class='ocr_line' id='line_1_46' title="bbox 569 4132 1628 4189; baseline 0.008 -9"><span class='ocrx_word' id='word_1_276' title='bbox 569 4132 702 4180; x_wconf 82' lang='lat' dir='ltr'><strong>ciem</strong></span> <span class='ocrx_word' id='word_1_277' title='bbox 741 4139 795 4182; x_wconf 91' lang='lat' dir='ltr'><strong>et</strong></span> <span class='ocrx_word' id='word_1_278' title='bbox 832 4134 1032 4185; x_wconf 83' lang='lat' dir='ltr'><strong>ruinam</strong></span> <span class='ocrx_word' id='word_1_279' title='bbox 1071 4137 1259 4187; x_wconf 81' lang='lat' dir='ltr'><strong>sanxit.</strong></span> <span class='ocrx_word' id='word_1_280' title='bbox 1321 4138 1448 4187; x_wconf 82' lang='lat' dir='ltr'><strong>Tam</strong></span> <span class='ocrx_word' id='word_1_281' title='bbox 1489 4145 1628 4189; x_wconf 76' lang='lat' dir='ltr'><strong>notae</strong></span> 
     </span>
    </p>
   </div>
   <div class='ocr_carea' id='block_1_13' title="bbox 451 4206 1631 4278">
    <p class='ocr_par' dir='ltr' id='par_1_17' title="bbox 451 4206 1631 4278">
     <span class='ocr_line' id='line_1_47' title="bbox 451 4206 1631 4278; baseline 0.008 -22"><span class='ocrx_word' id='word_1_282' title='bbox 451 4239 462 4248; x_wconf 66' lang='lat'><em>„</em></span> <span class='ocrx_word' id='word_1_283' title='bbox 570 4206 763 4257; x_wconf 78' lang='lat' dir='ltr'><strong>fabulae</strong></span> <span class='ocrx_word' id='word_1_284' title='bbox 803 4208 951 4259; x_wconf 82' lang='lat' dir='ltr'><strong>dedit</strong></span> <span class='ocrx_word' id='word_1_285' title='bbox 988 4210 1158 4261; x_wconf 88' lang='lat' dir='ltr'><strong>locum</strong></span> <span class='ocrx_word' id='word_1_286' title='bbox 1202 4213 1342 4278; x_wconf 90' lang='lat' dir='ltr'><strong>quod</strong></span> <span class='ocrx_word' id='word_1_287' title='bbox 1373 4214 1488 4265; x_wconf 81' lang='lat' dir='ltr'><strong>Rex</strong></span> <span class='ocrx_word' id='word_1_288' title='bbox 1521 4214 1631 4278; x_wconf 84' lang='lat' dir='ltr'><strong>ille,</strong></span> 
     </span>
    </p>
   </div>
   <div class='ocr_carea' id='block_1_14' title="bbox 571 4285 1629 4355">
    <p class='ocr_par' dir='ltr' id='par_1_18' title="bbox 571 4285 1629 4355">
     <span class='ocr_line' id='line_1_48' title="bbox 571 4285 1629 4355; baseline 0.009 -22"><span class='ocrx_word' id='word_1_289' title='bbox 571 4296 687 4333; x_wconf 83' lang='lat' dir='ltr'><strong>eum</strong></span> <span class='ocrx_word' id='word_1_290' title='bbox 712 4285 1039 4338; x_wconf 83' lang='lat' dir='ltr'><strong>exstruendis</strong></span> <span class='ocrx_word' id='word_1_291' title='bbox 1061 4286 1175 4338; x_wconf 90' lang='lat' dir='ltr'><strong>urbi</strong></span> <span class='ocrx_word' id='word_1_292' title='bbox 1198 4289 1357 4339; x_wconf 84' lang='lat' dir='ltr'><strong>muris</strong></span> <span class='ocrx_word' id='word_1_293' title='bbox 1377 4290 1459 4340; x_wconf 80' lang='lat' dir='ltr'><strong>vel</strong></span> <span class='ocrx_word' id='word_1_294' title='bbox 1478 4303 1629 4355; x_wconf 75' lang='lat' dir='ltr'><strong>repa-</strong></span> 
     </span>
    </p>
   </div>
   <div class='ocr_carea' id='block_1_15' title="bbox 1708 2233 2785 4354">
    <p class='ocr_par' dir='ltr' id='par_1_19' title="bbox 1710 2233 2771 2742">
     <span class='ocr_line' id='line_1_49' title="bbox 1712 2233 2770 2300; baseline -0.001 -16"><span class='ocrx_word' id='word_1_295' title='bbox 1712 2235 1887 2285; x_wconf 84' lang='lat' dir='ltr'><strong>randis</strong></span> <span class='ocrx_word' id='word_1_296' title='bbox 1911 2235 2133 2300; x_wconf 88' lang='lat' dir='ltr'><strong>peeunia</strong></span> <span class='ocrx_word' id='word_1_297' title='bbox 2154 2234 2381 2296; x_wconf 83' lang='lat' dir='ltr'><strong>deesset,</strong></span> <span class='ocrx_word' id='word_1_298' title='bbox 2397 2234 2629 2284; x_wconf 82' lang='lat' dir='ltr'><strong>Deorum</strong></span> <span class='ocrx_word' id='word_1_299' title='bbox 2651 2233 2770 2284; x_wconf 89' lang='lat' dir='ltr'><strong>isto·</strong></span> 
     </span>
     <span class='ocr_line' id='line_1_50' title="bbox 1712 2311 2771 2375; baseline -0.004 -11"><span class='ocrx_word' id='word_1_300' title='bbox 1712 2328 1826 2364; x_wconf 89' lang='lat' dir='ltr'><strong>rum</strong></span> <span class='ocrx_word' id='word_1_301' title='bbox 1850 2314 2119 2364; x_wconf 87' lang='lat' dir='ltr'><strong>thesauros</strong></span> <span class='ocrx_word' id='word_1_302' title='bbox 2150 2323 2204 2362; x_wconf 84' lang='lat' dir='ltr'><strong>et</strong></span> <span class='ocrx_word' id='word_1_303' title='bbox 2233 2318 2538 2363; x_wconf 85' lang='lat' dir='ltr'><strong>ornamenta</strong></span> <span class='ocrx_word' id='word_1_304' title='bbox 2573 2311 2771 2375; x_wconf 86' lang='lat' dir='ltr'><strong>templi,</strong></span> 
     </span>
     <span class='ocr_line' id='line_1_51' title="bbox 1714 2387 2768 2453; baseline -0.001 -16"><span class='ocrx_word' id='word_1_305' title='bbox 1714 2388 1798 2438; x_wconf 82' lang='lat' dir='ltr'><strong>vel</strong></span> <span class='ocrx_word' id='word_1_306' title='bbox 1819 2390 1868 2437; x_wconf 91' lang='lat' dir='ltr'><strong>in</strong></span> <span class='ocrx_word' id='word_1_307' title='bbox 1891 2388 1989 2439; x_wconf 88' lang='lat' dir='ltr'><strong>hoc</strong></span> <span class='ocrx_word' id='word_1_308' title='bbox 2012 2387 2299 2453; x_wconf 87' lang='lat' dir='ltr'><strong>depositam</strong></span> <span class='ocrx_word' id='word_1_309' title='bbox 2321 2387 2598 2451; x_wconf 77' lang='lat' dir='ltr'><strong>pecuniam</strong></span> <span class='ocrx_word' id='word_1_310' title='bbox 2623 2401 2768 2438; x_wconf 80' lang='lat' dir='ltr'><strong>acce·</strong></span> 
     </span>
     <span class='ocr_line' id='line_1_52' title="bbox 1712 2462 2771 2529; baseline -0.005 -14"><span class='ocrx_word' id='word_1_311' title='bbox 1712 2465 1811 2529; x_wconf 85' lang='lat' dir='ltr'><strong>pit,</strong></span> <span class='ocrx_word' id='word_1_312' title='bbox 1844 2466 2180 2529; x_wconf 85' lang='lat' dir='ltr'><strong>repositurum</strong></span> <span class='ocrx_word' id='word_1_313' title='bbox 2216 2472 2544 2514; x_wconf 88' lang='lat' dir='ltr'><strong>sacramento</strong></span> <span class='ocrx_word' id='word_1_314' title='bbox 2570 2477 2627 2511; x_wconf 90' lang='lat' dir='ltr'><strong>se</strong></span> <span class='ocrx_word' id='word_1_315' title='bbox 2649 2462 2771 2512; x_wconf 92' lang='lat' dir='ltr'><strong>obli·</strong></span> 
     </span>
     <span class='ocr_line' id='line_1_53' title="bbox 1712 2538 2769 2606; baseline -0.006 -14"><span class='ocrx_word' id='word_1_316' title='bbox 1712 2557 1858 2606; x_wconf 73' lang='lat' dir='ltr'><strong>gans.</strong></span> <span class='ocrx_word' id='word_1_317' title='bbox 1940 2542 2096 2596; x_wconf 78' lang='lat' dir='ltr'><strong>Quod</strong></span> <span class='ocrx_word' id='word_1_318' title='bbox 2139 2547 2309 2591; x_wconf 88' lang='lat' dir='ltr'><strong>tamen</strong></span> <span class='ocrx_word' id='word_1_319' title='bbox 2349 2545 2530 2601; x_wconf 84' lang='lat' dir='ltr'><strong>postea</strong></span> <span class='ocrx_word' id='word_1_320' title='bbox 2564 2538 2769 2588; x_wconf 88' lang='lat' dir='ltr'><strong>minime</strong></span> 
     </span>
     <span class='ocr_line' id='line_1_54' title="bbox 1711 2614 2769 2684; baseline -0.005 -17"><span class='ocrx_word' id='word_1_321' title='bbox 1711 2618 1979 2684; x_wconf 63' lang='lat' dir='ltr'><strong>prestitit.</strong></span> <span class='ocrx_word' id='word_1_322' title='bbox 2062 2618 2275 2668; x_wconf 76' lang='lat' dir='ltr'><strong>Homer.</strong></span> <span class='ocrx_word' id='word_1_323' title='bbox 2323 2614 2480 2664; x_wconf 88' lang='lat' dir='ltr'><strong>Iliad.</strong></span> <span class='ocrx_word' id='word_1_324' title='bbox 2520 2619 2577 2663; x_wconf 68' lang='grc' dir='ltr'><strong>Φ.</strong></span> <span class='ocrx_word' id='word_1_325' title='bbox 2618 2614 2769 2678; x_wconf 86' lang='lat' dir='ltr'><strong>paulo</strong></span> 
     </span>
     <span class='ocr_line' id='line_1_55' title="bbox 1710 2690 2029 2742; baseline -0.003 0"><span class='ocrx_word' id='word_1_326' title='bbox 1710 2700 1834 2742; x_wconf 86' lang='lat' dir='ltr'><strong>ante</strong></span> <span class='ocrx_word' id='word_1_327' title='bbox 1853 2690 2029 2742; x_wconf 83' lang='lat' dir='ltr'><strong>tinem.</strong></span> 
     </span>
    </p>

    <p class='ocr_par' dir='ltr' id='par_1_20' title="bbox 1709 2765 2773 3427">
     <span class='ocr_line' id='line_1_56' title="bbox 1774 2765 2770 2831; baseline -0.003 -13"><span class='ocrx_word' id='word_1_328' title='bbox 1774 2772 1841 2818; x_wconf 87' lang='grc'><strong>22</strong></span> <span class='ocrx_word' id='word_1_329' title='bbox 1876 2768 2008 2817; x_wconf 74' lang='lat' dir='ltr'><strong>Mihi</strong></span> <span class='ocrx_word' id='word_1_330' title='bbox 2027 2768 2274 2831; x_wconf 74' lang='lat' dir='ltr'><strong>Castaque</strong></span> <span class='ocrx_word' id='word_1_331' title='bbox 2293 2766 2571 2816; x_wconf 70' lang='lat' dir='ltr'><strong>damnatum</strong></span> <span class='ocrx_word' id='word_1_332' title='bbox 2587 2765 2770 2815; x_wconf 70' lang='lat' dir='ltr'><strong>Miner·</strong></span> 
     </span>
     <span class='ocr_line' id='line_1_57' title="bbox 1714 2841 2770 2910; baseline -0.003 -16"><span class='ocrx_word' id='word_1_333' title='bbox 1714 2860 1804 2908; x_wconf 73' lang='lat' dir='ltr'><strong>voe,</strong></span> <span class='ocrx_word' id='word_1_334' title='bbox 1837 2843 1943 2910; x_wconf 55' lang='grc' dir='ltr'><strong>ξω]</strong></span> <span class='ocrx_word' id='word_1_335' title='bbox 1975 2844 2278 2906; x_wconf 85' lang='lat' dir='ltr'><strong>Addictum,</strong></span> <span class='ocrx_word' id='word_1_336' title='bbox 2313 2841 2637 2903; x_wconf 83' lang='lat' dir='ltr'><strong>damnatum,</strong></span> <span class='ocrx_word' id='word_1_337' title='bbox 2671 2848 2770 2892; x_wconf 87' lang='lat' dir='ltr'><strong>tra-</strong></span> 
     </span>
     <span class='ocr_line' id='line_1_58' title="bbox 1709 2916 2770 2986; baseline -0.004 -16"><span class='ocrx_word' id='word_1_338' title='bbox 1709 2920 1877 2972; x_wconf 87' lang='lat' dir='ltr'><strong>ditum</strong></span> <span class='ocrx_word' id='word_1_339' title='bbox 1902 2921 1966 2971; x_wconf 86' lang='lat' dir='ltr'><strong>ad</strong></span> <span class='ocrx_word' id='word_1_340' title='bbox 1990 2933 2366 2986; x_wconf 87' lang='lat' dir='ltr'><strong>quamcumque</strong></span> <span class='ocrx_word' id='word_1_341' title='bbox 2401 2917 2689 2981; x_wconf 85' lang='lat' dir='ltr'><strong>perniciem</strong></span> <span class='ocrx_word' id='word_1_342' title='bbox 2719 2916 2770 2966; x_wconf 86' lang='lat' dir='ltr'><strong>iu</strong></span> 
     </span>
     <span class='ocr_line' id='line_1_59' title="bbox 1710 2994 2772 3060; baseline -0.004 -14"><span class='ocrx_word' id='word_1_343' title='bbox 1710 2996 1960 3056; x_wconf 85' lang='lat' dir='ltr'><strong>ultionem</strong></span> <span class='ocrx_word' id='word_1_344' title='bbox 1997 2997 2197 3060; x_wconf 82' lang='lat' dir='ltr'><strong>injuriae</strong></span> <span class='ocrx_word' id='word_1_345' title='bbox 2221 2995 2425 3060; x_wconf 85' lang='lat' dir='ltr'><strong>judicio</strong></span> <span class='ocrx_word' id='word_1_346' title='bbox 2450 2994 2659 3045; x_wconf 83' lang='lat' dir='ltr'><strong>Paridis</strong></span> <span class='ocrx_word' id='word_1_347' title='bbox 2682 3007 2772 3042; x_wconf 86' lang='lat' dir='ltr'><strong>no-</strong></span> 
     </span>
     <span class='ocr_line' id='line_1_60' title="bbox 1713 3070 2770 3136; baseline -0.003 -13"><span class='ocrx_word' id='word_1_348' title='bbox 1713 3073 1793 3123; x_wconf 89' lang='lat' dir='ltr'><strong>bis</strong></span> <span class='ocrx_word' id='word_1_349' title='bbox 1836 3073 2016 3123; x_wconf 72' lang='lat' dir='ltr'><strong>illatas.</strong></span> <span class='ocrx_word' id='word_1_350' title='bbox 2096 3073 2353 3136; x_wconf 85' lang='lat' dir='ltr'><strong>Loquitur</strong></span> <span class='ocrx_word' id='word_1_351' title='bbox 2400 3070 2656 3120; x_wconf 83' lang='lat' dir='ltr'><strong>Horatius</strong></span> <span class='ocrx_word' id='word_1_352' title='bbox 2703 3084 2770 3120; x_wconf 81' lang='lat' dir='ltr'><strong>ex</strong></span> 
     </span>
     <span class='ocr_line' id='line_1_61' title="bbox 1709 3146 2768 3211; baseline -0.001 -14"><span class='ocrx_word' id='word_1_353' title='bbox 1709 3162 1850 3198; x_wconf 87' lang='lat' dir='ltr'><strong>more</strong></span> <span class='ocrx_word' id='word_1_354' title='bbox 1864 3148 2232 3209; x_wconf 79' lang='lat' dir='ltr'><strong>Romanorum,</strong></span> <span class='ocrx_word' id='word_1_355' title='bbox 2252 3146 2543 3207; x_wconf 85' lang='lat' dir='ltr'><strong>debitores,</strong></span> <span class='ocrx_word' id='word_1_356' title='bbox 2560 3147 2652 3211; x_wconf 88' lang='lat' dir='ltr'><strong>qui</strong></span> <span class='ocrx_word' id='word_1_357' title='bbox 2669 3160 2768 3196; x_wconf 87' lang='lat' dir='ltr'><strong>non</strong></span> 
     </span>
     <span class='ocr_line' id='line_1_62' title="bbox 1710 3222 2772 3286; baseline -0.003 -12"><span class='ocrx_word' id='word_1_358' title='bbox 1710 3232 1862 3274; x_wconf 86' lang='lat' dir='ltr'><strong>erant</strong></span> <span class='ocrx_word' id='word_1_359' title='bbox 1879 3224 2146 3286; x_wconf 85' lang='lat' dir='ltr'><strong>solvendo,</strong></span> <span class='ocrx_word' id='word_1_360' title='bbox 2157 3223 2506 3274; x_wconf 89' lang='lat' dir='ltr'><strong>creditoribus</strong></span> <span class='ocrx_word' id='word_1_361' title='bbox 2522 3222 2772 3273; x_wconf 74' lang='lat' dir='ltr'><strong>obnoxios</strong></span> 
     </span>
     <span class='ocr_line' id='line_1_63' title="bbox 1711 3298 2773 3366; baseline -0.002 -17"><span class='ocrx_word' id='word_1_362' title='bbox 1711 3298 1910 3363; x_wconf 79' lang='lat' dir='ltr'><strong>facere,</strong></span> <span class='ocrx_word' id='word_1_363' title='bbox 1948 3299 2215 3366; x_wconf 85' lang='lat' dir='ltr'><strong>addicere,</strong></span> <span class='ocrx_word' id='word_1_364' title='bbox 2252 3298 2463 3349; x_wconf 84' lang='lat' dir='ltr'><strong>tradere</strong></span> <span class='ocrx_word' id='word_1_365' title='bbox 2495 3304 2773 3348; x_wconf 89' lang='lat' dir='ltr'><strong>consueto-</strong></span> 
     </span>
     <span class='ocr_line' id='line_1_64' title="bbox 1712 3390 1845 3427; baseline 0.008 -1"><span class='ocrx_word' id='word_1_366' title='bbox 1712 3390 1845 3427; x_wconf 90' lang='lat' dir='ltr'><strong>rum.</strong></span> 
     </span>
    </p>

    <p class='ocr_par' dir='ltr' id='par_1_21' title="bbox 1708 3446 2785 4281">
     <span class='ocr_line' id='line_1_65' title="bbox 1777 3446 2772 3516; baseline -0.006 -14"><span class='ocrx_word' id='word_1_367' title='bbox 1777 3456 1844 3503; x_wconf 76' lang='grc'><strong>24</strong></span> <span class='ocrx_word' id='word_1_368' title='bbox 1881 3452 2002 3501; x_wconf 73' lang='lat' dir='ltr'><strong>Cum</strong></span> <span class='ocrx_word' id='word_1_369' title='bbox 2030 3452 2201 3516; x_wconf 75' lang='lat' dir='ltr'><strong>popule</strong></span> <span class='ocrx_word' id='word_1_370' title='bbox 2233 3456 2280 3501; x_wconf 81' lang='lat' dir='ltr'><strong>et</strong></span> <span class='ocrx_word' id='word_1_371' title='bbox 2299 3453 2417 3501; x_wconf 78' lang='lat' dir='ltr'><strong>duce</strong></span> <span class='ocrx_word' id='word_1_372' title='bbox 2436 3446 2772 3511; x_wconf 66' lang='lat' dir='ltr'><strong>fraudulento]</strong></span> 
     </span>
     <span class='ocr_line' id='line_1_66' title="bbox 1713 3523 2774 3597; baseline -0.008 -13"><span class='ocrx_word' id='word_1_373' title='bbox 1713 3532 1869 3597; x_wconf 87' lang='lat' dir='ltr'><strong>Apud</strong></span> <span class='ocrx_word' id='word_1_374' title='bbox 1889 3532 2172 3583; x_wconf 80' lang='lat' dir='ltr'><strong>Homerum</strong></span> <span class='ocrx_word' id='word_1_375' title='bbox 2186 3529 2339 3580; x_wconf 81' lang='lat' dir='ltr'><strong>Iliad.</strong></span> <span class='ocrx_word' id='word_1_376' title='bbox 2358 3523 2479 3579; x_wconf 81' lang='lat' dir='ltr'><strong>mox</strong></span> <span class='ocrx_word' id='word_1_377' title='bbox 2496 3530 2592 3579; x_wconf 86' lang='lat' dir='ltr'><strong>cit.</strong></span> <span class='ocrx_word' id='word_1_378' title='bbox 2636 3528 2774 3591; x_wconf 87' lang='lat' dir='ltr'><strong>Nep-</strong></span> 
     </span>
     <span class='ocr_line' id='line_1_67' title="bbox 1712 3604 2771 3673; baseline -0.005 -15"><span class='ocrx_word' id='word_1_379' title='bbox 1712 3615 1866 3658; x_wconf 87' lang='lat' dir='ltr'><strong>tunus</strong></span> <span class='ocrx_word' id='word_1_380' title='bbox 1901 3608 2124 3673; x_wconf 85' lang='lat' dir='ltr'><strong>Apollini</strong></span> <span class='ocrx_word' id='word_1_381' title='bbox 2163 3606 2467 3671; x_wconf 85' lang='lat' dir='ltr'><strong>exprobrat,</strong></span> <span class='ocrx_word' id='word_1_382' title='bbox 2500 3604 2643 3669; x_wconf 88' lang='lat' dir='ltr'><strong>quod</strong></span> <span class='ocrx_word' id='word_1_383' title='bbox 2679 3616 2771 3668; x_wconf 85' lang='lat' dir='ltr'><strong>pro</strong></span> 
     </span>
     <span class='ocr_line' id='line_1_68' title="bbox 1709 3680 2772 3747; baseline -0.005 -15"><span class='ocrx_word' id='word_1_384' title='bbox 1709 3681 1831 3747; x_wconf 75' lang='lat' dir='ltr'><strong>&#39;Proj</strong></span> <span class='ocrx_word' id='word_1_385' title='bbox 1839 3682 1948 3734; x_wconf 87' lang='lat' dir='ltr'><strong>anis</strong></span> <span class='ocrx_word' id='word_1_386' title='bbox 1965 3680 2255 3745; x_wconf 79' lang='lat' dir='ltr'><strong>foedifragis</strong></span> <span class='ocrx_word' id='word_1_387' title='bbox 2273 3680 2488 3740; x_wconf 89' lang='lat' dir='ltr'><strong>militet,</strong></span> <span class='ocrx_word' id='word_1_388' title='bbox 2504 3680 2772 3727; x_wconf 88' lang='lat' dir='ltr'><strong>immemor</strong></span> 
     </span>
     <span class='ocr_line' id='line_1_69' title="bbox 1710 3753 2785 3823; baseline -0.006 -15"><span class='ocrx_word' id='word_1_389' title='bbox 1710 3760 1966 3822; x_wconf 79' lang='lat' dir='ltr'><strong>superbiae</strong></span> <span class='ocrx_word' id='word_1_390' title='bbox 1986 3767 2043 3809; x_wconf 91' lang='lat' dir='ltr'><strong>et</strong></span> <span class='ocrx_word' id='word_1_391' title='bbox 2059 3758 2263 3823; x_wconf 84' lang='lat' dir='ltr'><strong>injuriae</strong></span> <span class='ocrx_word' id='word_1_392' title='bbox 2283 3755 2672 3817; x_wconf 83' lang='lat' dir='ltr'><strong>Laomedontis,</strong></span> <span class='ocrx_word' id='word_1_393' title='bbox 2684 3753 2785 3820; x_wconf 50' lang='lat' dir='ltr'><strong>qni,</strong></span> 
     </span>
     <span class='ocr_line' id='line_1_70' title="bbox 1710 3836 2771 3896; baseline -0.008 -11"><span class='ocrx_word' id='word_1_394' title='bbox 1710 3837 1896 3885; x_wconf 74' lang='lat' dir='ltr'><strong>locatae</strong></span> <span class='ocrx_word' id='word_1_395' title='bbox 1923 3836 1974 3884; x_wconf 91' lang='lat' dir='ltr'><strong>in</strong></span> <span class='ocrx_word' id='word_1_396' title='bbox 1999 3849 2184 3884; x_wconf 86' lang='lat' dir='ltr'><strong>annum</strong></span> <span class='ocrx_word' id='word_1_397' title='bbox 2212 3846 2384 3896; x_wconf 80' lang='lat' dir='ltr'><strong>operoe</strong></span> <span class='ocrx_word' id='word_1_398' title='bbox 2408 3838 2615 3895; x_wconf 86' lang='lat' dir='ltr'><strong>pactam</strong></span> <span class='ocrx_word' id='word_1_399' title='bbox 2639 3843 2771 3878; x_wconf 88' lang='lat' dir='ltr'><strong>mer-</strong></span> 
     </span>
     <span class='ocr_line' id='line_1_71' title="bbox 1711 3904 2768 3975; baseline -0.006 -14"><span class='ocrx_word' id='word_1_400' title='bbox 1711 3911 1895 3961; x_wconf 89' lang='lat' dir='ltr'><strong>cedem</strong></span> <span class='ocrx_word' id='word_1_401' title='bbox 1917 3908 2105 3960; x_wconf 86' lang='lat' dir='ltr'><strong>nednm</strong></span> <span class='ocrx_word' id='word_1_402' title='bbox 2128 3910 2473 3975; x_wconf 77' lang='lat' dir='ltr'><strong>persolveret,</strong></span> <span class='ocrx_word' id='word_1_403' title='bbox 2492 3908 2653 3957; x_wconf 88' lang='lat' dir='ltr'><strong>etiam</strong></span> <span class='ocrx_word' id='word_1_404' title='bbox 2677 3904 2768 3956; x_wconf 88' lang='lat' dir='ltr'><strong>ml·</strong></span> 
     </span>
     <span class='ocr_line' id='line_1_72' title="bbox 1708 3981 2768 4046; baseline -0.006 -11"><span class='ocrx_word' id='word_1_405' title='bbox 1708 4001 1798 4035; x_wconf 82' lang='lat' dir='ltr'><strong>nas</strong></span> <span class='ocrx_word' id='word_1_406' title='bbox 1860 3986 1955 4036; x_wconf 86' lang='lat' dir='ltr'><strong>sibi</strong></span> <span class='ocrx_word' id='word_1_407' title='bbox 2021 3985 2134 4035; x_wconf 86' lang='lat' dir='ltr'><strong>Diis</strong></span> <span class='ocrx_word' id='word_1_408' title='bbox 2196 3984 2499 4034; x_wconf 85' lang='lat' dir='ltr'><strong>intentarat.</strong></span> <span class='ocrx_word' id='word_1_409' title='bbox 2586 3981 2768 4046; x_wconf 76' lang='lat' dir='ltr'><strong>virgil.</strong></span> 
     </span>
     <span class='ocr_line' id='line_1_73' title="bbox 1709 4059 2767 4123; baseline -0.008 -11"><span class='ocrx_word' id='word_1_410' title='bbox 1709 4061 1914 4112; x_wconf 80' lang='lat' dir='ltr'><strong>AEneid.</strong></span> <span class='ocrx_word' id='word_1_411' title='bbox 1951 4073 2009 4110; x_wconf 75' lang='lat' dir='ltr'><strong>v.</strong></span> <span class='ocrx_word' id='word_1_412' title='bbox 2045 4065 2159 4111; x_wconf 77' lang='lat'><strong>81⁰.</strong></span> <span class='ocrx_word' id='word_1_413' title='bbox 2193 4059 2216 4088; x_wconf 72' lang='lat'><strong>⁶</strong></span> <span class='ocrx_word' id='word_1_414' title='bbox 2234 4059 2492 4123; x_wconf 85' lang='lat' dir='ltr'><strong>Cuperem</strong></span> <span class='ocrx_word' id='word_1_415' title='bbox 2515 4072 2634 4108; x_wconf 86' lang='lat' dir='ltr'><strong>cum</strong></span> <span class='ocrx_word' id='word_1_416' title='bbox 2656 4070 2767 4107; x_wconf 80' lang='lat' dir='ltr'><strong>ver-</strong></span> 
     </span>
     <span class='ocr_line' id='line_1_74' title="bbox 1711 4131 2770 4189; baseline -0.006 -1"><span class='ocrx_word' id='word_1_417' title='bbox 1711 4145 1825 4189; x_wconf 88' lang='lat' dir='ltr'><strong>tere</strong></span> <span class='ocrx_word' id='word_1_418' title='bbox 1869 4136 1936 4187; x_wconf 88' lang='lat' dir='ltr'><strong>ab</strong></span> <span class='ocrx_word' id='word_1_419' title='bbox 1973 4137 2079 4186; x_wconf 90' lang='lat' dir='ltr'><strong>imo</strong></span> <span class='ocrx_word' id='word_1_420' title='bbox 2112 4137 2321 4185; x_wconf 75' lang='lat' dir='ltr'><strong>structa</strong></span> <span class='ocrx_word' id='word_1_421' title='bbox 2364 4133 2494 4183; x_wconf 89' lang='lat' dir='ltr'><strong>meis</strong></span> <span class='ocrx_word' id='word_1_422' title='bbox 2537 4131 2770 4183; x_wconf 78' lang='lat' dir='ltr'><strong>manibus</strong></span> 
     </span>
     <span class='ocr_line' id='line_1_75' title="bbox 1709 4209 2385 4281; baseline -0.007 -16"><span class='ocrx_word' id='word_1_423' title='bbox 1709 4213 1938 4281; x_wconf 59' lang='lat' dir='ltr'><strong>peizinrae</strong></span> <span class='ocrx_word' id='word_1_424' title='bbox 1966 4209 2155 4262; x_wconf 82' lang='lat' dir='ltr'><strong>moenia</strong></span> <span class='ocrx_word' id='word_1_425' title='bbox 2174 4209 2385 4274; x_wconf 77' lang='lat' dir='ltr'><strong>Trojae.’</strong></span> 
     </span>
    </p>

    <p class='ocr_par' dir='ltr' id='par_1_22' title="bbox 1772 4282 2767 4354">
     <span class='ocr_line' id='line_1_76' title="bbox 1772 4282 2767 4354; baseline -0.01 -11"><span class='ocrx_word' id='word_1_426' title='bbox 1772 4295 1836 4343; x_wconf 77' lang='grc'><strong>26</strong></span> <span class='ocrx_word' id='word_1_427' title='bbox 1874 4291 1992 4341; x_wconf 77' lang='lat' dir='ltr'><strong>Jam</strong></span> <span class='ocrx_word' id='word_1_428' title='bbox 2029 4303 2114 4340; x_wconf 77' lang='lat' dir='ltr'><strong>nee</strong></span> <span class='ocrx_word' id='word_1_429' title='bbox 2145 4287 2368 4340; x_wconf 68' lang='lat' dir='ltr'><strong>Laeana</strong></span> <span class='ocrx_word' id='word_1_430' title='bbox 2396 4283 2648 4354; x_wconf 56' lang='lat' dir='ltr'><strong>spientim!</strong></span> <span class='ocrx_word' id='word_1_431' title='bbox 2659 4282 2767 4349; x_wconf 58' lang='grc' dir='ltr'><strong>ξω]</strong></span> 
     </span>
    </p>
   </div>
   <div class='ocr_carea' id='block_1_16' title="bbox 3020 2625 3029 4127">
    <p class='ocr_par' dir='ltr' id='par_1_23' title="bbox 3020 2625 3029 4127">
     <span class='ocr_line' id='line_1_77' title="bbox 3020 2625 3029 4127; baseline 0 0"><span class='ocrx_word' id='word_1_432' title='bbox 3020 2625 3029 4127; x_wconf 95' lang='lat' dir='ltr'><strong> </strong></span> 
     </span>
    </p>
   </div>
  </div>
 </body>
</html>
