3059 4909
500 347 588 413 64
1092 343 1105 352 ’
1201 361 1462 412 ωτι-ΒΑ
1507 361 1986 414 acaunus.

581 509 641 567 5.
683 503 1108 564 Tetrametrum
1148 502 1548 585 Dactylicum.
1631 504 1696 563 Si
1724 483 1943 566 desiuit
1970 502 2032 564 in
2072 498 2451 583 spondeum,
2478 500 2688 562 Archi-

499 600 796 662 lochium:
830 598 1002 660 sinin
1033 599 1382 679 Dactylum,
1411 599 1808 662 Alcmanium.
1892 597 2233 660 Hexametri
2269 598 2480 675 Κάμμα
2506 600 2692 673 ἀρκτι-

499 702 615 758 κόν·
663 718 737 760 ex
793 708 957 779 parte
1007 697 1305 776 superiore
1350 716 1594 758 versus:
1638 695 1889 775 δίμοιρον
1942 699 2122 765 ἔπους.
2167 694 2286 756 Bes
2325 693 2686 758 Hexametri.

499 792 783 856 Bucolica
824 804 1002 868 tome,
1057 795 1117 855 in
1173 795 1600 857 Tetrametrum
1647 793 2018 855 Alcmanium
2077 790 2385 854 Pastorale
2434 790 2692 850 Carmen

498 890 841 963 Theocrito,
866 909 1042 971 quam
1064 889 1311 971 Virgilio
1339 879 1709 972 frequentius
1734 888 2002 951 caeditur.
2086 887 2472 967 Postpouitur
2489 888 2692 946 Hexa-

497 997 711 1049 metro.
740 1006 787 1047 1.
823 986 941 1046 Od.
972 989 1032 1047 7.
1062 989 1163 1048 28.
1208 986 1401 1067 Epod.
1435 1006 1569 1046 κη.

579 1085 641 1146 6.
686 1084 1040 1153 Heroicum;
1091 1083 1273 1164 Epos.
1303 1104 1352 1146 1.
1392 1083 1510 1143 Od.
1542 1085 1600 1143 7.
1626 1084 1726 1143 28.

496 1176 881 1240 Proemittitur
905 1179 1266 1241 Tetrametro
1295 1179 1575 1251 Heroico,
1604 1176 1794 1257 Epod.
1830 1196 1961 1238 κη.
2043 1175 2497 1235 Penthemimeri
2530 1175 2691 1239 Dac-

495 1275 698 1355 tylico,
731 1296 803 1336 1v
855 1275 973 1338 Od.
1004 1281 1062 1337 7.
1145 1277 1405 1337 iambico
1435 1276 1724 1347 Dimetro,
1754 1273 1951 1354 Epod.
2007 1292 2154 1334 xm.
2205 1291 2320 1333 xv.
2401 1270 2690 1333 Trimetm

494 1390 663 1449 puro,
694 1372 886 1451 Epod.
919 1393 1065 1432 xvr.
1152 1372 1479 1434 Horatiano
1521 1390 1628 1430 seu
1674 1368 2045 1431 Archilochio
2075 1368 2404 1448 composito
2431 1386 2505 1427 ex
2535 1369 2686 1428 lam-

491 1467 629 1527 bico
656 1467 922 1529 Dimetro
950 1479 1011 1529 et
1037 1468 1493 1530 Penthemimeri
1521 1466 1860 1546 DactylicO,
1890 1463 2082 1544 Epod.
2116 1483 2280 1523 xm.

577 1566 634 1623 7.
675 1564 1060 1625 Trochaicum
1091 1564 1181 1626 vel
1214 1564 1534 1624 Choricum
1563 1563 1889 1623 Dimetrum
1919 1559 2366 1621 catalecticum.
2404 1556 2689 1631 Ληκύθιον

497 1659 887 1738 Euripidium.
941 1662 1451 1741 complementum
1483 1659 1970 1722 penthemimeris
2000 1658 2184 1717 lamb.
2215 1655 2293 1715 ad
2318 1655 2688 1715 Trimetrum.

494 1754 868 1834 Proeponitur
897 1758 1157 1819 Iambico
1183 1759 1471 1820 Trimetro
1499 1757 1889 1819 catalectico.
1928 1774 2005 1816 11.
2036 1753 2155 1815 Od.
2190 1755 2285 1812 18.

577 1854 636 1911 8.
681 1853 1009 1915 Dimetrum
1036 1855 1381 1918 Iambicum.
1451 1855 1788 1917 Succiuitur
1823 1852 2147 1923 Trimetris,
2174 1849 2333 1910 unde
2362 1845 2556 1926 Epodi
2581 1865 2692 1906 no-

494 1967 629 2008 meu
683 1949 969 2029 inprimis.
1028 1951 1219 2032 Epod.
1264 1973 1302 2013 a
1352 1973 1401 2014 1.
1440 1953 1516 2013 ad
1563 1973 1631 2014 x.
1682 1954 1824 2013 item
1869 1947 2267 2020 HexametriS,
2313 1943 2505 2024 Epod.
2540 1962 2688 2003 ειν.

383 2092 394 2102 .
497 2063 613 2103 xv.
703 2045 897 2106 Nota:
948 2046 1280 2110 Dimetrum
1337 2049 1727 2109 Trochaicum
1782 2044 2217 2107 Catalecticum
2263 2041 2316 2101 si
2366 2049 2694 2102 connectas

492 2159 629 2199 cum
681 2141 949 2202 Dimetro
997 2144 1256 2204 Iambico
1300 2144 1674 2220 Acatalecto,
1728 2141 2026 2203 exhibebit
2080 2137 2491 2217 Septenarium
2543 2133 2693 2196 Tro-

491 2235 785 2309 chaicum,
810 2237 913 2315 qui
941 2248 1036 2298 est
1061 2258 1266 2300 versus
1297 2240 1561 2300 Comicis
1588 2258 1875 2319 perquam
1904 2236 2229 2297 familiaris.

575 2331 636 2390 9.
678 2330 1009 2393 Alcaicum.
1082 2335 1404 2396 Iambicum
1442 2335 1773 2395 Dimetrum
1802 2332 2384 2415 Hypercatalectum.
2456 2330 2691 2390 Ennea-

493 2425 788 2505 syllabum
816 2428 874 2490 in
904 2429 1147 2492 Alcaico
1183 2432 1440 2496 carmine
1480 2431 1715 2493 Tricolo
1752 2428 2174 2510 Tetrastropbo
2211 2428 2444 2488 tertiam
2486 2425 2691 2486 sedem

493 2539 724 2601 semper
751 2524 1000 2588 obtinet.

580 2622 672 2679 10.
718 2618 1042 2684 iambicum
1086 2623 1434 2686 Trimetrum
1491 2624 1921 2685 Catalecticum
1966 2620 2556 2701 Hendecasyllabum
2593 2616 2690 2677 bis

491 2715 648 2795 apud
680 2717 993 2779 Horatium
1020 2722 1336 2800 reperitur.
1383 2743 1431 2781 1.
1463 2722 1582 2782 Od.
1609 2726 1671 2781 4.
1717 2721 2093 2799 subjunctum
2130 2718 2324 2778 versui
2358 2715 2691 2794 composito

490 2831 564 2872 ex
595 2812 880 2874 Bucolico
905 2825 968 2874 et
999 2815 1434 2895 Ithyphallico:
1469 2836 1549 2877 11.
1578 2815 1699 2876 Od.
1735 2819 1827 2876 18.
1851 2814 2175 2875 Trochaico
2206 2812 2472 2872 Dimetro
2506 2811 2690 2874 cata-

489 2908 702 2968 lectico
731 2909 948 2988 pariter
975 2911 1329 2991 subjectum.

432 3009 439 3013 ’
578 3006 673 3065 11.
714 3007 1153 3069 Archilochium
1184 3011 1503 3070 lambieum
1542 3009 1893 3070 Trimetrum
1937 3006 2366 3067 Acatalectum.
2450 3005 2692 3066 Iambus

487 3120 598 3178 per.
617 3120 682 3160 se
711 3100 858 3162 facit
883 3104 1180 3164 canticum
1210 3104 1287 3163 ad
1321 3103 1637 3165 Canidiam
1676 3117 1736 3164 et
1775 3102 2186 3170 palinodiam
2230 3101 2369 3163 alibi
2408 3100 2696 3163 Trimeter

491 3195 759 3257 Dimetro
800 3198 1194 3277 praemittitur,
1229 3200 1420 3280 Epod.
1460 3220 1496 3260 a
1538 3221 1584 3261 1.
1614 3201 1689 3260 ad
1724 3220 1793 3263 x.
1825 3210 1927 3260 aut
1957 3200 2156 3260 Heroo
2176 3218 2359 3277 purus
2388 3197 2695 3277 subjungi.

488 3301 604 3363 tur,
647 3293 838 3372 Epod.
886 3315 1034 3356 xvi.
1076 3306 1179 3358 aut
1211 3297 1466 3378 denique
1502 3298 1890 3377 praetenditur
1919 3295 2248 3357 Horatiano
2278 3313 2385 3356 seu
2414 3294 2689 3355 Archilo-

482 3386 619 3447 chio
646 3390 983 3469 composito
1020 3412 1094 3454 ex
1128 3393 1582 3458 Penthemimeri
1626 3394 1936 3475 Dactylico
1985 3403 2048 3453 et
2090 3391 2350 3457 Iambico
2399 3390 2687 3459 Dimetro,

490 3481 683 3561 Epod.
715 3506 817 3548 XI.

564 3582 669 3662 Ι12.
715 3583 1169 3663 Asclepiadeum
1225 3587 1804 3668 Dodecasyllabum3
1854 3586 2044 3663 ipsam
2089 3581 2446 3644 cantilenam
2487 3581 2691 3640 absol-

484 3677 592 3748 vit,
626 3699 672 3739 1.
703 3679 823 3738 od.
860 3682 915 3739 1.
962 3681 1319 3761 Glyconium
1350 3683 1750 3761 subsequitur,
1784 3700 1833 3740 1.
1883 3678 2003 3740 Od.
2035 3680 2092 3738 3.
2120 3681 2235 3738 διο.
2264 3686 2433 3736 terna
2468 3694 2693 3754 praeceq

440 3793 457 3804 ‘
485 3774 641 3834 dunt
666 3776 1049 3855 Glyconiu-m,
1079 3798 1126 3839 1.
1159 3778 1279 3841 Od.
1311 3780 1372 3839 6.
1403 3783 1521 3838 &c.
1565 3777 1708 3836 bina
1739 3774 1848 3836 sibi
1878 3784 2210 3854 aggregant
2247 3772 2692 3832 Pherecratio-m

481 3888 620 3930 cum
651 3870 968 3953 Glyconio‚
996 3894 1046 3936 1.
1077 3876 1198 3937 od.
1231 3879 1289 3936 5.
1319 3886 1385 3935 et
1411 3874 1656 3953 saepius.

573 3969 668 4027 13.
712 3970 1074 4050 Sapphicum
1107 3971 1730 4051 Hendecasyllabum:
1766 3968 1945 4029 unius
1973 3964 2213 4027 omnino
2241 3964 2450 4043 figuroe
2474 3970 2688 4041 quarto

483 4063 779 4125 clauditur
807 4065 1089 4129 Adonio.
1136 4067 1379 4146 passim.

572 4163 666 4225 14.
709 4161 1016 4222 Alcaicum
1075 4162 1695 4242 Hendecasyllabum:
1744 4160 1963 4239 ubique
2023 4157 2134 4217 sibi
2183 4176 2292 4235 par
2333 4126 2574 4216 constat
2613 4174 2688 4216 ex

482 4259 952 4320 Penthemimere
997 4259 1256 4322 lambit-a
1283 4270 1344 4321 et
1371 4260 1510 4322 Basi
1540 4259 1875 4341 Dactylica.
1960 4253 2158 4315 Prima
2194 4252 2554 4316 combinatio
2592 4263 2687 4312 est
