3059 4909
503 360 631 426 102

590 522 773 603 Quid
803 524 986 601 latet,
1013 527 1086 588 ut
1115 523 1388 588 marinae

1223 376 1294 436 Q.
1337 374 1661 424 noenu
1713 376 1978 427 ιτιΑοοι

757 626 1007 691 Filium
1037 626 1265 691 dicunt
1292 625 1596 691 Thetidis
1629 629 1758 692 sub
1788 628 2160 714 lacrymosa
2179 628 2407 713 Trojae

590 730 866 807 Funera,
896 748 977 792 ne
1007 729 1215 793 virilis

2610 733 2695 797 15

763 830 1001 899 Cultus
1033 832 1102 897 in
1131 830 1387 899 caedem
1417 838 1484 897 et
1514 832 1764 916 Lycias
1795 833 2167 919 proriperet
2193 841 2503 902 catervas
2521 836 2551 897 ‘e

488 1039 618 1098 jecto
657 1039 892 1091 illustris?
922 1055 1006 1091 cur
1036 1056 1085 1091 se
1121 1038 1379 1100 abscondit,
1396 1039 1789 1102 quemadmodum
1809 1040 1944 1091 aiunt
1964 1042 2157 1093 latuisse
2189 1042 2346 1105 filim
2365 1040 2582 1092 ssetidis
2599 1056 2698 1090 ma-

499 1106 640 1165 rinoe,
672 1106 800 1156 circa
822 1108 1078 1155 luctuosum
1102 1105 1259 1164 'Il-ojoe
1279 1105 1533 1165 excidium,
1562 1119 1622 1154 ae
1656 1105 1755 1154 viri
1789 1106 1975 1171 habitin
2003 1094 2302 1173 perti-alteret
2318 1108 2474 1173 ipsum
2492 1109 2558 1159 aa
2576 1111 2700 1156 scm-

499 1184 627 1233 gan,
664 1176 713 1221 et
734 1177 898 1221 contra
924 1176 1103 1222 turmas
1126 1170 1413 1235 Lyciorum?

1420 1292 1478 1316 CO
1485 1294 1786 1320 OWMO

502 1405 610 1449 net.
633 1402 776 1450 1478.
809 1400 890 1449 ille
911 1399 1276 1463 emperiam—13
1309 1394 1375 1446 In
1390 1397 1516 1448 Vet.
1535 1397 1717 1451 Comb.
1740 1406 1863 1449 nota
1893 1400 2318 1466 interrogationis
2347 1401 2559 1466 ponitur
2583 1408 2703 1465 post

508 1465 653 1519 Quid,
691 1472 746 1513 et
784 1465 932 1514 colon
968 1471 1089 1529 post
1108 1467 1466 1513 caterona—1⁴
1505 1463 1731 1514 Thaidos
1764 1465 1931 1515 edidit
1949 1466 2297 1530 Coniuge-15
2330 1467 2596 1516 Ineadem
2619 1467 2703 1516 ed.

503 1545 563 1577 ne
586 1529 760 1579 viridis
775 1546 796 1589 ‚·
832 1530 1217 1596 antiquissimus
1237 1527 1426 1578 Bland.
1461 1543 1520 1578 ne
1541 1531 1725 1593 viriles,
1748 1529 1883 1596 quod
1906 1530 2235 1582 referendum
2260 1532 2324 1582 ad
2349 1533 2531 1597 Lycias
2551 1537 2703 1582 cater-

506 1608 612 1658 vas,
634 1592 738 1644 non
762 1596 920 1649 etiam
939 1595 1004 1646 ad
1024 1594 1195 1658 entitur,
1216 1595 1371 1645 metri
1396 1608 1572 1646 causa.

1484 1746 1705 1798 NOTAE

506 1842 627 1907 plex
665 1838 747 1891 est
779 1847 955 1892 autem
988 1857 1053 1892 ea
1087 1844 1419 1904 exercitatio,
1440 1844 1568 1894 artis

503 1920 688 1982 altera,
723 1920 887 1969 altera
926 1918 1125 1970 virium.
1193 1920 1256 1970 In
1281 1920 1439 1984 priori
1463 1921 1568 1970 col-

503 1996 727 2045 lineatur
750 1996 814 2045 ad
844 2003 1042 2057 certum
1065 2011 1297 2060 scopum.
1363 1996 1427 2046 In
1451 2012 1568 2062 pos·

508 2072 686 2122 teriori
721 2072 963 2122 vincebat
996 2073 1084 2136 qui
1115 2071 1411 2135 longissime
1447 2086 1568 2122 con·

505 2149 775 2210 torsisset3
809 2154 866 2197 et
904 2147 969 2196 de
1001 2149 1097 2197 hac
1130 2147 1193 2196 fit
1227 2148 1313 2199 hic
1349 2148 1565 2197 mentio.

504 2226 593 2274 sic
613 2223 769 2273 Iliad.
789 2229 852 2272 Ψ.
876 2214 1216 2288 diciturAjait
1236 2223 1434 2273 discum
1458 2212 1578 2286 eja

505 2303 707 2352 calatus
738 2301 1016 2365 praevalida
1050 2315 1223 2363 manu,
1251 2307 1308 2350 et
1341 2300 1566 2350 omnium

505 2385 670 2429 metas
716 2390 1074 2443 exsuperasse.
1162 2378 1233 2428 Et
1275 2375 1465 2442 Odyss.
1507 2383 1565 2429 Θ.

504 2456 722 2522 Ulysses
760 2457 959 2508 diacum
992 2455 1256 2520 lapideum
1287 2454 1426 2504 ultra
1461 2469 1567 2505 me·

505 2542 585 2583 tas
606 2534 820 2585 aliorum
841 2534 994 2598 longe
1017 2540 1244 2599 torquet.

571 2612 744 2677 Disco]
769 2609 885 2661 Ἀπὸ
905 2612 994 2661 τοῦ
1014 2610 1208 2674 δίσκειν,
1227 2611 1409 2672 jacere·
1466 2609 1569 2660 Or·

506 2687 585 2738 bis
609 2697 724 2738 erat
755 2687 975 2751 ferreus,
999 2702 1196 2750 aeneus,
1216 2689 1439 2750 ligneus,
1461 2686 1570 2750 ple-

507 2779 724 2831 rumque
768 2765 1025 2829 lapideus,
1080 2765 1164 2829 qui
1211 2764 1411 2812 medius
1455 2765 1570 2812 loro

507 2841 872 2899 circumnexus
904 2840 957 2889 in
994 2854 1144 2888 auras
1182 2846 1296 2888 tota
1327 2839 1378 2887 vi
1403 2838 1570 2902 jacie·

506 2917 689 2967 batur:
727 2933 758 2966 a
789 2917 1092 2982 quibusdam
1125 2914 1567 2965 circumrotando:

508 3000 567 3042 ut
591 3000 737 3056 patet
758 3007 824 3042 ex
846 2994 938 3043 cit.
975 2992 1193 3043 Homeri
1214 2992 1357 3045 locis.
1431 2992 1571 3041 Vide

502 3060 661 3119 Alex.
687 3070 753 3119 ab
777 3070 932 3121 Alex.
954 3083 1044 3120 ιιι.
1068 3073 1149 3120 21.

574 3148 731 3198 Trans
748 3149 904 3213 finem
922 3147 1086 3209 jaculo
1123 3145 1293 3196 nobilis
1324 3146 1568 3212 expedito]

507 3224 789 3290 Frequenti
812 3225 1113 3275 nobilitatus
1134 3223 1375 3286 victoria,
1389 3223 1572 3288 jaculo

506 3304 705 3354 scilicet
730 3312 784 3355 et
809 3305 954 3355 disco
978 3315 1118 3355 trans
1152 3304 1366 3354 aliorum
1398 3304 1576 3369 finem,

507 3395 598 3431 seu
640 3383 849 3447 signum,
901 3382 1092 3432 Graece
1134 3381 1284 3444 σῆμα,
1329 3382 1575 3448 expedite

507 3457 766 3524 projecto.

572 3540 633 3585 13
676 3537 746 3587 Ut
765 3538 963 3587 marinae
994 3537 1176 3588 Filium
1210 3536 1376 3587 dicunt
1408 3534 1610 3585 Theti-'⁴

504 3617 738 3691 dfssaestsssd
773 3617 1031 3672 Achillem
1065 3631 1251 3680 nempe
1291 3622 1458 3665 mater
1481 3616 1571 3663 ba-

506 3693 619 3744 bitu
643 3694 882 3744 muliebri
920 3693 1061 3744 inter
1093 3692 1402 3757 Lycomedis
1428 3692 1574 3755 puel-

505 3771 583 3820 las
607 3771 944 3823 abscondisse
968 3778 1229 3833 narratur,
1268 3782 1335 3818 ne
1369 3767 1435 3817 ad
1465 3767 1584 3821 bel·,

506 3848 610 3897 lum
632 3850 912 3914 Trojanum
938 3854 1231 3912 raperetur,
1269 3860 1333 3896 eo
1355 3845 1491 3911 quod
1516 3844 1571 3894 in

507 3923 632 3974 fatis
666 3937 800 3983 erat,
838 3927 881 3974 si
918 3923 1097 3988 gloriae
1131 3923 1331 3972 bellicae
1356 3916 1586 3987 operam'

508 3999 677 4067 daret,
707 4004 851 4053 brevi
884 3994 1265 4065 perimendum.
1335 3998 1412 4050 At
1448 3999 1571 4063 quia

1646 1845 1756 1895 sine
1781 1859 1843 1896 eo
1865 1845 1982 1909 capi
2001 1845 2157 1910 Troja
2190 1857 2295 1895 non
2331 1844 2608 1909 potuisset,
2641 1860 2708 1895 ex

1649 1921 1946 1979 Calchantis
1970 1935 2235 1985 responso,
2257 1921 2476 1985 Ulysses
2504 1921 2714 1973 detexit

1648 1994 1924 2056 Achillem,
1945 2003 2001 2048 et
2022 1997 2239 2048 abduxit
2263 2011 2348 2058 eo,
2377 2012 2479 2062 quo
2517 2004 2712 2049 norunt

1646 2089 1846 2138 omnes,
1883 2073 2055 2137 modo,
2085 2074 2367 2140 propositis
2401 2075 2607 2127 scilicet
2628 2088 2709 2125 ar·

1646 2167 1763 2202 mis.

1713 2229 1947 2294 Mariae]
1981 2228 2159 2278 'I’betis
2202 2235 2319 2279 erat
2357 2226 2514 2278 maris
2544 2227 2710 2291 Nym-

1650 2305 1769 2371 pha,
1796 2305 1958 2355 Nerei
1991 2303 2114 2368 filia,
2144 2303 2363 2355 Achillis
2393 2310 2570 2355 autem
2604 2318 2710 2358 mn-

1648 2388 1746 2432 ter.

1714 2463 1778 2510 16
1814 2459 1876 2508 Ia
1910 2459 2086 2508 oedem
2122 2461 2171 2507 et
2207 2455 2402 2521 Lycias,
2439 2456 2548 2521 ξε.)
2600 2454 2712 2506 Ad·

1649 2551 1825 2587 versus
1848 2535 2105 2600 'trojanas
2133 2531 2309 2597 copias
2332 2539 2489 2597 atque
2511 2532 2716 2583 exerci-

1649 2622 1752 2665 tus.
1810 2613 1981 2679 Lycia
2002 2611 2227 2676 duplex:
2261 2610 2428 2659 altera
2453 2616 2536 2659 est
2555 2608 2713 2661 Troa-

1650 2691 1731 2741 dis
1770 2690 1931 2756 regio,
1966 2704 2031 2739 ex
2071 2686 2304 2737 Homero
2335 2692 2391 2735 et
2419 2685 2715 2746 Strabone;

1651 2770 1821 2818 altera
1862 2774 1944 2817 est
1986 2762 2446 2814 Cariae.finitima.
2535 2759 2714 2839 Hujng

1652 2845 1856 2910 quidem
1882 2841 2061 2908 populi
2083 2839 2317 2904 Trojanis
2350 2839 2598 2889 auxilium
2630 2846 2715 2888 tu·

1652 2922 1840 2971 lerunt.
1907 2919 1992 2969 Ab
2016 2926 2133 2973 utra
2155 2931 2278 2966 vero
2311 2911 2520 2981 Trojani
2553 2914 2720 2965 deno-

1651 3000 1918 3049 minentur
1952 2996 2116 3060 Lycii,
2152 2994 2350 3043 arbiter
2370 3000 2483 3042 esto
2501 2993 2715 3042 Lector:
2819 3054 2824 3060 ⁴

1653 3085 1799 3126 certe
1822 3076 1984 3134 dices,
2015 3087 2117 3121 non
2141 3071 2209 3121 ab
2231 3071 2349 3134 hac,
2379 3070 2472 3119 sed
2510 3069 2576 3120 ab
2611 3069 2719 3119 illa.

1652 3154 1863 3203 Mecum
1899 3144 2057 3214 igitur
2092 3147 2281 3197 mirare
2314 3146 2519 3196 turbam
2542 3145 2719 3196 Inter-

1653 3238 1860 3296 pretum
1882 3227 1967 3293 qui
1992 3225 2103 3275 fere
2125 3239 2304 3285 omnes
2324 3225 2576 3299 hactenns
2599 3236 2730 3273 con..

1655 3306 1871 3358 trarium
1894 3303 2169 3366 scripsere.

1723 3380 1976 3446 Caterva]
2011 3379 2113 3429 Hic
2136 3374 2527 3428 Grammatistae
2563 3372 2732 3441 vulgo„

1654 3468 1870 3513 monent
1895 3459 2170 3508 Catervam
2203 3453 2427 3504 militum
2450 3467 2576 3502 sena
2606 3446 2719 3505 mil-

1655 3538 1726 3587 lia
1755 3536 2043 3595 continere,
2076 3529 2443 3594 propriamque
2468 3526 2728 3599 Afrorunr

1655 3630 1788 3676 esse,
1811 3614 1947 3663 sicut
1972 3611 2209 3661 Phalanx
2239 3616 2321 3657 est
2345 3605 2730 3667 Macedonum2

1657 3692 1818 3756 Legio
1853 3704 1978 3740 vero
2015 3686 2303 3737 Gallorum.
2367 3683 2471 3734 Sed
2502 3680 2626 3747 quid
2652 3680 2718 3731 ad

1655 3767 1795 3816 rem?
1867 3766 1937 3816 Et
1961 3763 2085 3828 quid
2110 3762 2208 3812 hoc
2234 3761 2388 3823 juvat
2416 3759 2482 3808 ad
2512 3757 2730 3810 Horatii.

1650 3859 1857 3894 sensum
1891 3840 1976 3891 hic
2011 3837 2401 3902 expiscandum,
2435 3835 2524 3887 ubi
2549 3834 2720 3886 omnia

1648 3924 1701 3971 in
1725 3918 2001 3987 propatulo
2024 3915 2178 3966 sunt?
