3059 4909
534 381 665 449 348

883 546 1266 625 Immemor,
1294 547 1491 610 struis
1523 543 1761 608 domos
1787 561 1804 622 3

973 649 1323 733 Marisque
1354 648 1547 713 Baiis
1574 643 2023 728 obstrepentis
2047 657 2242 726 urges

883 753 1313 820 Summovere
1338 752 1590 830 littora,

1295 398 1363 457 Q.
1407 392 1734 444 nonA'rn
1787 390 2056 440 rnAccr

2153 548 2180 565 *a

966 857 1218 922 Parum
1247 854 1559 939 locuples
1590 850 1968 918 continente
1995 846 2167 932 ripa.

889 959 1128 1042 Quid?
1174 958 1355 1045 quod
1385 976 1600 1040 usque
1630 956 1978 1040 proximos

975 1063 1279 1130 Revellis
1308 1063 1450 1148 agri
1478 1061 1824 1138 terminoS,
1848 1066 1920 1123 et
1948 1056 2125 1122 ultra

540 1262 681 1321 atque
701 1259 883 1320 satagis
904 1260 1154 1310 extendere
1168 1259 1306 1308 littus
1324 1257 1473 1307 morie
1490 1258 1554 1306 ad
1576 1254 1732 1305 Boias
1752 1251 2028 1315 frementis,
2049 1265 2142 1300 non
2162 1254 2240 1300 sot
2268 1250 2399 1299 diues
2417 1245 2581 1297 stabili
2602 1250 2742 1321 terro.

546 1323 679 1379 Quid
697 1325 869 1383 dicam,
891 1326 1012 1389 quod
1032 1325 1209 1374 vicinos
1227 1324 1374 1374 etiam
1394 1322 1507 1385 agri
1529 1320 1707 1371 limites
1725 1333 1952 1382 removes,
1979 1322 2029 1368 et
2049 1316 2291 1367 clientium
2315 1315 2544 1365 terminos
2574 1318 2747 1362 traun-

1460 1467 1612 1489 ΟΝΟΟ
1617 1465 1826 1488 ΟΜΟΟΟ

544 1568 621 1619 sic
645 1568 801 1619 etiam
824 1570 1003 1620 Bentl.
1028 1570 1185 1641 Baat.
1227 1570 1447 1621 Gesner.
1484 1568 1629 1632 Jani,
1664 1567 1881 1633 Bipont.
1921 1566 2138 1618 Mitscb.
2171 1561 2381 1615 Wakef.
2425 1568 2482 1613 et
2526 1558 2749 1611 muci.—

1540 1717 1761 1771 NOTAE

545 1831 832 1897 ambitiose,
845 1835 990 1899 quasi
1002 1835 1129 1887 vitae
1140 1835 1210 1887 sit
1223 1834 1318 1887 tibi
1332 1836 1609 1897 securitas,

544 1916 602 1960 et
624 1911 917 1963 immunitas
940 1928 970 1963 a
999 1921 1187 1973 morte,
1220 1914 1425 1965 insanas
1462 1914 1608 1964 moli·

547 1987 620 2037 ris
642 1989 1070 2041 substructiones.

612 2069 675 2116 17
715 2067 789 2117 Tu
803 2067 1441 2132 secundamus-namucus]
1465 2068 1612 2118 Mer·

545 2140 677 2192 cede
700 2145 948 2196 conducis
987 2152 1220 2196 sectores
1262 2147 1534 2195 marmoris
1556 2152 1614 2196 et

546 2218 869 2283 sculptores:
906 2223 991 2272 vel
1026 2222 1310 2274 redemtori
1343 2224 1614 2287 negotium

547 2295 639 2346 das
676 2300 1016 2350 secandorum
1052 2316 1385 2366 marmorum,
1421 2303 1485 2353 ad
1521 2317 1615 2353 ex·

548 2374 822 2425 struendas
845 2376 1023 2428 domos
1047 2377 1314 2443 superbas.

612 2454 678 2499 20
711 2451 959 2517 Mar-isque
979 2454 1127 2505 Baiis
1142 2455 1451 2520 obstrepentis
1470 2470 1615 2519 urges

544 2529 847 2581 Sumiuooere
881 2531 1071 2596 littora]
1127 2533 1355 2585 Molibus
1384 2536 1435 2584 in
1472 2548 1615 2585 mare

538 2607 698 2671 jactis
714 2608 956 2659 extendis
990 2610 1156 2669 littus,
1185 2616 1245 2661 ut
1270 2610 1341 2662 ibi
1366 2611 1616 2676 aedifices,

549 2698 749 2734 amoeno
785 2685 919 2745 loco,
962 2687 1027 2736 ad
1066 2686 1244 2748 Baias,
1288 2688 1375 2739 ubi
1417 2686 1615 2740 fluctus

547 2760 734 2810 mermi
772 2763 941 2812 ventis
972 2764 1160 2827 agitati
1194 2763 1423 2817 fremunt
1445 2775 1501 2816 et
1523 2767 1614 2817 ob-

547 2841 789 2900 strepunt
810 2840 1180 2890 vehementer:
1216 2843 1367 2907 quasi
1389 2858 1491 2893 non
1513 2842 1616 2894 suf-

547 2913 694 2965 ficiat
716 2917 987 2967 continens
1020 2926 1180 2980 terra,
1207 2919 1274 2969 ad
1309 2927 1614 2972 construen-

549 2990 646 3040 das
669 2992 825 3045 aedes.
871 2995 1083 3045 Sallust.
1115 2997 1132 3024 ‘
1155 2996 1378 3048 Divitias
1401 2998 1616 3062 profun-

549 3068 680 3119 dunt
703 3070 755 3119 in
781 3071 1099 3122 exstruendo
1117 3073 1265 3133 mari,
1280 3080 1336 3124 et
1353 3075 1615 3129 montibus

551 3145 853 3210 aequandisl
923 3147 1109 3200 Senec.
1166 3150 1499 3203 controvers.
1559 3167 1614 3204 V.

549 3222 566 3249 ‘
590 3222 764 3273 Maria
797 3233 1181 3277 summoventur
1221 3229 1472 3294 projectis
1506 3246 1612 3282 mo·

549 3296 722 3352 libus:
773 3300 913 3351 Vide
945 3318 1102 3367 snpra
1134 3304 1239 3357 od.
1265 3319 1362 3356 xv.
1384 3307 1499 3358 init.
1521 3308 1615 3358 ibi·

550 3392 651 3443 que
682 3378 807 3428 Not.
845 3378 981 3430 Item
1005 3391 1204 3448 postea,
1222 3396 1309 3433 ιιι.
1337 3382 1442 3434 od.
1462 3388 1506 3434 1.
1529 3386 1612 3436 33.

551 3453 624 3504 Et
648 3469 740 3506 111.
762 3454 870 3508 Od.
894 3460 975 3508 24.
994 3461 1040 3507 8.

615 3531 787 3598 Baiis]
821 3533 969 3583 Baiae
1004 3535 1192 3586 civitas
1230 3539 1553 3603 Campania»,
1587 3552 1619 3591 a

548 3608 682 3659 Baio
703 3609 907 3674 Ulyssis
940 3613 1084 3662 socio
1115 3612 1189 3663 ibi
1225 3616 1433 3680 sepulto
1455 3618 1618 3668 uomi-

549 3694 675 3736 nata
686 3705 704 3748 ς
737 3687 843 3737 sita
863 3688 1118 3739 Puteolos
1156 3691 1295 3741 inter
1330 3699 1387 3743 et
1410 3694 1620 3752 Cumas,

550 3763 606 3813 iu
640 3777 704 3813 eo
737 3764 851 3814 sinu
879 3766 969 3831 qui
1001 3781 1139 3817 nunc
1174 3767 1368 3821 dicitur
1394 3770 1621 3832 Golfodi

550 3840 803 3904 Pozzuolo,
857 3849 914 3893 et
961 3845 1014 3893 di
1069 3846 1277 3910 Napoli:
1327 3848 1621 3900 calentibus

553 3918 702 3982 aquis
740 3918 806 3968 ad
858 3919 1135 3970 sanitatem
1184 3923 1335 3973 valde
1385 3923 1620 3986 utilibus,

555 3996 673 4044 coeli
714 3996 987 4060 temperie,
1022 4012 1222 4049 amoeno
1261 4015 1488 4062 secessu,
1521 4004 1621 4054 Ro·

553 4087 822 4143 manorum
844 4073 1129 4125 Procerum
1144 4077 1334 4129 nitidas
1355 4079 1460 4131 illic
1479 4083 1621 4132 aedes

553 4149 851 4200 habentium
895 4150 1193 4215 frequentia
1238 4168 1490 4220 perquam
1543 4157 1621 4207 fe-

554 4228 659 4280 lix:
697 4234 755 4279 ut
784 4228 941 4279 etiam
978 4229 1195 4281 vitanda
1229 4232 1376 4282 velut
1412 4235 1619 4286 occasio

554 4303 775 4355 luxuriae
818 4297 1024 4358 dicatur
1061 4321 1092 4357 a
1130 4307 1329 4387 Seneca
1358 4309 1426 4360 ad
1450 4311 1618 4363 Lucil.

1687 1834 1856 1899 Epist.
1889 1847 1983 1885 ur.
2039 1834 2054 1862 ‘
2074 1830 2432 1897 Illic‚'inquit‚
2472 1828 2489 1858 ‘
2510 1836 2752 1894 tauquam

1687 1911 1804 1961 loco
1826 1908 2082 1960 debeatur
2115 1907 2344 1964 licentia,
2365 1905 2532 1970 magis
2552 1901 2754 1954 luxuria

1690 1988 1926 2039 solvitur.
1983 1987 2104 2038 Nou
2144 1992 2351 2036 tantum
2392 1981 2624 2046 corpori,
2664 1978 2752 2030 sed

1691 2066 1850 2116 etiam
1885 2064 2115 2115 moribus
2161 2062 2420 2116 salubrem
2460 2063 2633 2111 locum
2668 2058 2754 2110 eli-

1692 2156 1814 2208 gere
1834 2140 2113 2193 debemus?

1759 2224 1823 2271 28
1860 2219 2023 2277 Quia?
2054 2220 2175 2284 quod
2196 2233 2342 2283 usque
2370 2217 2632 2281 proxumos,
2652 2212 2754 2281 ξω]

1692 2299 1994 2353 Quinetiam
2015 2297 2269 2360 sacrilega
2305 2296 2509 2346 ratione
2538 2308 2650 2344 rem
2674 2308 2756 2343 au·

1694 2392 1816 2442 gere
1835 2390 1934 2426 nou
1953 2375 2175 2441 ver-erin
2195 2383 2304 2425 tum
2325 2373 2634 2434 vicinorum,
2651 2375 2755 2420 tum

1694 2455 1851 2504 etiam
1874 2452 2144 2505 clientium
2161 2451 2409 2503 terminos
2428 2448 2758 2500 removendo.

1695 2531 1814 2582 Duo
1828 2539 1950 2581 snut
1969 2532 2142 2596 itaque
2157 2528 2375 2588 delicta,
2392 2527 2620 2577 alterum
2639 2538 2756 2576 cou-

1696 2615 1781 2659 tra
1801 2605 1958 2658 fidem
1975 2606 2252 2658 clientibus
2269 2604 2522 2665 debitam,
2539 2604 2756 2654 alterum

1696 2674 2115 2749 contrajustitioe
2137 2689 2193 2734 et
2216 2681 2482 2745 religionis
2501 2681 2760 2730 virtutem.

1695 2760 1852 2815 Quod
1903 2760 1969 2811 ad
2024 2761 2245 2826 primum
2289 2758 2509 2810 attinetz
2561 2758 2759 2808 illatam

1691 2838 1879 2890 ’clienti
1899 2838 2144 2903 injuriam
2164 2851 2229 2888 eo
2249 2841 2459 2887 constat
2472 2836 2760 2900 graviorem

1696 2930 1834 2980 esse,
1852 2916 1991 2982 quod
2015 2923 2134 2982 post
2171 2924 2415 2981 parentes
2455 2921 2513 2963 et
2536 2912 2759 2978 pupillos

1693 2993 1816 3045 fidei
1832 2996 2115 3060 tuteloeque
2125 3000 2320 3044 nostrae
2332 2990 2583 3054 creditos,
2596 2990 2764 3055 proxi·

1696 3086 1838 3127 mum
1874 3073 2149 3124 obtineant
2187 3072 2358 3123 locum
2395 3069 2644 3131 clientes,
2679 3066 2762 3133 qui

1692 3163 1811 3200 sese
1834 3148 2032 3215 pariter
2053 3149 2107 3199 in
2127 3147 2285 3198 fidem
2312 3146 2762 3212 patrociniumque

1696 3233 1933 3278 nostrum
1968 3226 2263 3288 dederunt3
2310 3232 2368 3275 ut
2408 3225 2600 3275 asserit
2640 3224 2763 3275 Gel-

1695 3305 1795 3357 lius
1821 3319 1875 3355 v.
1898 3309 1978 3355 13.
2010 3311 2067 3356 et
2100 3305 2210 3355 Lex
2232 3316 2337 3361 xn,
2357 3301 2487 3352 Tab.
2512 3301 2626 3351 baec
2649 3306 2762 3350 est:

1696 3384 1711 3412 ‘
1734 3383 1792 3432 Si
1812 3382 1993 3433 clienti
2016 3386 2267 3447 patronus
2294 3378 2535 3430 fraudem
2556 3377 2764 3440 fecerit,

1697 3474 1849 3511 sacer
1872 3456 2025 3510 esto!

1762 3541 1829 3589 24
1862 3535 2076 3587 Reveuie
2093 3536 2204 3599 agn·
2220 3533 2468 3596 terminos]
2492 3532 2614 3584 Hoc
2637 3533 2760 3582 alte·

1697 3629 1813 3664 rum
1826 3621 1906 3664 est
1923 3613 2133 3678 peccati
2150 3627 2313 3676 genus
2328 3611 2641 3674 sacrilegum
2657 3609 2764 3675 qni·

1700 3692 1840 3758 dem,
1874 3704 1939 3740 ex
1977 3691 2079 3740 ista
2116 3689 2303 3739 Numae
2333 3687 2581 3750 Pompilii
2609 3687 2765 3750 Lege,

1701 3782 1818 3833 quoe
1841 3766 2086 3832 jubebat,
2115 3772 2177 3816 ut
2215 3765 2303 3830 qui
2335 3764 2615 3815 terminum
2649 3777 2758 3814 exa·

1700 3850 1892 3908 rasset,
1929 3844 2041 3909 ipse
2075 3850 2132 3893 et
2168 3841 2328 3893 boves
2362 3842 2483 3891 Deo
2514 3841 2654 3890 sacri
2676 3838 2764 3891 fie-

1699 3929 1838 3971 rent.
1892 3919 2091 3971 Eodem
2118 3919 2369 3983 pertinet,
2401 3916 2539 3982 quod
2571 3916 2762 3966 Termi·

1700 4011 1824 4048 num
1867 3998 2039 4048 Deum
2085 4001 2454 4047 consecrarant
2498 3993 2761 4044 colebant-

1702 4095 1801 4146 que
1835 4087 2062 4137 veteres.
2129 4078 2432 4128 Translator
2469 4074 2629 4124 etiam
2663 4080 2758 4122 ter-

1700 4156 1958 4207 minorum
1976 4155 2247 4205 damnatus
2270 4152 2412 4215 Lege
2436 4150 2631 4200 Divina
2651 4162 2758 4198 nos·

1701 4234 1856 4284 citur.
1915 4231 2205 4282 Deuteron.
2228 4241 2347 4291 cap.
2369 4239 2496 4278 xrx.
2519 4230 2602 4282 14.
2633 4224 2756 4276 Pro·

1702 4311 1850 4363 verb.
1873 4324 1991 4375 esp.
2012 4320 2156 4361 xxn.
2177 4310 2260 4359 28.
2280 4308 2382 4360 διο.
