3059 4909
1274 437 1346 494 Q.
1396 433 1718 482 HORA‘rn
1770 431 2036 481 FLAoct

802 656 807 659 ,
908 581 1276 646 Risisscnt:
1324 580 1466 643 sore
1496 583 1668 644 enim
1702 583 1912 643 tutum
1940 580 2066 641 iter
2096 582 2163 642 ct
2192 584 2453 661 patenS,

1167 683 1509 747 Converso
1541 685 1609 748 in
1642 681 1930 766 pretium
1962 678 2134 743 Dco.

908 784 1163 850 Aurum
1197 806 1317 868 per
1343 784 1603 849 medios
1636 786 1727 849 ire
1758 781 2093 858 satellites,

908 888 998 953 Et
1022 907 1436 973 perrumpere
1464 893 1649 951 amat
1677 905 1871 963 saxa,
1895 885 2236 970 potentius

910 989 1062 1054 Ictu
1091 989 1409 1053 fulmineo
1436 1009 1451 1052 ε
1497 988 1793 1053 concidit
1819 985 2090 1068 auguris

1161 1089 1392 1173 Argivi
1423 1090 1682 1168 domuS,
1705 1090 1792 1154 ob
1822 1089 2080 1154 lucrum

905 1195 1227 1259 Demersa
1254 1195 1502 1257 exitio:
1549 1192 1782 1257 diffidit
1810 1192 2070 1256 urbium

2672 884 2752 946 10

555 1385 798 1435 Acrisium
817 1386 1011 1435 inclusa
1025 1387 1192 1448 pueuoe
1213 1385 1531 1434 meticulosum
1551 1385 1893 1433 observatorem
1907 1399 1923 1432 .-
1945 1384 2111 1446 quippe
2132 1381 2381 1438 viamfore
2399 1394 2614 1429 mmm
2635 1391 2761 1439 uper·

555 1455 744 1512 tamque
766 1450 948 1499 numini
966 1450 1020 1500 in
1049 1464 1219 1499 aurum
1247 1454 1444 1498 mutato.
1511 1448 1699 1499 Aurum
1727 1450 1908 1509 gaudet
1934 1451 2188 1510 pervadere
2224 1446 2401 1496 medias
2437 1447 2671 1508 custodes,
2707 1458 2758 1490 uc

554 1527 694 1577 rupes
706 1514 955 1579 frangere,
971 1514 1261 1572 visulminis
1281 1514 1502 1563 validius.
1580 1513 1717 1564 Vatis
1739 1512 1960 1575 Argolici
1968 1512 2168 1572 familia
2187 1511 2376 1561 interiit
2396 1515 2593 1574 propter
2614 1522 2756 1573 quoes-

1482 1651 1847 1672 OOOOOOOOOOOO

555 1741 716 1804 sisset,
738 1741 858 1806 qnia
879 1742 949 1791 sit
982 1741 1148 1804 majus
1188 1739 1570 1799 Horatiauum;
1611 1739 1712 1788 vid.
1735 1753 1774 1788 1.
1813 1738 1919 1788 od.
1944 1742 2025 1788 24.
2051 1743 2099 1788 8.
2137 1738 2229 1788 sed
2264 1736 2389 1786 nihil
2424 1736 2524 1784 hac
2566 1737 2677 1784 sola
2698 1735 2761 1784 de

557 1820 716 1855 cansa
735 1805 1034 1856 mutandum
1059 1811 1209 1868 putat
1229 1805 1502 1856 sant—1⁰
1538 1804 1755 1853 Mentel.
1781 1805 1853 1853 Et
1870 1818 2202 1868 prerumpere.
2258 1803 2276 1830 ‘
2296 1802 2438 1852 Male
2464 1809 2587 1864 post
2604 1806 2761 1863 pom-

560 1871 655 1919 tius
679 1871 969 1934 distinguit,
992 1877 1046 1920 et
1070 1870 1419 1930 Ictusulmineo
1441 1868 1505 1917 ad
1533 1883 1679 1933 seqq.
1706 1869 1866 1917 trahit
1888 1868 2062 1933 Crnq.’
2095 1869 2358 1918 Just—11
2401 1868 2529 1915 Exc.
2549 1866 2671 1915 Sux.
2692 1880 2759 1913 or·

558 1933 679 1983 cidit
720 1950 814 1999 pro
854 1935 1208 1986 concidit—13
1245 1935 1469 1983 Dimersu
1502 1933 1643 1998 Lips.
1665 1937 1713 1984 2.
1748 1934 1937 1983 excidio
1957 1933 2165 1998 quidam
2189 1935 2336 1982 Torr.
2358 1940 2414 1981 et
2437 1930 2617 1980 Lamb.
2644 1930 2756 1978 Πᾶν.

1554 2063 1764 2112 NOTAE

623 2166 656 2210 9
670 2162 858 2211 Aurum
877 2176 961 2224 per
977 2161 1149 2210 medios
1165 2161 1238 2211 ire
1253 2160 1498 2223 satellites,
1515 2159 1621 2223 ξα]

562 2236 746 2301 Χρυσδς
789 2236 968 2298 ἀνοίγει
1008 2232 1201 2300 πάν-να,ν
1229 2235 1394 2286 κᾶΐὸου
1449 2235 1620 2287 πύλας.

558 2314 744 2362 Aurum
777 2314 932 2377 aperit
966 2314 1143 2377 omnia,
1180 2314 1324 2363 etiam
1357 2313 1625 2374 Inferet-um

551 2395 744 2453 parnas.-
768 2389 923 2453 Apul.
939 2389 1031 2440 lib.
1045 2403 1124 2439 tx.
1157 2388 1298 2439 Auro
1317 2388 1483 2439 solent
1501 2389 1623 2438 ada·

557 2466 808 2515 mantinae
833 2467 992 2515 etiam
1017 2464 1267 2530 perfringi
1291 2466 1448 2516 fores.
1499 2467 1623 2517 Huc
1661 2523 1668 2528 ‚

554 2541 685 2592 facit
709 2542 994 2606 epithetum
1013 2544 1306 2608 εὐρυσθενὴς,
1319 2543 1501 2593 viribus
1530 2546 1627 2593 late

550 2624 731 2681 poem,
767 2619 906 2683 quod
932 2619 1144 2670 Plutoni
1181 2621 1442 2669 tribuitur.
1510 2620 1623 2671 Ho-

555 2709 685 2745 mer.
714 2695 905 2761 Odyss.
928 2704 986 2746 N.
1045 2697 1260 2747 Pindar.
1279 2698 1438 2762 Pyth.

560 2798 565 2803 ·
624 2774 683 2821 11
723 2772 946 2821 Concidit
978 2771 1198 2833 Auguris
1224 2771 1405 2835 Argivi
1438 2776 1621 2836 domus,

556 2848 664 2911 alfa]
702 2849 957 2898 Adrastus
979 2849 1296 2912 Argivorum
1326 2852 1436 2899 Rex
1460 2849 1621 2914 Poly·

416 2920 459 2945 “”
551 2925 659 2974 nici
704 2939 896 2989 genero
938 2940 1030 2974 sno
1068 2926 1360 2976 Thebarum
1401 2941 1616 2990 regnum

554 3015 786 3051 asserere
828 3002 981 3051 armis
1024 2995 1279 3066 snsc'epit:
1320 3004 1385 3052 ad
1426 3004 1617 3053 bellum

553 3085 729 3125 autem
774 3079 978 3126 trahere
1037 3079 1199 3126 voluit
1245 3077 1616 3140 Amphiaraum

551 3160 744 3200 vatem.
815 3152 941 3215 Hic,
990 3153 1214 3214 auguriis
1269 3154 1373 3202 suis
1429 3153 1617 3204 doctus

553 3228 689 3276 male
713 3240 972 3277 cessuram
1005 3229 1057 3276 in
1093 3229 1368 3278 Thebanos
1403 3231 1616 3293 expedi·

549 3304 763 3366 tionem,
798 3308 1040 3356 avertere
1074 3308 1213 3356 illam
1245 3306 1439 3357 frustra
1460 3322 1614 3357 cona-

551 3388 632 3430 tus
666 3390 781 3444 est;
826 3385 938 3448 ipse
983 3398 1105 3433 vero
1147 3383 1303 3448 fugit,
1343 3393 1400 3433 et
1439 3386 1613 3446 latuit,

550 3473 651 3508 uua
673 3460 878 3509 conscia
901 3460 1152 3524 Eriphyle
1168 3474 1329 3509 uxore
1347 3475 1454 3511 sua.
1481 3461 1612 3511 Cum

548 3549 672 3607 ergo
687 3542 1028 3599 quaereretnr,
1044 3537 1272 3587 latebras
1291 3538 1375 3585 illa
1393 3538 1611 3600 detexit,

550 3618 708 3675 pacta
732 3613 921 3662 monile
942 3627 1149 3661 aureum
1175 3613 1273 3663 sibi
1296 3613 1522 3663 dandum
1545 3615 1610 3664 ab

549 3687 714 3752 Argia
737 3703 898 3738 uxore
921 3690 1208 3752 Polynicis,
1230 3688 1440 3739 Adrasti
1469 3687 1609 3750 filia3

549 3766 687 3829 quod
728 3766 848 3816 olim
888 3780 1082 3815 summa
1108 3771 1221 3815 arte
1245 3766 1512 3816 Vulcanus
1528 3766 1607 3815 fa-

549 3841 776 3890 bricarat
792 3843 1107 3906 gemmisque
1123 3848 1418 3891 exornarat.
1444 3843 1608 3891 'Prac-

548 3923 630 3964 tns
655 3917 828 3980 itaque
853 3923 936 3966 cst
968 3917 1315 3981 Amphiaraus
1335 3917 1400 3966 ad
1422 3917 1475 3967 id
1501 3918 1608 3967 bel-

546 3991 669 4052 lumf,
713 3991 928 4041 exitium
970 3992 1023 4041 in
1054 4007 1116 4042 co
1150 3993 1245 4042 sibi
1282 3995 1491 4058 suisque
1511 3994 1605 4044 im·

546 4067 778 4128 pendere
823 4080 925 4114 non
978 4068 1201 4130 ignarus.
1263 4069 1432 4118 Porro
1489 4084 1605 4119 cum

544 4141 813 4191 didicisset
848 4156 905 4192 sc
946 4142 1011 4193 ab
1044 4144 1296 4207 Eriphyle
1326 4146 1608 4210 proditum,

543 4216 653 4266 filio
677 4216 962 4268 Alcmaeoni
999 4227 1058 4269 ut
1092 4228 1312 4270 matrem
1345 4220 1606 4271 interlice-

545 4299 628 4341 ret
650 4292 931 4343 mandavit.
998 4294 1154 4346 Quod
1176 4310 1294 4345 cum
1330 4297 1605 4361 praestitis·

1705 2169 1806 2223 set,
1831 2162 1999 2211 Furiis
2022 2162 2250 2226 agitatus
2276 2160 2451 2225 periit.
2519 2158 2761 2222 Amphia-

1706 2253 1822 2287 raus
1845 2239 1896 2286 in
1922 2240 2085 2302 primo
2110 2239 2232 2288 belli
2255 2236 2491 2286 Thebani
2518 2234 2763 2284 conflictu

1704 2313 2002 2364 dehiscente
2023 2322 2163 2365 terra
2178 2327 2299 2364 'cum
2318 2328 2410 2363 suo
2425 2328 2585 2362 curru
2604 2321 2660 2361 et
2683 2327 2765 2361 an-

1705 2391 1820 2453 riga
1840 2391 2115 2456 absorptus
2132 2399 2211 2441 cst
2233 2408 2245 2440 ε
2274 2389 2649 2455 Amphilochus
2672 2388 2764 2437 eti·

1706 2481 1786 2516 am
1822 2468 1955 2517 alter
1998 2468 2111 2533 ejus
2150 2466 2285 2516 filins
2321 2467 2370 2515 in
2407 2466 2520 2515 acic
2555 2465 2763 2514 cecidit.

1702 2543 1786 2592 Sic
1824 2552 1934 2593 tota
1977 2543 2273 2593 ‘concidit’
2309 2542 2419 2604 ejus
2461 2542 2678 2591 ‘domus
2700 2542 2762 2591 ob

1701 2620 1898 2671 lucrum
1923 2620 2162 2669 demersa
2183 2618 2387 2669 excidio
2405 2617 2439 2678 ς’
2477 2619 2580 2675 vel,
2616 2625 2675 2667 nt
2697 2619 2764 2665 le-

1700 2707 1827 2761 gunt
1844 2699 1979 2761 alii‚‘
1992 2698 2185 2747 exitio)
2210 2697 2345 2746 Vide
2360 2695 2671 2747 Stat.Theb.
2689 2709 2764 2745 vr.

1701 2774 1812 2824 Cic.
1827 2774 1998 2838 Epist.
2014 2788 2093 2823 vr.
2111 2780 2161 2823 6.
2181 2773 2244 2822 ad
2264 2773 2527 2824 Caecinam
2543 2773 2622 2822 ita
2642 2774 2763 2821 scri-

1699 2851 1807 2899 bit:
1841 2854 1857 2880 ‘
1890 2851 2092 2900 Veritus
2138 2865 2250 2899 sum
2293 2850 2476 2898 deesse
2521 2847 2764 2913 Pompeii

1700 2928 1875 2984 saluti,
1914 2942 2030 2976 cnm
2067 2927 2155 2976 ille
2191 2925 2468 2990 aliquando
2491 2940 2593 2975 non
2616 2924 2761 2975 defn-

1699 3003 1823 3052 isset
1840 3016 1989 3052 meae.
2056 3003 2242 3066 Itaque
2267 3004 2349 3053 vel
2374 3000 2563 3062 officio,
2580 3003 2666 3050 vel
2687 3001 2762 3050 fa-

1698 3093 1783 3127 ma
1827 3079 2093 3136 bonorum,
2136 3079 2216 3127 vel
2260 3079 2460 3142 pudore
2490 3079 2682 3136 victus,
2705 3084 2762 3126 ut

1697 3156 1748 3205 in
1788 3154 1974 3204 fabulis
2014 3155 2379 3219 Amphiaraus,
2412 3155 2488 3204 sic
2517 3169 2620 3218 ego
2645 3169 2762 3218 pru-
2811 3210 2815 3215 ,

1694 3233 1824 3281 dens
1848 3241 1903 3282 ct
1927 3233 2186 3282 sciensad
2210 3237 2407 3296 pestem
2437 3237 2563 3285 ante
2584 3233 2761 3283 oculos

1695 3307 1916 3369 positam
1954 3323 2063 3358 sum
2096 3306 2403 3371 profectus?
2466 3308 2535 3356 Et
2562 3306 2687 3359 Act.
2710 3308 2759 3356 iu

1692 3384 1911 3435 Verrem
1952 3398 2031 3434 vr.
2052 3399 2102 3434 n.
2121 3388 2203 3433 89.
2235 3386 2251 3410 ⁸
2273 3385 2579 3447 Eriphylam
2614 3398 2760 3434 aece-

1692 3460 1860 3522 pimus
1899 3461 1953 3511 iu
1995 3459 2205 3522 fabulis,
2244 3474 2308 3508 ca
2352 3460 2666 3523 cupiditate,
2703 3467 2759 3510 ut

1691 3551 1810 3586 enm
1858 3536 2075 3586 vidisset
2107 3535 2294 3585 monile
2328 3535 2415 3599 (nt
2451 3536 2662 3599 opinor)
2692 3551 2756 3586 ex

1693 3626 1817 3661 auro
1861 3619 1917 3661 et
1954 3610 2186 3674 gemmis,
2222 3610 2610 3673 pulchritudine
2645 3611 2754 3675 eJus

1690 3688 1904 3737 incensa
1941 3689 2161 3738 salutem
2200 3687 2298 3736 viri
2334 3687 2623 3749 proderet!
2688 3689 2755 3736 Et

1690 3765 1757 3814 dc
1799 3765 2006 3815 Invent.
2048 3778 2086 3814 ι.
2124 3779 2176 3814 n.
2202 3768 2283 3814 94.
2316 3765 2332 3793 ⁸
2357 3764 2609 3828 Eriphyle
2633 3779 2754 3815 auro

1691 3840 1788 3893 viri
1838 3842 1994 3890 vitam
2042 3837 2315 3890 vendidit!
2377 3840 2509 3902 Ejus
2548 3855 2754 3905 quoqne

1687 3914 1923 3967 meminit
1965 3917 2125 3966 Plato
2160 3915 2227 3964 de
2254 3915 2481 3979 Republ.
2508 3928 2591 3965 rx.
2618 3915 2752 3980 quod

1686 3992 1739 4043 in
1764 3993 2043 4055 perniciem
2067 3991 2385 4045 virimouile
2420 4004 2633 4040 aureum
2667 4005 2749 4040 ac-

1688 4068 1905 4132 ceperit.
1957 4068 2145 4132 Virgil.
2172 4065 2283 4116 ΑΕΒ.
2309 4081 2387 4117 vr.
2407 4069 2526 4117 445.
2559 4068 2750 4119 {Mes-

1688 4151 1897 4208 tumque
1923 4144 2204 4208 Eriphylen
2222 4143 2461 4193 Crudelis
2480 4143 2591 4192 nati
2613 4158 2749 4193 mon·

1686 4231 1942 4273 strantcm
1964 4223 2180 4272 vulnera
2201 4219 2413 4272 cernit.’

1752 4302 1814 4348 13
1850 4297 2047 4364 Dfflit
2078 4297 2263 4348 urbiam
2284 4297 2464 4348 Portas
2493 4296 2569 4346 vir
2590 4297 2746 4347 Mace·
