3059 4909
529 388 658 454 408
694 415 702 424 ·

1260 410 1327 470 Q.
1376 408 1690 457 noua‘rn
1744 408 2006 457 resecr

874 551 1017 616 Sub
1048 570 1196 635 rege
1229 550 1458 622 Medo,
1487 551 1755 616 Marsus
1785 557 1853 617 et
1883 551 2177 634 ApuluS,

876 653 1285 721 Anciliorum
1318 663 1390 720 et
1415 655 1703 721 nominis
1734 662 1800 721 et
1829 662 2003 737 togae

2645 657 2724 721 10

967 756 1256 837 oblitust,
1288 764 1696 843 aeternaeque
1726 757 1995 836 Vestae,

1053 861 1382 926 Incolumi
1411 860 1590 927 Jove
1621 870 1692 926 et
1719 862 1878 925 urbe
1901 859 2125 924 Roma
2142 861 2173 923 ‘l

878 966 1035 1030 Hoc
1066 972 1339 1030 caverat
1366 982 1552 1029 mens
1581 963 1869 1049 provida
1902 961 2170 1044 Reguli,

878 1067 1355 1135 Dissentientis
1385 1066 1887 1134 conditionibus
1939 1071 1947 1078 '

536 1255 631 1313 nis,
654 1259 885 1318 togoeque,
924 1262 971 1306 et
994 1256 1212 1319 perennis
1255 1254 1406 1304 Vesta.»
1438 1254 1698 1314 immemor,
1724 1257 1882 1300 stante
1901 1251 2024 1299 Jove
2056 1254 2106 1299 et
2141 1248 2340 1299 civitate
2373 1244 2626 1298 Romana?
2682 1247 2725 1293 Ο

535 1317 754 1383 Senatus,
776 1327 824 1370 et
844 1321 1056 1385 corr-ami
1085 1318 1273 1372 nores!
1316 1319 1492 1380 Reguli
1526 1317 1733 1379 prudens
1752 1317 1936 1366 quinas
1956 1314 2009 1364 id
2026 1319 2356 1378 presenserat,
2376 1328 2483 1362 cum
2512 1313 2724 1374 refraga-

1440 1460 1468 1480 Ο
1476 1459 1813 1483 ceneto-oue

535 1563 609 1613 N.
633 1562 815 1611 Heius.
840 1578 928 1626 ap.
950 1564 1127 1613 Bentl.
1152 1570 1206 1612 et
1231 1577 1404 1626 recep.
1428 1563 1606 1611 Bentl.
1630 1561 1760 1613 Cun.
1796 1560 1919 1610 San.
1956 1560 2117 1611 Gesn.
2186 1559 2255 1609 Et
2284 1560 2399 1625 jam
2440 1558 2518 1609 sic
2552 1558 2660 1609 Ait.
2686 1562 2732 1608 l.

535 1628 588 1676 H
594 1627 693 1676 aiud
715 1627 871 1677 dubie

973 1627 1072 1678 nod
1111 1636 1165 1678 et
1204 1628 1380 1677 Bentl.
1404 1625 1576 1691 videt)
1611 1628 1781 1690 prisca
1802 1626 1963 1675 lectio
1982 1633 2090 1687 est,
2113 1640 2229 1691 qnae
2271 1633 2395 1675 ante
2417 1626 2597 1675 oculos
2633 1623 2730 1674 fuit

534 1691 849 1742 Sclioliastis.
907 1628 1052 1744 (gam
1077 1693 1274 1756 Porph.
1308 1693 1324 1720 ⁴
1342 1692 1480 1757 apud
1508 1692 1731 1741 Parthos
1755 1689 2050 1753 resedisse,’
2087 1698 2143 1740 et
2166 1688 2290 1740 Aer.
2309 1692 2325 1718 ‘
2344 1690 2487 1741 velut
2507 1689 2731 1754 propriis

536 1759 587 1806 in
609 1756 819 1807 sedibus
842 1772 1045 1808 omnem
1068 1764 1279 1808 aetatem
1305 1757 1561 1820 agerent!
1626 1756 1743 1806 Nec
1766 1758 2035 1821 quisquam
2058 1754 2237 1817 docet,
2259 1754 2519 1819 quomodo
2554 1769 2730 1805 conse-

533 1821 744 1872 nuerint
766 1823 818 1872 in
854 1823 874 1852 ‘
897 1823 1053 1872 armis
1076 1837 1371 1874 socerorum
1390 1827 1421 1882 ς’
1454 1830 1509 1872 at
1533 1822 1585 1870 in
1606 1822 1755 1882 oreis,
1769 1822 2018 1883 optimum
2036 1835 2246 1870 sensum
2271 1821 2491 1883 praebet.
2552 1820 2728 1870 Facile

532 1885 656 1935 inde
676 1886 874 1939 factum
896 1888 1076 1947 eumin
1109 1902 1226 1937 cum
1249 1894 1304 1938 et
1328 1888 1683 1951 proecessisset
1706 1885 1875 1936 miles?
1907 1885 2149 1937 Jaui.—o
2180 1885 2318 1936 Edd.
2348 1884 2484 1943 fere,
2502 1885 2729 1950 Appulus.

533 1951 669 2000 Vide
690 1953 814 2003 Var.
841 1953 1010 2002 Lectt.
1033 1951 1098 2001 ad
1125 1952 1228 2002 od.
1255 1966 1334 2002 ιν.
1360 1968 1435 2001 vs.
1454 1956 1639 2002 9.-1o
1670 1951 1978 2002 Auxiliorum
1996 1949 2289 2000 Helmstad.
2311 1964 2342 2000 a
2362 1965 2433 2000 m.
2457 1965 2538 2014 pr.
2584 1950 2730 2000 Anci-

537 2017 705 2065 liorum
726 2016 948 2075 nominis,
969 2018 1156 2068 omisso
1179 2023 1246 2078 et,
1283 2018 1433 2066 Harl.
1452 2022 1501 2066 2.
1522 2020 1574 2066 4.
1592 2022 1640 2065 5.
1663 2021 1713 2067 6.
1750 2017 1893 2080 Lips.
1922 2020 1965 2065 1.
1980 2027 1983 2030 ‘
2001 2030 2031 2064 a
2055 2030 2121 2065 m.
2139 2030 2226 2079 pr.
2255 2016 2397 2080 Lips.
2422 2019 2470 2063 4.
2506 2014 2728 2064 Mentel.

535 2082 752 2146 Franeq.
776 2082 1049 2131 Pulmanui
1072 2082 1346 2133 Gemblac.
1372 2086 1418 2131 1.
1454 2096 1586 2131 unus
1612 2081 1934 2142 Bersmanni‚
1956 2081 2146 2130 Venet.
2170 2084 2314 2130 159⁰.
2350 2080 2529 2130 Basili.
2549 2080 2731 2156 Steplg.

534 2146 689 2196 Fabr.
727 2147 912 2196 Heius.
948 2146 1077 2197 Fab.
1118 2149 1313 2197 Dacer.
1347 2147 1529 2197 Burm.
1565 2153 1621 2196 et
1658 2146 1834 2198 Joues.

1914 2149 1929 2174 ‘
1958 2146 2061 2196 Sed
2102 2146 2400 2196 Anatiliorum
2441 2150 2491 2195 et
2527 2146 2730 2194 nomana

1530 2249 1746 2326 Nove

532 2372 667 2436 turpi
702 2372 874 2424 caedel
915 2387 947 2423 o
980 2388 1151 2425 mores
1192 2372 1427 2436 corrupti
1460 2371 1590 2422 mili·

532 2455 641 2497 tum
662 2448 1067 2507 Crassiauorum,
1096 2450 1182 2515 qui
1215 2458 1398 2499 contra
1429 2448 1590 2498 uomi-

532 2525 612 2573 nis
636 2524 854 2576 Romani
886 2527 1132 2577 honorem
1171 2525 1400 2575 serviant
1432 2523 1590 2574 hosti-

531 2601 660 2652 bus‘:
690 2600 857 2653 Orodi
881 2602 1187 2653 Parthorum
1210 2602 1335 2666 Regi
1361 2601 1512 2651 fidem
1536 2608 1592 2651 et

532 2684 912 2728 sacramentum
957 2688 1205 2743 proestnre
1241 2693 1344 2729 uon
1379 2678 1594 2728 erubes-

530 2760 651 2802 cant
674 2754 880 2804 Marsus
898 2763 952 2806 et
971 2754 1192 2820 Apulus,
1211 2756 1394 2820 optimi
1417 2755 1590 2806 Italiae

534 2829 832 2888 bellatores,
854 2838 911 2881 ut
930 2832 1054 2882 alibi
1065 2833 1176 2897 jam
1199 2833 1460 2882 annotavi.

586 2905 883 2956 Ancilioraar
896 2914 946 2956 et
958 2909 1162 2957 nominis
1174 2913 1220 2958 et
1235 2913 1361 2970 togoe
1378 2908 1590 2963 Oblitus,

530 2982 638 3044 qu]
673 2983 993 3046 Dignitatem
1019 2986 1236 3034 nominis
1263 2986 1497 3045 Romani,
1514 3000 1592 3034 sa·

530 3071 635 3119 cra,
647 3066 701 3107 et
718 3059 1013 3122 religionem
1025 3061 1437 3124 pessumdantes.
1458 3070 1471 3090 ·
1489 3060 1591 3111 An·

530 3133 678 3182 cilia'
716 3142 868 3184 scuta
900 3144 1052 3187 erant
1087 3137 1261 3187 brevia
1288 3138 1590 3198 duodecim,

529 3208 546 3235 ‘
571 3207 715 3258 dicta
748 3211 815 3259 ab
849 3211 1047 3269 ancisu,
1080 3213 1217 3277 qnod
1255 3229 1318 3262 ea
1351 3228 1492 3263 arma
1524 3215 1591 3264 ab

529 3294 750 3353 utraque
773 3296 944 3352 parte,
966 3298 1022 3339 ut
1047 3293 1203 3354 peltae
1218 3292 1496 3354 Thracum,
1515 3293 1593 3341 in-

528 3363 671 3427 cisa,’
707 3379 773 3414 ex
807 3367 1041 3417 Varrone
1076 3381 1150 3417 vr.
1189 3368 1255 3418 de
1288 3369 1437 3433 Liug.
1475 3371 1592 3419 Lat.

526 3440 726 3490 Horum
752 3456 909 3491 unnim
932 3443 1061 3492 coelo
1094 3445 1334 3496 emissum
1371 3445 1443 3495 ibi
1473 3444 1588 3495 fore

526 3519 810 3583 Imperium
844 3522 1169 3584 spondebat=
1202 3524 1338 3588 quod
1376 3538 1443 3574 ne
1473 3525 1592 3589 dig·

526 3603 829 3646 nosceretur
860 3612 922 3648 ac
959 3599 1323 3663 surriperetur,
1345 3600 1587 3651 undecim

523 3672 577 3720 ei
611 3672 797 3722 similia
829 3665 1074 3724 fabricari
1110 3677 1282 3725 Numa
1309 3676 1486 3740 jussit,
1520 3677 1590 3724 si-

527 3749 736 3813 mulque
765 3750 937 3799 omnia
970 3751 1024 3799 in
1058 3750 1173 3800 aede
1209 3751 1402 3802 Martis
1435 3750 1589 3802 condi

525 3828 582 3872 et
601 3826 819 3875 servari.
851 3826 1070 3890 Dionys.
1097 3827 1271 3878 Halic.

594 3903 652 3949 11
689 3902 995 3964 AEtemoeqee
1035 3902 1214 3966 Veste]
1266 3903 1411 3967 Ignis
1448 3904 1587 3954 illius

528 3978 730 4038 aeterni,
753 3978 841 4041 qui
863 3978 914 4025 iu
936 3980 1115 4029 Vestae
1138 3982 1337 4044 templo
1359 3981 1590 4033 debebat

528 4067 559 4100 a
578 4052 880 4114 Virginibus
901 4055 1202 4106 Vestalibus
1232 4058 1507 4121 custodiri,
1530 4066 1590 4108 ut

524 4129 812 4191 Imperium
847 4131 1024 4181 Romoe
1059 4139 1227 4183 staret
1261 4143 1587 4198 perpetuum.

526 4204 741 4269 Dionys.
768 4206 940 4256 Halic.
965 4207 1134 4259 libai.
1178 4210 1291 4261 Cic.
1318 4226 1383 4262 ιι.
1400 4212 1465 4262 de
1490 4215 1588 4262 Le-

527 4280 710 4347 gibusx
764 4285 781 4312 ⁸
803 4283 1046 4348 Virgines
1090 4286 1333 4339 Vestales
1369 4289 1420 4339 in
1459 4290 1587 4341 urbe

1673 2371 2006 2422 custodiunto
2040 2372 2210 2437 ignem
2243 2370 2349 2421 foci
2383 2371 2583 2435 publici
2605 2385 2732 2422 sem-

1674 2448 1972 2511 piternum.’
2029 2447 2212 2511 Vir-gil.
2255 2447 2459 2498 AEneid.
2497 2462 2575 2499 ιν.
2621 2452 2733 2499 200.

1673 2527 1690 2555 ⁴
1714 2526 2026 2590 vigilemque
2045 2534 2344 2575 sacraverat
2364 2525 2541 2589 ignem
2566 2526 2732 2576 Excu-

1674 2600 1785 2652 bias
1810 2602 1999 2652 Divum
2023 2600 2282 2651 aeternas!

1741 2683 1802 2728 12
1837 2678 2066 2727 Ine-olan&
2087 2678 2214 2727 Jove
2243 2683 2291 2727 et
2323 2676 2438 2727 arbe
2459 2677 2648 2744 Βοωα]
2679 2676 2733 2727 Si

1671 2755 1878 2820 quidem
1924 2757 2086 2806 Roma
2125 2770 2225 2806 uon
2264 2754 2454 2806 fuisset
2493 2756 2734 2819 amplius,

1673 2831 1917 2896 culpandi
1954 2845 2079 2882 sane
2116 2846 2219 2881 uon
2262 2836 2438 2881 essent
2470 2832 2562 2896 qui
2594 2831 2734 2896 apud

1672 2916 1880 2958 exteros
1914 2906 2087 2957 sedem
2119 2916 2176 2958 et
2216 2906 2462 2960 familiam
2492 2906 2735 2972 figerent.

1673 2982 1746 3033 At
1786 2991 1960 3033 stante
1997 2984 2126 3033 urbe
2161 2991 2217 3033 et
2255 2983 2555 3047 Capitolino
2597 2985 2734 3037 Jove

1672 3061 1932 3110 Romanos
1956 3065 2284 3124 protegente,
2305 3059 2536 3109 barbaris
2549 3073 2736 3109 nomeu

1671 3145 1728 3188 et
1750 3152 1931 3187 manus
1953 3138 2103 3199 dare,
2124 3139 2222 3188 boc
2256 3144 2404 3188 certe
2428 3136 2734 3201 probrosum

1671 3216 1915 3266 Romanis
1938 3214 2205 3265 militibus.
2430 3245 2435 3250 -

1740 3298 1800 3344 18
1828 3295 1938 3343 Hoc
1958 3298 2148 3343 caverat
2169 3293 2506 3358 mensprooida
2528 3294 2733 3359 Reguli]

1673 3370 1794 3420 Hoc
1827 3369 2023 3435 grande
2060 3372 2250 3421 malum
2288 3370 2626 3435 praecavebat
2659 3372 2734 3420 Μ.

1669 3447 1888 3496 Attilius
1916 3447 2002 3496 ilie
2038 3447 2288 3510 Regulus,
2321 3449 2338 3477 ⁴
2357 3446 2509 3511 primi
2543 3446 2733 3498 Punici

1670 3521 1794 3571 belli
1816 3523 1983 3585 gioria
2003 3522 2280 3588 cladesque
2302 3521 2569 3584 maxima,’
2585 3528 2644 3571 ut
2660 3522 2735 3571 ait

1668 3598 1784 3648 Val.
1810 3599 1955 3649 Max.
1976 3612 2052 3652 tv.
2072 3602 2124 3649 4.
2154 3598 2360 3667 quando
2385 3598 2534 3648 reddi
2559 3613 2655 3662 pro
2674 3611 2730 3647 se

1670 3676 1907 3740 captivos
1930 3676 2414 3740 Carthaginensium
2437 3675 2627 3726 vetuit:
2669 3675 2731 3724 ti·

1671 3752 1848 3802 mebat
1883 3766 2070 3816 nempe
2105 3766 2171 3802 ne
2201 3766 2348 3817 spem
2383 3752 2507 3801 vitae
2543 3752 2729 3801 milites

1670 3828 1843 3892 ignavi
1867 3832 2123 3891 ponerent
2147 3827 2201 3877 in
2226 3827 2556 3892 captivitate,
2577 3827 2730 3878 adeo·

1671 3920 1773 3970 que
1807 3904 2069 3954 remissius
2092 3905 2144 3953 iu
2173 3905 2288 3954 acie
2316 3904 2647 3968 dimicarent,
2667 3918 2729 3955 ae

1668 3983 1852 4032 mortis
1884 3992 2023 4033 metu
2050 3981 2117 4032 ad
2150 3982 2350 4047 fugam,
2370 3981 2727 4048 abjiciendave

1669 4073 1813 4110 arma
1870 4060 2229 4112 incitarentur.
2313 4061 2500 4111 Noluit
2553 4062 2726 4126 itaque

1670 4136 2010 4201 perniciosum
2032 4136 2097 4186 de
2120 4150 2177 4185 se
2194 4136 2487 4200 exemplum
2509 4135 2728 4200 posteris

1669 4215 1909 4279 relinqui,
1931 4227 2031 4278 quo
2063 4213 2341 4278 disciplina
2373 4214 2626 4270 militaris,
2650 4215 2725 4278 ip·

1667 4305 1827 4358 saque
1851 4289 2071 4341 subinde
2094 4288 2413 4354 Respublica
2432 4290 2708 4355 deperiret.
