3059 4909
513 363 645 431 164

1220 379 1305 448 q.
1352 377 1678 428 nolimu
1728 378 1998 431 ruem

772 523 924 592 Vos
946 524 1208 611 Tempe
1236 526 1511 593 totidem
1542 525 1763 593 tollite
1789 526 2131 606 laudibnS,

770 628 1250 715 Natalemque‚
1278 649 1524 709 mareS,
1563 630 1784 696 Delon
1811 628 2180 716 ApolliniS,

2638 632 2721 698 10

861 732 1331 818 Insignemque
1362 731 1680 818 pharetra

948 835 1409 921 Fraternaque
1439 835 1778 902 humerum
1811 834 1978 921 lyra.

512 1001 662 1053 brosis
679 1004 983 1070 Erymanthi,
1004 1007 1079 1056 vel
1101 1006 1252 1069 Gragi
1271 1003 1550 1054 viridantis.
1591 1002 1706 1068 Vos,
1729 1017 1758 1050 ο
1778 1002 1996 1069 masculi,
2019 1008 2091 1054 tot
2113 1002 2334 1056 encomiis
2354 1000 2521 1067 efferte
2538 999 2723 1062 Tempe,

511 1073 561 1117 et
604 1069 776 1120 Delum
812 1071 981 1122 Plsoebi
1029 1071 1268 1122 natalibus
1301 1072 1562 1135 inelytmm
1594 1074 1648 1119 et
1682 1069 1921 1133 scapulam

1953 1069 2056 1131 qius
2092 1073 2371 1121 &ornatam
2408 1067 2643 1132 pharetra
2675 1068 2723 1114 et

1437 1197 1524 1218 OOC
1530 1194 1800 1216 OOOOOOO‘O

509 1281 722 1338 wakef.
746 1280 911 1336 Kidd.
930 1286 1132 1335 &c.-·9
1166 1244 1276 1335 Alt.
1300 1288 1349 1336 2.
1372 1285 1571 1335 totidem
1591 1283 1957 1334 mollita—10
1993 1279 2212 1331 Landin.
2234 1285 2411 1331 matres
2431 1293 2534 1346 pro
2550 1293 2723 1330 mares.

1512 1397 1728 1450 NOTAE

573 1500 609 1547 9
647 1495 742 1547 Vos
767 1496 937 1563 Tempe
959 1498 1173 1563 totidem,
1194 1498 1301 1562 ξω]
1351 1498 1460 1548 Vos
1485 1511 1576 1547 au-

509 1580 636 1638 tem,
650 1589 681 1626 o
700 1576 829 1626 casti
855 1577 1027 1640 pueri,
1049 1571 1224 1628 canite
1247 1577 1362 1627 loca
1377 1575 1578 1626 Phoebo

508 1654 724 1720 dilecta,
768 1656 915 1707 velut
957 1656 1155 1722 Tempe
1199 1656 1254 1706 in
1290 1653 1576 1711 Thessalia,

509 1733 709 1785 crebris
740 1733 920 1798 lauris,
941 1722 1058 1801 quse
1081 1748 1244 1784 sacrae
1267 1739 1388 1783 sunt
1411 1731 1575 1796 Apol-

505 1810 622 1875 lini,
642 1811 1010 1877 praecipuaque
1023 1811 1327 1862 amoenitate
1344 1810 1547 1876 inclyta
1561 1826 1578 1860 ε

508 1886 698 1936 Delum
724 1886 848 1938 item
873 1888 1088 1938 insulam
1125 1888 1236 1953 ejus
1270 1892 1409 1950 ortu,
1445 1902 1580 1937 sum·

509 1976 700 2029 maque
721 1979 835 2014 eam
859 1965 926 2016 ob
951 1979 1059 2015 rem
1084 1965 1335 2028 religione
1352 1964 1578 2015 nobilem

510 2054 572 2091 ac
596 2041 951 2092 reverendam.
1002 2042 1114 2092 Cic.
1138 2043 1290 2092 Verr.
1313 2055 1402 2092 111.
1424 2056 1477 2091 n.
1495 2045 1584 2092 4⁷.

508 2123 566 2166 et
598 2133 710 2183 seq.
730 2118 1076 2183 '‘Apollinem
1117 2124 1174 2168 tu
1207 2119 1420 2168 Delium
1458 2132 1580 2182 spo-

503 2194 637 2245 liare
660 2209 819 2263 ausus
835 2197 924 2246 es?
963 2197 1114 2246 Illine
1149 2203 1210 2247 tu
1246 2197 1445 2259 templo
1470 2202 1578 2246 tam

509 2271 742 2336 antiquo,
785 2279 893 2322 tam
936 2278 1140 2334 sancto,
1182 2278 1290 2322 tam
1333 2271 1579 2335 religioso

506 2361 690 2397 manns
712 2336 898 2415 impias
911 2363 974 2399 ac
993 2348 1270 2413 sacrilegas
1290 2345 1479 2398 afferre
1495 2362 1580 2398 co-

506 2430 665 2475 natus
695 2440 750 2476 es
772 2460 787 2476 .
807 2461 820 2477 .
842 2458 856 2476 .
874 2462 889 2479 .
914 2426 1179 2492 proditum
1215 2426 1478 2479 memoriae
1496 2441 1577 2478 -ac

506 2504 675 2555 literis
719 2507 971 2558 Latonam
1012 2521 1079 2557 ex
1115 2507 1277 2571 longo
1311 2519 1495 2557 errore·
1523 2513 1582 2557 et

506 2581 635 2647 fuga
656 2584 943 2648 gravidam,
977 2585 1158 2650 etjam
1182 2585 1248 2634 ad
1272 2584 1580 2652 pariendum

507 2660 751 2726 vicinam,
774 2662 1097 2727 temporibus
1126 2664 1348 2725 exactis,
1380 2661 1590 2727 fugisse.

507 2735 722 2802 Delum,
757 2745 914 2805 atque
944 2740 1016 2791 ibi
1042 2740 1338 2804 Apollinem
1363 2756 1423 2790 ac
1451 2742 1579 2791 Dia-

505 2828 626 2865 nam
648 2817 944 2880 peperisse:
980 2831 1084 2881 qua
1117 2832 1189 2867 ex
1220 2817 1467 2881 opinione
1487 2819 1579 2867 he·

507 2893 724 2954 minum,
749 2895 839 2943 illa
860 2895 1028 2944 insula
1043 2908 1223 2944 eorum
1246 2895 1481 2947 Deorum
1497 2908 1578 2944 sa-

507 2984 599 3020 cra
621 2978 866 3034 putatur:
893 2961 1268 3036 tantaquessjus
1293 2972 1578 3021 auctoritas

509 3046 771 3111 religionis
797 3055 853 3098 et
873 3054 974 3112 est,
997 3055 1052 3098 et
1069 3062 1276 3111 semper
1290 3046 1411 3111 fuit,
1434 3057 1491 3098 nt
1511 3062 1579 3097 ne

509 3122 688 3174 Persae
712 3124 942 3189 quidem,
963 3139 1083 3174 cnm
1099 3124 1295 3175 bellum
1314 3124 1415 3176 toti
1433 3125 1580 3176 Grae-

508 3200 624 3256 ciae.
660 3200 780 3253 Diis
820 3200 1212 3267 hominibusque
1248 3201 1578 3268 indixissent,

507 3282 567 3329 et.
599 3276 741 3327 mille
778 3292 994 3331 numero
1028 3279 1235 3331 narium
1267 3280 1486 3331 classem
1511 3281 1580 3331 ad

507 3351 698 3404 Delum
735 3356 1084 3420 appulissent,
1114 3357 1390 3423 quicquam
1425 3371 1582 3409 cona·

507 3434 805 3481 rentur-*ant
829 3431 1022 3483 violare
1046 3440 1138 3484 aut
1157 3434 1451 3498 attingere?

577 3505 771 3571 Tempe]
825 3509 964 3561 Plin.
1001 3524 1079 3561 ιν.
1099 3515 1149 3561 8.
1184 3512 1202 3541 ‘
1220 3513 1368 3563 Inter
1389 3512 1581 3564 Ossam

508 3588 564 3631 et
588 3582 874 3648 Olympum
911 3600 1185 3638 nemorosa
1211 3589 1447 3638 convalle
1470 3619 1516 3636 ..
1534 3622 1580 3638 ..

506 3658 704 3725 Tempe
722 3672 973 3714 vocantur
987 3665 1217 3729 quinque
1230 3664 1445 3717 millium
1461 3681 1581 3730 pas-

507 3749 656 3786 suum
680 3738 1027 3803 longitndine,
1058 3748 1116 3790 et
1136 3739 1305 3792 ferme
1325 3742 1579 3807 sesqnijn·

508 3814 619 3874 geri
659 3815 936 3866 latitudine
975 3819 1116 3868 ultra
1151 3819 1315 3869 visum
1360 3819 1581 3870 bominis

508 3890 864 3942 attollentibus
886 3908 942 3944 se
967 3894 1152 3944 dextra
1180 3896 1423 3961 laevaque
1454 3897 1582 3946 leni·

508 3972 590 4014 ter
611 3969 861 4017 convexis
875 3971 1048 4033 jugis:
1082 3970 1221 4020 intus
1246 3987 1342 4022 sua
1362 3974 1479 4022 luce
1502 3974 1579 4022 vi-

507 4041 715 4099 ridante
756 4044 1005 4101 allabitur
1036 4046 1243 4099 Peneus
1268 4048 1447 4098 viridis
1471 4051 1579 4100 cal·

508 4119 643 4180 culo,
687 4133 916 4171 amoenus
959 4123 1102 4174 circa
1138 4123 1277 4189 ripas
1319 4129 1575 4192 gramine,

507 4207 731 4247 canorus
751 4198 919 4247 avium
943 4202 1239 4252 concentu.’

576 4274 638 4319 lo
672 4271 852 4337 Delon]
893 4275 1031 4327 Plin.
1055 4278 1209 4331 modo
1231 4280 1324 4331 cit.
1349 4294 1465 4345 cap.
1495 4283 1577 4330 12.

1654 1496 1671 1525 ‘
1694 1495 1875 1558 Longe
1897 1494 2204 1557 clarissima,
2224 1491 2511 1558 Cycladum
2535 1492 2723 1552 media,

1655 1573 1852 1637 templo
1867 1570 2127 1636 Apollinis
2138 1577 2196 1621 et
2205 1575 2438 1621 mercatu
2452 1570 2730 1623 celebrata

1657 1650 1847 1700 Delosz
1884 1665 1999 1715 quoe
2036 1649 2123 1699 diu
2158 1648 2432 1713 fluctuata,
2466 1655 2528 1699 ut
2549 1648 2727 1716 prodi-

1655 1734 1763 1790 tur,
1794 1729 1904 1779 sola
1927 1734 2120 1779 motum
2145 1733 2301 1778 terrm
2319 1742 2424 1778 non
2462 1727 2628 1777 sensit
2657 1727 2725 1777 ad

1659 1808 1737 1857 M.
1759 1807 2014 1858 Varronis
2037 1812 2245 1857 aetatem
2271 1843 2285 1859 .
2303 1840 2319 1858 .
2336 1841 2351 1857 .
2374 1807 2509 1857 hanc
2524 1806 2726 1857 Aristo-

1659 1884 1791 1934 teles
1805 1884 1878 1935 ita
1890 1884 2207 1950 appellatam
2224 1883 2472 1951 prodidit,
2482 1883 2725 1949 qnoniam

1660 1968 1877 2026 repente
1916 1961 2220 2028 apparuerit
2256 1965 2414 2011 enata
2438 1995 2451 2011 .
2470 1993 2485 2008 .
2506 1995 2520 2010 .
2539 1996 2553 2011 .
2588 1960 2726 2026 Cyn·

1661 2039 1841 2102 thiam,
1862 2039 2158 2104 Ortygiam,
2189 2040 2287 2087 διο.
2320 2037 2408 2087 alii
2431 2043 2622 2087 vocant
2643 2067 2658 2084 .
2676 2071 2691 2088 .
2710 2071 2726 2085 .

1660 2116 1895 2179 cingitur
1924 2117 2154 2181 quinque
2184 2113 2411 2164 millibus
2448 2127 2723 2177 passuum:

1660 2193 1885 2255 assurgit
1907 2192 2113 2257 Cyntho
2142 2190 2354 2241 monte.’
2422 2191 2493 2243 Et
2531 2190 2630 2241 sub
2666 2188 2728 2240 fi-

1657 2285 1775 2321 nem
1799 2273 2032 2336 ejusdem
2057 2287 2173 2338 cap.
2189 2272 2394 2333 scribit,
2412 2274 2428 2299 ‘
2448 2269 2725 2337 Hyperbo-

1659 2364 1777 2400 reos
1810 2350 2018 2417 frugum
2055 2351 2309 2415 primitias
2344 2350 2523 2399 solitos
2548 2349 2725 2399 Delon

1659 2429 1868 2481 mittere
1891 2429 2142 2494 Apollini,
2172 2443 2328 2494 quem
2353 2427 2617 2493 praecipue
2640 2441 2732 2478 co·

1658 2506 1791 2556 lunt.
1835 2506 2077 2571 Virgines
2099 2505 2339 2556 ferebant
2359 2519 2470 2567 eas,
2489 2504 2732 2568 hospitiis

1658 2584 1892 2650 gentium
1915 2599 2011 2649 per
2031 2598 2192 2634 annos
2226 2583 2426 2649 aliquot
2459 2580 2732 2635 venerabi·

1659 2662 1775 2721 les,'
1798 2665 1900 2714 &c-

1729 2745 1788 2793 11
1817 2741 2152 2804 Insignentque
2168 2736 2422 2805 pharetra]
2445 2738 2480 2790 J
2485 2736 2734 2787 aculandi

1661 2818 1858 2881 peritus
1882 2817 2088 2868 babitus
2118 2824 2206 2867 est
2234 2830 2443 2881 semper
2485 2815 2730 2879 Phoebus,

1659 2904 1818 2961 atque
1855 2896 1870 2923 ‘
1889 2901 2036 2946 certa
2068 2895 2388 2946 metuendus·
2410 2893 2637 2957 sagitta?
2669 2898 2730 2943 nt

1661 2979 1744 3022 est
1767 2971 1886 3022 Ode
1904 2985 2005 3022 κη.
2028 2986 2218 3036 supra:
2252 2976 2364 3021 tum
2389 2970 2458 3020 ob
2476 2968 2731 3019 interfec-

1662 3055 1772 3099 tum
1816 3047 2108 3113 Pythonem
2148 3053 2465 3112 serpentem,
2505 3046 2731 3096 occisos-

1661 3143 1762 3194 que
1799 3128 1990 3179 Niobae
2022 3128 2173 3180 filios.
2237 3127 2395 3178 Adde
2426 3127 2619 3192 Virgil.
2642 3125 2729 3176 ΙΕ-

1661 3205 1799 3256 neid.
1826 3219 1899 3257 vt.
1926 3211 2009 3256 57.
2046 3213 2155 3256 tum
2181 3220 2303 3255 vero
2329 3203 2467 3269 qnod
2491 3203 2649 3253 radiis
2674 3202 2738 3251 in·

1661 3283 1907 3333 mortales
1928 3282 2152 3333 ferventi
2175 3288 2310 3332 aestu
2333 3280 2572 3343 vibratis,
2593 3293 2729 3330 mor-

1662 3358 1756 3409 bos
1779 3366 2082 3424 pestemque
2114 3359 2309 3423 gignat.
2376 3358 2463 3407 De
2488 3371 2587 3421 quo
2613 3355 2730 3405 Ma·

1660 3437 1802 3487 orob.
1824 3430 2088 3487 Saturnal.
2107 3450 2146 3486 1.
2171 3440 2252 3485 17,

1726 3518 1790 3564 12
1822 3515 2153 3578 fraternaque
2185 3513 2429 3583 humerum
2458 3509 2588 3575 lyra]
2638 3506 2731 3560 In-

1659 3589 1854 3655 signem
1876 3592 2032 3640 etiam
2054 3592 2177 3655 lyrae
2201 3590 2505 3638 inventione
2530 3596 2588 3637 et
2621 3602 2732 3639 me·

1656 3668 1798 3719 lodia
1822 3668 1919 3733 ipsi
1943 3668 2151 3733 quidem
2172 3682 2202 3716 a
2228 3666 2491 3716 Mercurio
2512 3679 2730 3717 conces·
2833 3712 2838 3716 .

1659 3759 1746 3793 sa:
1780 3759 1897 3808 quae
1933 3742 2049 3794 fuse
2074 3742 2302 3807 explicui
2330 3743 2456 3792 Not.
2481 3742 2546 3791 ad
2573 3740 2730 3790 Oden

1662 3835 1716 3872 x.
1740 3837 1914 3887 snpra.
1996 3820 2260 3883 Fratema]
2294 3819 2486 3884 Apollo
2507 3824 2563 3868 et
2584 3819 2729 3869 Mer-

1643 3890 1834 3950 ‘curius
1878 3892 2071 3948 fratres
2125 3901 2427 3958 noscuntur,
2461 3894 2613 3947 ambo
2651 3895 2734 3945 ni-

1661 3977 1845 4025 mirum
1867 3991 1932 4025 ex
1954 3974 2136 4024 eodem
2158 3980 2307 4036 patre
2323 3972 2459 4024 Jove
2485 3985 2728 4035 procrea·

1662 4051 1722 4111 ti,
1767 4051 1852 4101 hic
1890 4049 2099 4115 quidem
2137 4047 2278 4097 Maia
2319 4047 2591 4111 genitrice,
2636 4047 2726 4096 ille

1659 4142 1788 4178 vero
1808 4128 2010 4177 Latona
2043 4124 2156 4176 Coei
2185 4125 2384 4175 Titanis
2414 4123 2539 4189 filia,
2561 4131 2621 4176 ut
2643 4139 2725 4174 su-

1658 4219 1755 4270 pra
1767 4204 1879 4267 jam
1904 4202 2117 4253 dictum.
