3059 4909
940 397 1353 452 etiamnum
1404 401 1555 451 mu.
1600 400 1715 453 ιιι.
1760 386 1866 453 10.

2399 387 2528 458 441.

680 542 1020 628 Ingratum
1050 544 1303 612 Veneri
1332 566 1510 633 pone
1538 548 1967 632 superbiam3

682 647 795 712 Ne
826 655 1127 715 currente
1153 654 1298 715 rota
1324 649 1502 714 funis
1529 657 1640 716 eat
1664 658 1861 717 retro.

2439 654 2528 718 10

678 748 842 816 Νοιι
871 756 935 817 te
964 751 1346 836 Penelopen
1374 752 1714 820 difficilem
1743 754 1967 839 procis

1014 853 1396 940 Tyrrhenus
1422 857 1650 940 genuit
1677 871 1949 941 parens.

333 1009 592 1061 demissus?
654 1012 823 1075 Alv‘t‘ce
844 1014 1033 1075 fastum
1055 1015 1229 1067 Veneti
1248 1017 1476 1083 odio-sunu
1493 1033 1554 1067 ne
1571 1017 1822 1076 funiculus
1851 1022 2108 1068 retrorsum
2130 1017 2268 1067 abeat
2288 1022 2395 1068 rota
2419 1032 2526 1067 ver·

327 1080 454 1127 nata.
526 1077 793 1142 waliam
809 1086 950 1144 pater
968 1081 1095 1132 haud
1115 1087 1162 1133 te
1187 1083 1455 1147 procreavit
1474 1084 1741 1147 Penelopen
1760 1083 2028 1134 amantibus
2046 1082 2406 1134 intractabilem.
2474 1082 2520 1131 0

1549 1224 1613 1244 O&

327 1319 481 1372 Lect.
504 1336 558 1386 p.
575 1326 660 1371 64.
690 1321 847 1387 ‘Sed,
865 1329 926 1374 ut
948 1329 1091 1374 reete
1113 1323 1290 1375 Bentl.
1312 1324 1387 1374 nil
1409 1324 1499 1374 illo
1520 1323 1766 1375 lumineb.
1790 1324 1827 1374 1.
1849 1323 2110 1390 ineptius.'
2128 1325 2264 1375 Just.
2265 1329 2395 1375 -10
2419 1325 2524 1377 Nee

323 1391 543 1435 currente
564 1400 693 1436 unus
714 1359 1040 1449 Bers'mauui,
1060 1390 1213 1440 Dess.
1237 1394 1288 1440 2.
1309 1397 1364 1441 et
1385 1389 1529 1453 Lips.
1554 1395 1601 1440 1.
1625 1404 1746 1439 am.
1763 1404 1842 1455 pr.
1857 1389 2357 1451 retromiseutrota
2374 1389 2524 1441 Harl.

328 1454 378 1499 1.
396 1455 445 1500 2.
465 1454 513 1501 8.
530 1455 580 1501 4.
599 1458 710 1503 (5.6.
731 1454 817 1503 alii
838 1454 991 1504 codd.
1015 1455 1232 1505 Venett.
1257 1455 1376 1505 Vet.
1398 1454 1582 1505 Comb.
1605 1461 1662 1504 et
1683 1456 1800 1505 edd.
1833 1454 1946 1505 fere
1969 1463 2098 1506 vett.
2122 1462 2177 1505 et
2200 1458 2372 1519 vulgg.

2398 1463 2522 1505 ante

324 1515 633 1566 Beut1.rota
656 1518 802 1578 fanis
833 1524 912 1569 eat
926 1524 1054 1569 retro
1069 1520 1312 1570 Petrens.
1335 1527 1393 1570 et
1414 1520 1538 1571 Gal.
1560 1520 1806 1577 Bentleii,
1820 1520 2041 1571 Mediol.
2059 1524 2204 1571 1477.
2224 1520 2398 1570 Bentl.
2424 1520 2525 1569 Cu-

324 1581 469 1645 ning.
491 1580 647 1632 Baxt.
670 1582 838 1636 Gesn.
856 1585 1021 1636 Zeun.
1042 1585 1174 1636 Sirr.
1190 1585 1331 1649 Jaui,
1353 1586 1570 1636 Mitsch.
1594 1586 1804 1650 Bipont.
1825 1586 2042 1638 Wetzel.
2064 1583 2271 1637 Wakef·
2285 1594 2341 1636 et
2360 1584 2523 1636 Kidd.

1314 1726 1531 1779 NOTAE

326 1817 455 1871 Nat.
477 1820 642 1871 Deor.
663 1836 712 1873 n.
736 1827 819 1875 26.
850 1824 867 1853 ‘
884 1825 1014 1875 Tum
1037 1840 1185 1890 aquae
1208 1826 1382 1878 decla·

326 1904 408 1946 rat
428 1895 632 1961 effusio,
668 1915 783 1965 quae
822 1915 995 1966 neque
1031 1902 1382 1966 conglaciaret

326 1971 627 2040 frigoribus,
651 1991 819 2043 neque
843 1980 962 2028 nive
987 1980 1237 2043 pruineve
1259 1994 1381 2029 cou-

326 2062 605 2116 cresceret,
626 2055 723 2104 nisi
752 2055 936 2106 eadem
959 2071 1014 2106 se
1047 2057 1270 2107 admisto
1294 2073 1379 2109 ca-

324 2129 436 2178 lore
452 2130 738 2195 liquefacta
755 2141 810 2183 et
830 2133 1027 2198 dilapsa
1045 2132 1382 2186 diffunderet.

323 2204 510 2270 Itaque
529 2218 584 2257 et
600 2208 940 2273 Aquilonibus
956 2213 1274 2278 reliquisque
1290 2210 1381 2264 fri·

321 2284 530 2347 gorinus
548 2284 768 2348 adjectis
787 2286 1018 2339 durescit
1039 2290 1260 2348 humor,'
1278 2294 1377 2342 &e-

388 2364 419 2409 8
453 2362 587 2412 Puro
626 2365 815 2414 nuntiae
850 2366 1070 2433 Jupiter]
1120 2369 1263 2418 Bene
1304 2369 1382 2418 sic

319 2437 514 2501 legito:
550 2440 657 2499 alii,
691 2442 823 2491 Puro
851 2443 1042 2507 limine,
1073 2445 1157 2494 vel
1189 2445 1384 2506 limine,-

315 2514 409 2562 sed
450 2528 740 2582 perperam.
815 2518 1001 2570 Jovem
1048 2534 1144 2584 pro
1189 2522 1382 2571 aethere

318 2602 423 2638 non
450 2604 565 2641 raro
586 2589 844 2657 usurpari,
867 2601 1077 2646 notnmz
1113 2597 1232 2647 huic
1256 2612 1380 2661 ergo

317 2666 599 2729 respondet
622 2683 738 2731 vox,
765 2671 974 2722 numine.
1043 2673 1175 2723 Puro
1208 2674 1382 2724 lmine

317 2742 407 2792 Sol
431 2744 637 2808 quidem
662 2745 899 2809 dicatum
932 2755 988 2798 at
1013 2763 1118 2799 non
1148 2750 1380 2816 Jupiter,

317 2821 610 2883 prasertim
643 2824 904 2874 concubia
928 2833 1120 2886 nocte;
1154 2840 1255 2891 qua
1276 2828 1379 2891 Ly-

317 2910 405 2946 ces
439 2896 654 2962 januam
706 2903 1040 2960 occentabat,
1089 2903 1158 2954 de
1215 2918 1379 2963 more,

316 2974 485 3026 Poeta
508 2985 699 3029 noster.

381 3058 415 3105 9
447 3055 696 3117 Ingratum
727 3055 897 3107 Veneri
931 3072 1051 3121 pone
1087 3057 1375 3126 superbiam]

316 3130 496 3180 Venus
524 3134 664 3182 enim
693 3131 855 3196 jocis,
886 3135 1083 3198 gratiis,
1116 3136 1377 3185 amoribus

315 3209 513 3272 stipata
555 3209 747 3275 ubique
790 3220 1141 3262 memoratur:
1188 3213 1376 3278 quibus

314 3283 624 3335 adversatur
661 3288 871 3337 omnino
904 3289 1166 3353 superbia.
1201 3304 1241 3339 1.
1264 3289 1373 3341 od.

314 3363 365 3410 2.
399 3361 414 3388 ‘
437 3360 665 3424 Erycina
689 3363 883 3425 ridens,
913 3366 1081 3417 Quam
1102 3365 1258 3430 jocus
1278 3365 1375 3417 cir-

316 3452 436 3488 cum
460 3440 598 3489 volat
619 3447 673 3494 et
696 3440 934 3505 Cupido!

383 3518 447 3564 10
480 3515 562 3567 Ne
586 3522 807 3568 curram
836 3523 942 3566 rota
963 3517 1105 3579 funis
1123 3523 1202 3567 eut
1220 3518 1375 3583 retro]

314 3593 402 3644 Ne
436 3592 632 3646 offensa
668 3596 846 3645 Venus
881 3597 1009 3645 iram
1047 3595 1099 3645 in
1140 3603 1194 3645 te
1230 3610 1376 3646 suam

314 3672 569 3736 stringat:
604 3679 765 3738 tuque
779 3670 966 3744 favore
988 3673 1098 3737 ejus
1124 3671 1377 3723 destituta

314 3748 687 3812 contemnaris,
709 3755 768 3798 ut
798 3748 951 3798 modo
972 3761 1055 3798 me
1076 3750 1375 3800 contemnis.

313 3822 462 3871 Time
500 3837 629 3886 ergo
663 3824 928 3887 sapienter
955 3821 1178 3873 fortunae
1216 3824 1374 3876 vices.

315 3896 511 3947 Tibull.
533 3912 572 3948 ι.
593 3906 642 3948 5.
664 3902 747 3949 67.
780 3898 796 3925 ‘
821 3899 943 3949 Heu
976 3898 1207 3950 canimus
1240 3898 1373 3950 frus-

317 3979 430 4024 tra:
453 3988 551 4024 nec
575 3975 743 4036 verbis
765 3975 907 4025 victa
929 3976 1153 4039 patescit
1173 3976 1373 4028 Jauuaz

315 4050 408 4100 sed
434 4050 589 4114 plena
606 4062 688 4102 est
719 4052 1061 4115 percutienda
1083 4066 1252 4101 manu.
1300 4051 1376 4103 At

235 4186 246 4190 ⁹
316 4133 396 4189 tu,
415 4126 502 4191 qui
526 4127 697 4191 potior
734 4142 871 4178 nunc
908 4143 985 4191 es,
1018 4142 1137 4177 mea
1157 4126 1269 4177 fata
1290 4142 1376 4178 ca·

317 4208 439 4253 veto
453 4217 472 4252 ι
504 4203 756 4254 Versatur
777 4203 937 4256 celeri
968 4203 1076 4254 fors
1098 4203 1225 4254 levis
1246 4205 1375 4254 orbe

308 4276 489 4358 *rotael
552 4279 665 4332 Isto
702 4287 872 4346 tamen
910 4281 1025 4333 loco
1060 4280 1373 4348 Metaphora

1462 1826 1672 1877 videtur
1704 1840 1819 1877 esse
1854 1825 2013 1876 ducta
2037 1838 2138 1874 non
2159 1838 2190 1873 a
2217 1829 2334 1874 rota
2356 1821 2521 1872 fortu-

1461 1919 1543 1954 nae
1570 1904 1779 1954 volubili
1800 1909 1852 1952 et
1888 1901 2139 1964 instabili,
2161 1900 2254 1951 sed
2277 1899 2450 1964 potins
2487 1915 2521 1949 a

1461 1982 1590 2031 rotis
1614 1989 1670 2031 et
1694 1979 1953 2043 trochleis,
1979 1978 2162 2050 quibus
2184 1976 2520 2029 circumvolu-

1462 2068 1546 2108 tus
1585 2057 1725 2110 funis
1766 2058 1997 2121 ingentia
2029 2056 2266 2107 sublevat
2286 2062 2341 2105 et
2365 2054 2522 2104 trahit

1460 2136 1710 2200 pondera,
1738 2136 1782 2186 si
1818 2135 1951 2185 bene
1988 2139 2261 2183 teneatur·
2299 2137 2354 2181 at
2377 2130 2419 2180 si
2444 2130 2520 2180 di-

1458 2212 1641 2262 missus
1665 2209 1844 2275 fuerit,
1866 2217 1924 2261 et
1945 2217 2060 2261 rota
2081 2217 2139 2259 et
2159 2208 2293 2258 funis
2317 2212 2372 2257 et
2395 2222 2520 2270 pon-

1460 2288 1558 2338 dus
1589 2290 1641 2338 in
1673 2295 1876 2354 partem
1914 2288 2225 2339 contrarium
2259 2284 2521 2347 feruntur,

1459 2373 1695 2427 currunt,
1718 2365 1945 2429 fugiunt,
1967 2364 2332 2414 deturbantur.
2389 2361 2519 2411 Sen-
2602 2361 2610 2369 '

1459 2456 1544 2492 sus
1572 2444 1747 2509 itaque
1780 2441 1986 2493 Horatii
2020 2441 2152 2491 erit:
2183 2455 2215 2490 o
2252 2440 2413 2503 Lyce,
2452 2454 2518 2489 ne

1457 2519 1678 2569 Veneris
1718 2528 1776 2570 tu
1801 2519 2004 2584 vincula
2027 2529 2293 2579 nexusque
2315 2509 2522 2578 sperne,

1458 2611 1576 2660 quae
1598 2597 1643 2646 si
1665 2595 1920 2647 dimiseris
1943 2608 2069 2644 cave
2107 2608 2172 2641 ue
2208 2606 2287 2641 res
2312 2598 2413 2641 tuae
2438 2605 2518 2640 re-

1458 2678 1542 2722 tro
1580 2679 1638 2723 et
1676 2685 1883 2737 pessum
1915 2677 2037 2720 eant
2068 2684 2130 2720 nc
2154 2668 2518 2718 dissolvantur.

1457 2748 1648 2813 virgil.
1686 2750 1801 2799 Ecl.
1833 2761 1960 2798 vui.
1983 2750 2063 2798 78.
2095 2746 2111 2775 ‘
2136 2744 2378 2806 Veneris,
2413 2745 2518 2803 dic,

1458 2824 1666 2875 vincula
1688 2824 1880 2876 necto.’

1523 2907 1584 2953 11
1622 2904 1739 2953 Nou
1768 2909 1818 2953 te
1838 2904 2105 2966 Penelopen
2125 2903 2383 2969 difficilem,
2411 2900 2518 2966 ξω]

1457 2981 1579 3032 Νοιι
1612 2994 1668 3031 es
1692 2987 1749 3031 ut
1783 2980 2068 3045 Penelope,
2099 2981 2383 3045 Spartana,
2417 2993 2517 3030 nec

1457 3057 1685 3109 educata
1720 3058 2077 3123 instructaque
2116 3058 2259 3108 duris
2293 3057 2518 3107 moribus

1457 3144 1761 3203 austeraque
1814 3136 2023 3186 vivendi
2076 3135 2306 3185 ratione:
2362 3134 2517 3184 immo

1458 3220 1748 3278 venustam,
1787 3212 2032 3277 lepidam,
2071 3210 2400 3262 tractabilem
2428 3224 2519 3273 ge-

1455 3292 1572 3341 nuit
1617 3299 1672 3340 te
1715 3295 1865 3355 pater
1903 3289 2087 3352 Italus,
2119 3288 2204 3337 vel
2244 3289 2518 3351 Etruscus,

1455 3376 1517 3419 ut
1559 3365 2095 3434 placet-quibusdam,
2137 3378 2235 3414 nec
2275 3364 2516 3432 absurde,

1454 3444 1706 3494 Etruscos
1739 3443 1977 3492 ludorum
2015 3455 2078 3489 ac
2112 3441 2431 3504 voluptatum
2464 3456 2518 3490 a·

1454 3528 1683 3570 meteres
1722 3533 1875 3568 nemo
1918 3515 2116 3567 nescitz
2171 3514 2336 3566 refert
2387 3517 2520 3567 Coel.

1456 3595 1682 3660 Rhodig.
1707 3609 1806 3646 ιν.
1827 3598 1908 3644 ll.
1946 3599 2108 3658 atque
2141 3606 2172 3641 a
2193 3593 2352 3657 Lydis
2375 3599 2518 3643 trax·

1453 3673 1558 3723 isse
1581 3671 1835 3737 originem
1857 3667 2163 3734 suspicatur.

1483 3735 1488 3742 ⁶
1538 3748 1803 3811 Penelopen
1854 3744 2094 3811 difficilem
2139 3744 2323 3808 procis]
2381 3742 2516 3796 Haec

1454 3824 1663 3888 Ulyssis
1683 3838 1814 3873 uxor
1848 3823 1960 3872 viro
1999 3835 2092 3870 suo
2119 3818 2276 3870 fidem
2306 3834 2516 3871 servans

1456 3900 1642 3963 viginti
1687 3912 1846 3950 annos
1887 3895 2114 3961 absenti,
2157 3910 2342 3961 procos
2382 3895 2517 3948 bene

1453 3978 1645 4027 multos
1695 3975 1889 4027 eci-iter
1933 3973 2271 4033 solicitantes,
2314 3965 2517 4036 patrem

1453 4054 1612 4104 etiam
1637 4068 1796 4103 novas
1818 4051 2025 4115 nuptias
2051 4050 2355 4100 suadentem
2378 4052 2521 4102 eluc-

1453 4137 1567 4181 tata
1586 4138 1686 4180 est.
1754 4128 1968 4179 Homer.
1994 4126 2186 4192 Odyss.
2208 4134 2262 4178 B.
2283 4133 2335 4178 Ζ.
2359 4133 2419 4178 Η.

1519 4210 1584 4257 12
1638 4203 1931 4273 Tyrrhenus]
1980 4203 2234 4267 Tyrrheni
2289 4203 2515 4255 Etruriae

1452 4282 1649 4349 populi.
1713 4279 2008 4347 Tyrrhenia
2044 4278 2287 4332 Straboni
2332 4277 2514 4330 eadem
