3059 4909
958 405 1376 457 caussinum
1426 408 1574 458 mn.
1619 408 1732 459 ιιι.
1773 395 1882 461 25.
2379 398 2509 462 509

575 546 1130 634 Baccharumque
1158 551 1520 617 valentium
1627 626 1640 633 „
2422 556 2508 620 15

655 649 985 715 Proceras
1012 655 1324 719 manibus
1354 662 1609 719 vertere
1637 654 1962 734 fraxinos,
2035 672 2042 677 ·

569 749 690 816 Nil
718 772 994 837 parvum
1021 761 1140 821 aut
1165 756 1398 822 humili
1425 755 1652 832 modo,

656 853 780 919 Nil
805 857 1083 923 mortale
1110 859 1366 943 loquar.
1454 857 1681 924 Dulce
1709 857 2076 943 periculum
2104 867 2212 925 est

562 956 654 1036 (Ο
686 958 926 1026 Irenaeo
948 957 1002 1044 l)
1040 961 1231 1054 sequi
1262 962 1481 1027 Deum

616 1060 621 1067 ’
650 1059 1038 1147 cingentem
1069 1063 1268 1130 viridi
1299 1069 1602 1150 tempora
1630 1065 1981 1150 pampino.
2016 1124 2022 1131 .
2410 1068 2503 1134 20

306 1245 572 1298 desertum!
624 1250 670 1297 0
696 1249 810 1301 Rex
842 1221 1086 1301 Naiadum
1107 1257 1155 1302 et
1179 1251 1526 1305 Bacchantium
1559 1250 1926 1311 ultasfruxt'nos
1945 1250 2158 1307 manibus
2177 1252 2397 1305 revenere
2413 1265 2500 1314 po-

307 1312 525 1376 tentiam,
549 1313 676 1364 nihil
694 1317 923 1378 exiguum
955 1321 1041 1366 cat
1058 1316 1172 1376 uile,
1192 1317 1316 1366 nihil
1344 1316 1596 1366 hamum
1627 1332 1809 1367 muas.
1876 1317 2032 1367 Saeve
2065 1322 2135 1367 est
2168 1317 2454 1382 periclitari,
2471 1330 2505 1363 ο

308 1374 514 1443 Bacche,
534 1381 766 1444 sequendo
787 1396 958 1432 aum
979 1383 1101 1445 quod
1120 1382 1382 1432 circundat
1401 1386 1545 1463 caput
1564 1382 1740 1433 virenti
1749 1382 1960 1446 palante.

1207 1544 1270 1564 00

301 1656 402 1719 des,
424 1660 481 1704 et
501 1667 589 1719 ap.
613 1655 795 1721 Eurip.
817 1657 1013 1709 Bacch.
1037 1663 1184 1710 1049.
1209 1664 1355 1711 1⁰91.
1390 1660 1615 1710 Bacchas
1651 1657 1704 1709 ln
1742 1659 1973 1709 convalle
1997 1659 2304 1710 Cithaeronis
2325 1659 2391 1708 ad
2428 1660 2501 1709 ri-

304 1733 392 1769 vos
434 1720 759 1771 consideant.
841 1723 1131 1788 Utrumque
1167 1733 1526 1788 argumentum
1569 1723 1840 1774 admodum
1879 1724 2071 1773 debile.
2136 1725 2255 1774 Hoc
2301 1739 2502 1787 verum,

303 1785 490 1848 saepius
518 1785 754 1836 librarios
773 1789 919 1851 rivos,
938 1789 1087 1851 ripas,
1110 1794 1166 1841 et
1185 1804 1329 1853 rupes
1365 1795 1706 1852 permutasse.
1768 1788 1874 1838 Sed
1916 1803 2017 1838 nou
2044 1789 2206 1840 solum
2244 1790 2497 1852 praeclare

301 1849 477 1911 habet,
501 1852 766 1915 multoque
783 1852 946 1915 magis
969 1852 1176 1916 poetica
1196 1862 1281 1904 est
1302 1854 1459 1904 lectio
1477 1854 1634 1916 ripas,
1657 1867 1831 1902 verum
1865 1861 1920 1902 et
1941 1851 2259 1917 magnificam
2287 1867 2498 1916 prorsus

301 1914 577 1977 imaginem
601 1916 824 1980 praebet,
845 1930 998 1981 quam
1032 1931 1131 1968 nec
1163 1932 1303 1982 rupes
1340 1933 1437 1970 uec
1471 1918 1568 1968 rim·
1592 1919 1887 1969 ostendant.
1951 1918 2103 1968 Risus
2136 1917 2297 1967 multo
2328 1919 2498 1968 minus

300 1979 457 2029 etiam
486 1981 539 2029 h.
561 1981 594 2029 l.
621 1981 853 2045 probem,
872 1996 1025 2047 quam
1058 1996 1216 2096 rgpes.
1283 1983 1395 2033 Illis
1430 1983 1570 2032 enim
1593 1982 1764 2032 mirari
1803 1982 1911 2048 (vs.
1934 1981 2045 2046 14.)
2077 1998 2120 2032 s.
2157 1989 2368 2045 stupere
2409 1982 2497 2032 vix

302 2045 426 2093 satis
449 2045 716 2095 convenit.
784 2045 903 2096 Hoc
940 2046 1052 2111 ipse
1136 2046 1264 2096 eutl.
1283 2047 1529 2111 sentiens,
1552 2046 1618 2097 de
1642 2046 1764 2097 rivis
1785 2047 1953 2108 lactis,
1975 2047 2160 2107 mellis,
2183 2047 2308 2107 vini,
2342 2060 2407 2095 ex
2431 2060 2498 2096 ιι.

301 2109 408 2159 Od.
436 2114 517 2160 19.
539 2114 620 2161 lo.
655 2111 868 2174 cogitat,
887 2112 1025 2177 quod
1051 2112 1135 2162 vix
1158 2112 1400 2178 cuiquam
1423 2112 1737 2170 mortalium,
1770 2120 1964 2173 praeter
1996 2112 2156 2174 illum,
2193 2112 2246 2161 iu
2269 2120 2498 2161 mentem

301 2175 475 2224 venire
499 2174 740 2238 poterat?
770 2176 912 2226 Jaai.
979 2176 1143 2241 Rupes
1161 2177 1352 2228 Venet.
1376 2192 1461 2242 ap.
1484 2177 1649 2229 Zeuu.
1667 2184 1723 2227 et
1745 2176 1973 2226 Francis.
2039 2177 2187 2226 Rivos
2222 2175 2498 2226 Furstenb.

297 2245 352 2288 et
389 2239 555 2289 Kidd.
630 2241 782 2305 Ripa
819 2241 966 2291 Harl.
988 2245 1038 2291 1.
1061 2246 1110 2293 2.
1134 2246 1185 2295 8.
1205 2246 1327 2295 4.6.
1348 2246 1401 2292 6.
1434 2242 1649 2293 Mitsch.
1688 2240 1900 2306 Bipont.
1936 2238 2149 2291 Wakef.
2185 2240 2408 2291 Wetzel.
2439 2247 2498 2290 et

296 2303 613 2355 Comb.--15
648 2306 799 2356 Desa.
821 2310 870 2357 2.
891 2306 1276 2371 Baccharumque
1294 2307 1586 2358 uiolentiam.
1617 2308 1634 2335 ‘
1654 2307 1775 2357 Non
1797 2306 1931 2355 male
1955 2305 2173 2356 haberet
2195 2319 2288 2369 per
2308 2320 2363 2354 se
2384 2303 2494 2355 for-

295 2382 407 2418 ma:
444 2368 725 2420 violentiam
766 2376 982 2429 amaru
1026 2370 1121 2421 sed
1155 2378 1376 2435 praestat
1403 2373 1662 2423 valenium
1706 2370 2044 2435 simplicitate
2082 2385 2144 2420 ac
2176 2368 2260 2419 vi.’
2293 2370 2498 2420 sani.-

296 2437 359 2484 16
389 2434 630 2485 Bentleii
649 2435 825 2485 Graev.
851 2436 1100 2496 fraxinum
1169 2437 1330 2486 Plura
1352 2436 1593 2488 arborum
1614 2437 1840 2497 nomina,
1873 2449 1990 2501 qum
2015 2434 2225 2499 proprie
2247 2434 2493 2485 secundae

297 2507 418 2549 sunt
438 2498 824 2561 declinationis,
846 2500 1068 2550 doctiori
1091 2498 1252 2550 forma
1275 2502 1340 2552 ad
1364 2510 1602 2567 quartam
1625 2499 1841 2563 inflecti,
1855 2500 1966 2564 jam
1992 2500 2229 2549 vidimus.
2286 2498 2405 2549 vid.
2429 2512 2497 2549 11.

297 2562 402 2614 Od.
424 2568 474 2615 7.
501 2568 585 2614 19.
620 2578 684 2615 ιι.
718 2564 820 2614 Od.
841 2568 921 2615 14.
950 2569 1032 2614 23.
1065 2578 1129 2616 ιι.
1168 2566 1273 2616 Od.
1301 2572 1380 2616 15.
1411 2571 1461 2616 6.
1497 2565 1565 2617 cf.
1606 2567 1677 2616 ibi
1716 2567 2024 2615 Bentl.—l⁷
2059 2565 2303 2629 Quinque
2340 2563 2498 2613 codd.

296 2628 583 2690 'rori-eutii,
623 2631 765 2694 Lips.
788 2633 838 2679 1.
861 2633 911 2680 2.
931 2633 980 2680 8.
1000 2634 1052 2679 4.
1096 2629 1231 2681 Altt.
1256 2635 1301 2680 1.
1322 2634 1374 2681 2.
1410 2629 1705 2681 Helmstad.
1738 2630 1888 2681 Harl.
1910 2634 1959 2679 3.
1992 2632 2043 2678 6.
2089 2629 2322 2677 Florent.
2348 2632 2494 2681 1482.

299 2693 488 2746 Venet.
539 2698 681 2744 1486.
714 2696 874 2745 Baxt.
909 2701 964 2744 et
1006 2694 1169 2746 Gasn.
1205 2695 1408 2754 Ιιιιιιιίὶες
1444 2695 1593 2746 Harl.
1621 2701 1669 2746 1.
1699 2699 1750 2745 2.
1776 2699 1827 2745 4.
1858 2701 1906 2745 ὅ.
1941 2694 2064 2743 Vct.
2100 2692 2284 2743 Comb.
2329 2691 2497 2745 ceteri

298 2759 448 2810 codd.
469 2767 529 2810 et
551 2759 673 2809 edd.
704 2760 721 2789 ‘
744 2761 874 2810 Cum
907 2774 1008 2809 nec
1031 2760 1247 2810 Baxteri
1281 2773 1380 2809 nec
1403 2760 1630 2811 Gesneri
1669 2759 1803 2810 ratio
1839 2761 2091 2824 placeret,
2114 2756 2318 2808 restitui
2356 2758 2495 2820 opti·

299 2838 495 2875 morum
518 2830 576 2874 et
601 2824 932 2888 plurimorum
955 2825 1139 2882 Ιιιιιιιίιί,
1160 2825 1229 2874 ob
1252 2832 1494 2886 metrum,
1516 2826 1586 2875 ob
1604 2824 1833 2882 modum,
1865 2823 1935 2874 ob
1962 2838 2197 2872 sensumz
2234 2836 2348 2871 nam
2383 2822 2498 2872 vult

297 2889 432 2954 loqui
455 2889 612 2940 modo
635 2888 878 2941 sublimi.’
910 2889 1198 2940 zeum—18
1232 2890 1427 2941 Venet.
1450 2893 1599 2940 1492.
1621 2888 1842 2940 Locher.
1862 2896 1920 2939 et
1934 2887 2156 2939 Asceus.
2178 2888 2357 2951 loquor.
2390 2888 2407 2914 ‘
2426 2886 2493 2935 In

301 2955 496 3018 vulgari
522 2954 782 3004 lectiones
816 2956 953 3004 duloe
981 2970 1031 3017 p.
1062 2958 1153 3015 est,
1195 2953 1317 3004 mihi
1340 2969 1545 3018 semper
1566 2962 1865 3018 suspectum
1887 2951 1985 3002 fuit
2020 2951 2080 3002 τὸ
2114 2958 2206 3014 est,
2238 2952 2494 3016 nimisque

296 3018 612 3081 languidum,
632 3026 688 3069 et
708 3018 772 3069 ab
793 3018 892 3069 hac
913 3019 1246 3070 enthusiasmi
1272 3020 1597 3071 vehementia
1619 3019 1864 3084 alienum,
1904 3025 2060 3083 atque
2097 3032 2126 3067 e
2151 3015 2494 3067 Grammatici

294 3083 611 3146 glossemate
633 3085 686 3134 in
707 3090 1006 3145 contextum
1029 3084 1298 3148 irrepsisse
1321 3085 1504 3134 visum.
1540 3084 1704 3134 Abest
1723 3084 1857 3133 enim
1881 3098 1912 3133 a
1934 3092 2113 3133 nostro
2127 3082 2244 3132 cod.
2265 3080 2495 3131 Helmst.

296 3148 421 3198 item
444 3164 474 3199 a
497 3149 691 3199 Venet.
719 3152 865 3200 1478.
931 3149 1119 3214 Itaque
1142 3148 1343 3214 abjeci.’
1374 3149 1513 3200 sani.
1580 3148 1747 3214 Abest
1773 3150 1931 3199 etlam
1967 3148 2032 3198 ab
2064 3146 2215 3197 Harl.
2238 3150 2284 3196 1.
2305 3150 2354 3195 2.
2389 3146 2494 3194 Ve-

296 3222 428 3263 nett.
453 3217 602 3265 1477.
626 3217 771 3264 1479.
792 3219 851 3265 et
871 3212 1217 3279 Bipout-lv
1245 3216 1261 3245 ⁶
1281 3215 1339 3265 Si
1359 3214 1762 3266 intercludemus
1789 3216 1837 3264 0
1860 3215 2044 3270 Leaoee,
2060 3220 2122 3263 ut
2145 3211 2300 3261 modo
2321 3210 2494 3261 excla-

297 3279 459 3330 matio
475 3280 571 3342 ait,
590 3286 650 3329 ut
670 3280 721 3329 io
739 3279 949 3339 Bacche,
978 3280 1123 3342 Εοοὸ,
1155 3287 1213 3330 et
1234 3278 1446 3343 similes,
1481 3295 1588 3331 uon
1620 3280 1868 3331 allocutio
1902 3278 2112 3344 proprie
2150 3277 2321 3336 dicta3
2366 3276 2494 3328 nibil

294 3356 424 3407 opus
457 3344 563 3394 erit
595 3344 895 3407 conjectura
934 3345 1181 3407 Bentleii,
1203 3344 1845 3409 Te,Leaoee,seqaidueem.
1912 3343 2196 3395 Venustior
2232 3339 2372 3391 forte
2405 3340 2493 3391 hio

296 3409 615 3458 versiculus:
649 3407 738 3457 scd
762 3408 914 3469 alter,
937 3424 1089 3472 quem
1112 3409 1232 3458 libri
1256 3423 1431 3459 omnes
1452 3410 1668 3469 habent,
1685 3409 1847 3472 magis
1871 3405 2199 3458 Bacchicus.'
2227 3406 2373 3455 Gesu.
2446 3405 2495 3453 0

298 3471 456 3523 Silene
478 3473 707 3537 conject.
731 3486 816 3536 ap.
837 3472 1017 3524 Jones.
1082 3473 1098 3501 ‘
1118 3473 1374 3523 Putabam
1396 3472 1692 3538 aliquando,
1726 3471 1861 3522 forte
1883 3473 2156 3536 legendum
2191 3470 2249 3519 Io
2283 3469 2452 3519 Lenoee
2468 3466 2496 3517 Ι

297 3550 410 3587 cum
436 3545 492 3588 et
516 3553 599 3601 ap.
624 3537 818 3588 Catull-
841 3549 998 3586 ινιιι.
1019 3540 1132 3587 124.
1154 3540 1256 3586 &c.
1290 3537 1426 3587 haud
1450 3537 1604 3587 dubie
1628 3536 1686 3585 Io
1708 3550 1805 3601 pro
1828 3535 2178 3599 monosyllabo
2202 3534 2290 3596 sit,
2323 3541 2378 3583 et
2412 3531 2491 3581 fa·

299 3602 401 3651 cile
438 3601 507 3652 ab
539 3602 688 3652 initio
724 3615 902 3651 versus
940 3602 1110 3665 perire
1147 3602 1382 3664 potuerit
1419 3602 1574 3653 litera
1610 3601 1647 3665 i,
1711 3602 1813 3652 Sed
1848 3607 1904 3652 et
1926 3616 1953 3649 o
1975 3602 2072 3665 pro
2093 3598 2140 3648 ἑο
2166 3599 2295 3647 bene
2317 3596 2496 3654 habet,

298 3667 733 3729 que-admodum
755 3665 793 3715 ὃ
817 3666 1006 3728 Ἴακχε,
1037 3664 1076 3715 3
1106 3665 1310 3729 Βρόμιε)
1328 3668 1465 3717 Jani.
1513 3673 1530 3697 ‘
1554 3666 1712 3716 Posui
1736 3675 1984 3731 puuctum
2011 3673 2130 3730 post
2151 3664 2326 3723 Dema,
2345 3676 2411 3710 ne
2427 3674 2493 3709 eo

298 3732 475 3843 potius
500 3732 714 3849 ragam,
736 3732 994 3859 exaud&
1030 3731 1329 3795 Horatium,
1366 3746 1547 3783 vocem
1573 3732 1856 3795 Gangen-tem
1869 3748 1892 3791 ‚·
1923 3730 2061 3798 quod
2086 3728 2493 3779 concinnitatem

321 3799 402 3846 oci
428 3810 519 3862 per
593 3801 707 3849 ret!
926 3830 941 3847 .

1285 3890 1506 3942 NOTAE

298 4005 434 4068 dius,
466 4004 587 4057 hinc
625 4013 826 4058 veteres
860 4004 1138 4070 Naiadum,
1170 4003 1223 4054 id
1259 4011 1359 4070 est,
1436 4005 1576 4056 aibas
1591 4005 2020 4068 wencrest-axinus,
2036 4003 2242 4055 videtur
2258 4001 2492 4052 allusisse

297 4080 655 4147 Nympharum
698 4080 989 4134 fluminibus
1035 4081 1359 4147 praesidenti-
1440 4082 1692 4133 Horatius
1726 4081 1790 4131 ad
1831 4081 1881 4130 id
1916 4080 2058 4146 quod
2081 4079 2263 4131 scribit
2285 4078 2492 4142 Euripi-

298 4173 402 4219 um‚
427 4158 624 4222 Regem
647 4157 845 4209 finxere
872 4158 1149 4209 Bacchum.
1172 4164 1178 4171 ‘
1342 4152 1349 4161 '
1437 4157 1529 4209 des
1554 4159 1604 4208 in
1624 4157 1842 4208 Bacchis
1868 4156 1986 4208 Act.
2010 4171 2086 4208 tv.
2104 4171 2218 4207 cum
2238 4155 2490 4209 evasisset

365 4239 426 4284 15
452 4233 771 4299 Baccharum]
792 4233 985 4285 Bacchi
1002 4233 1357 4285 Sacerdotum.
1435 4236 1486 4284 in
1511 4233 1737 4284 abietem
1772 4233 2034 4284 Pentheus
2069 4231 2264 4282 rabiem
2287 4228 2493 4293 fugiens

299 4308 454 4363 Quod
479 4309 709 4378 additur,
729 4312 986 4384 achatium
1006 4312 1355 4365 Posce-asm-
1432 4310 1829 4377 Bacchantium,
1871 4324 1935 4363 eo
1982 4309 2161 4362 statim
2204 4305 2492 4359 accurrisse
