3059 4909
1282 409 1352 475 Q.
1399 411 1718 461 nom-1⁵11
1768 409 2034 460 ηΑοοι

909 554 1087 621 Inire
1116 555 1329 631 sedeS,
1360 555 1604 620 ducere
1633 553 1923 620 nectaris

994 659 1274 735 Succos,
1304 663 1370 723 et
1393 656 1645 721 ascribi
1675 654 1925 739 quietis

1080 760 1443 825 Ordinibus
1470 760 1691 842 patiar
1721 757 2040 822 Deorum.

908 864 1089 927 Dum
1115 862 1356 946 longus
1385 862 1559 926 inter
1586 860 1828 926 saeviat
1855 858 2037 923 Ilion

905 964 1331 1050 Romamque
1365 972 1634 1048 pontus,
1666 963 1970 1047 qualibet
1997 961 2232 1026 exules

994 1066 1073 1131 In
1104 1075 1292 1150 parte
1321 1074 1648 1148 regnanto
1678 1065 1904 1146 beati3

1080 1167 1261 1230 Dum
1295 1166 1549 1231 Priami
1581 1166 1987 1249 Paridisque
2016 1166 2223 1237 busto

905 1268 1192 1335 Insultet
1212 1276 1605 1347 armentum,
1637 1276 1707 1333 et
1736 1268 1997 1334 catulos
2029 1267 2221 1331 ferae·

2670 1165 2754 1227 40

560 1476 713 1525 sim
731 1474 920 1537 ingredi
939 1447 1224 1525 domicilium
1245 1477 1505 1539 splendens,
1528 1473 1684 1526 bibere
1702 1481 1945 1534 nectareos
1959 1476 2178 1540 liquores,
2199 1480 2342 1538 atque
2360 1474 2609 1523 numinum
2617 1470 2756 1533 felici

558 1554 753 1588 numero
772 1540 1020 1590 mensori.
1088 1540 1352 1589 Dummodo
1377 1540 1567 1600 Trajan·
1600 1543 1727 1591 inter
1758 1546 1806 1591 et
1834 1541 2037 1589 Romam
2063 1541 2232 1602 ingens
2265 1554 2395 1589 mare
2416 1539 2624 1600 fremat,
2644 1551 2754 1601 qw-

558 1616 753 1666 eumqas
772 1603 825 1653 ia
845 1605 1038 1666 regione
1054 1605 1284 1668 inruperant
1308 1604 1555 1665 fortunati
1591 1609 1819 1654 extorres.
1883 1606 2030 1654 Modo
2049 1619 2191 1668 super
2215 1606 2476 1667 sepulcrum
2499 1602 2689 1652 Priami
2708 1602 2758 1650 et

1466 1750 1681 1772 ‘uem
1685 1749 1835 1772 “O“

559 1878 664 1928 qua
681 1863 807 1914 nihil
830 1864 1025 1927 tritius,
1038 1880 1131 1916 nos
1148 1866 1346 1930 agimus
1365 1867 1416 1918 in
1440 1869 1583 1933 Sylv.
1605 1870 1737 1920 Crit.
1762 1876 1892 1919 sect.
1916 1881 2069 1918 xnvr.
2090 1865 2327 1915 stuf—34
2362 1868 2378 1893 ‘
2396 1866 2628 1928 Vulgata
2648 1865 2749 1913 lec-

560 1929 653 1990 tio,
674 1930 860 1992 ducere,
881 1930 1007 1979 satis
1033 1946 1128 1994 per
1150 1947 1205 1981 se
1227 1932 1380 1992 bono,
1402 1941 1462 1982 ut
1484 1948 1524 1983 1.
1550 1933 1654 1984 od.
1682 1938 1761 1984 17.
1783 1938 1869 1984 22.
1936 1932 2039 1982 Sed
2066 1932 2235 1994 prisca
2257 1929 2418 1979 lectio
2440 1929 2574 1979 baud
2597 1928 2748 1978 dubie

545 1992 738 2043 discere
750 2011 772 2052 ,-
806 2009 956 2059 quam
991 1996 1104 2059 jam
1124 2003 1247 2046 ante
1269 1998 1448 2047 oculos
1471 1998 1654 2050 babuit
1678 1999 1938 2061 Porphyr.
1962 1997 2259 2059 explicans=
2296 1997 2312 2023 ⁸
2333 2007 2634 2044 assuescere
2671 2009 2744 2042 sa-

557 2058 769 2120 poribus
793 2059 1051 2109 nectaris.'
1068 2059 1085 2082 ⁹
1115 2061 1253 2110 Jani.
1317 2062 1456 2112 Item
1493 2065 1569 2117 sic
1603 2063 1828 2112 Bentleii
1852 2064 2031 2113 Graev.
2058 2060 2241 2122 Regin.
2261 2059 2494 2121 Magdal.
2526 2074 2559 2107 a
2581 2073 2648 2107 m.
2673 2073 2749 2122 pr.

558 2121 678 2172 Gal.
717 2122 915 2172 Battel.
955 2124 1108 2174 Bodl.
1137 2126 1353 2188 Vigor-n.
1391 2133 1448 2176 et
1491 2128 1724 2177 Colbert.
1764 2142 1858 2190 pro
1898 2141 2008 2176 var.
2042 2126 2169 2175 lect.
2205 2125 2307 2173 dno
2339 2125 2491 2173 Torr.
2527 2123 2747 2174 Mentel.

556 2185 784 2235 Helmst.
810 2187 918 2237 Ait.
936 2191 985 2238 2.
1010 2189 1149 2253 LipS.
1171 2194 1222 2239 3.
1291 2191 1480 2241 Venet:
1502 2195 1650 2241 1478.
1671 2193 1886 2241 Looher.
1952 2190 2153 2255 Soepius
2169 2190 2352 2239 discere
2372 2196 2428 2237 et
2447 2191 2615 2238 ducere
2638 2202 2746 2251 per·

553 2258 757 2300 mutata
780 2266 809 2300 a
833 2252 1036 2302 librarr.
1058 2254 1180 2302 vid.
1202 2268 1251 2304 e.
1273 2270 1321 2318 g.
1347 2256 1619 2305 Claudian.
1648 2257 1712 2306 R.
1728 2257 1794 2306 P.
1820 2270 1880 2306 11.
1902 2260 2016 2306 368.
2049 2260 2105 2304 et
2127 2254 2199 2303 ibi
2233 2253 2303 2302 N.
2328 2252 2514 2303 Heius.
2579 2252 2749 2302 Timet

554 2315 730 2364 Bentl.
754 2329 820 2365 ne
854 2317 870 2344 ‘
889 2316 1088 2368 discere
1107 2317 1123 2341 '
1159 2319 1390 2370 includat
1411 2319 1795 2383 difficultatem,
1818 2320 2100 2375 fastidium,
2120 2323 2333 2368 metum.
2398 2317 2546 2367 Harl.
2567 2320 2614 2367 l.
2631 2319 2678 2364 Δ.
2699 2320 2748 2365 6.

554 2379 760 2438 discere;
782 2381 1170 2444 Delpb..Bond.
1194 2384 1457 2435 Scbrevel.
1477 2385 1652 2435 Bentl.
1671 2386 1894 2450 Cuning.
1917 2382 2103 2434 Sanad.
2125 2381 2571 2447 Bipont.Mitsch.
2586 2382 2748 2442 *Gesm

555 2442 719 2492 Zeun.
745 2444 924 2495 Comb.
944 2448 1382 2498 wetzel-Wakef.
1400 2457 1455 2500 et
1478 2450 1640 2499 Kidd.
1656 2453 1973 2500 dusera—3⁷
2010 2449 2154 2509 Lips.
2172 2452 2220 2497 3.
2246 2454 2302 2496 et
2323 2446 2531 2511 quidam
2558 2446 2643 2495 alii
2663 2459 2745 2508 ap.

552 2507 697 2569 Jani,
731 2510 1040 2576 intersaeeiat,
1076 2513 1501 2577 conjuncta-41
1541 2514 1832 2566 Helmstad.
1865 2520 1919 2564 ut
1947 2515 2273 2562 catulos—48
2308 2512 2485 2573 Ingens
2515 2525 2612 2575 pro
2637 2510 2747 2560 Ful-

1538 2659 1755 2714 NOTAE

615 2756 680 2803 34
713 2752 903 2805 Ducere
922 2756 1129 2807 acuaris
1144 2755 1342 2820 Succos]
1393 2756 1608 2807 Coelesti

549 2829 669 2879 cibo
687 2840 937 2897 potuque,
954 2833 1192 2897 adeoque
1213 2833 1607 2883 immortalitate

547 2904 682 2956 frui:
708 2909 937 2958 Deorum
963 2917 1255 2959 consortem
1273 2923 1405 2958 esse.
1449 2908 1607 2972 Apud

547 2980 763 3032 Pindar.
798 2982 992 3033 dicitur
1009 2985 1254 3035 Tantalus
1278 2986 1503 3035 Deorum
1523 2983 1608 3036 fu-

546 3061 690 3106 ratus
713 3065 895 3107 nectar
918 3065 974 3108 et
996 3060 1326 3122 ambrosiam,
1349 3061 1402 3111 in
1420 3062 1607 3126 quibus

545 3130 642 3180 Dii
663 3132 1106 3185 immortalitatem
1132 3143 1431 3200 posuerunt.
1470 3137 1607 3187 Vide

545 3205 761 3257 Lucian.
780 3209 914 3259 Dial.
930 3224 1069 3262 xxV.
1082 3213 1164 3262 cui
1180 3213 1320 3262 titul.
1338 3214 1353 3240 ‘
1371 3213 1607 3263 Deorum

546 3282 833 3335 Concilium
853 3285 898 3345 ;'
923 3288 1007 3336 ubi
1026 3287 1201 3339 facete
1220 3296 1273 3338 et
1292 3289 1464 3352 lepide
1485 3304 1607 3339 nec-

544 3363 628 3407 tar
650 3368 705 3408 et
728 3361 983 3413 ambrosia
1004 3363 1228 3414 deficere
1260 3364 1507 3414 dicuntur
1539 3364 1605 3414 ob

543 3435 927 3487 multitudinem
950 3439 1257 3499 bibentium,
1283 3440 1360 3489 sic
1385 3445 1443 3489 ut
1466 3440 1605 3489 mina

529 3509 642 3571 jam
676 3519 885 3562 constet
916 3517 1208 3565 sextarius:
1243 3515 1383 3566 unde
1414 3522 1468 3565 et
1500 3523 1604 3566 sta-

541 3586 704 3637 tuitur
740 3589 1253 3643 animadvertendum
1301 3594 1352 3642 in
1388 3592 1517 3643 falso
1552 3609 1605 3643 a·

543 3662 785 3725 scriptos,
804 3671 860 3715 et
875 3667 1050 3717 nescio
1064 3670 1325 3732 quomodo
1344 3670 1605 3719 existima·

542 3742 621 3785 tos
641 3740 805 3789 Deos.

605 3816 668 3861 35
705 3814 899 3870 Quietis
916 3819 1176 3871 Ordinibus
1186 3822 1421 3887 Deorum]
1441 3823 1601 3888 Apud

539 3887 818 3939 Boethium
836 3894 985 3943 Deus
1000 3896 1198 3946 stabilis
1212 3897 1228 3924 ‘
1240 3897 1601 3963 Immotusque

538 3976 751 4014 manens
773 3964 867 4016 dat
898 3977 1088 4020 cuncta
1119 3972 1350 4022 moveri?
1415 3975 1601 4037 virgil.

538 4038 655 4089 AEn.
694 4055 771 4092 lv.
808 4046 924 4093 879.
953 4047 969 4073 ‘
993 4046 1206 4098 Scilicet
1234 4048 1275 4097 is
1297 4051 1501 4112 superis
1522 4050 1598 4099 la-

536 4112 636 4163 bor
669 4125 783 4165 est:
821 4131 885 4166 ea
918 4133 1043 4168 cura
1083 4122 1286 4184 quietos
1318 4124 1596 4175 solicitat!

539 4190 745 4255 Nempe
766 4192 922 4242 solius
944 4194 1235 4247 divinitatis
1257 4205 1338 4249 est
1361 4200 1528 4264 quies.

603 4268 665 4314 37
699 4267 832 4318 Dum
848 4269 1017 4332 hugus
1036 4270 1180 4332 iuter,
1200 4275 1309 4340 dm]
1339 4276 1597 4342 ,Dummo-

1687 2757 1758 2808 do
1793 2755 1945 2806 Ilium
1982 2755 2122 2804 inter
2158 2758 2215 2803 et
2254 2752 2748 2814 Romam.magnum

1688 2830 1955 2883 interfluat
1975 2844 2140 2902 mare,
2174 2844 2274 2895 quo
2303 2828 2520 2878 Romani
2545 2843 2576 2877 a
2600 2827 2746 2877 resti-

1690 2908 1883 2958 tuenda
1921 2907 2099 2971 Troja,
2137 2904 2526 2969 repetendaque
2570 2911 2746 2954 vetere

1687 2985 1859 3048 patria
1915 2985 2294 3045 deterreantur,
2350 2986 2747 3045 arceanturque,

1688 3059 1919 3126 qnalibet
1961 3058 2014 3108 in
2049 3057 2187 3108 orbis
2232 3063 2383 3122 parte
2425 3057 2533 3106 sint
2573 3057 2746 3116 beati3

1688 3138 1811 3203 quin
1844 3146 1900 3186 et
1934 3142 2155 3200 regnent
2187 3149 2250 3184 ac
2286 3133 2649 3195 dominentnr3
2693 3139 2747 3183 at

1689 3214 1899 3263 exulent
1921 3212 2103 3276 procul
2126 3226 2160 3260 a
2180 3211 2389 3275 regione
2416 3216 2477 3261 et
2508 3211 2624 3264 solo
2659 3224 2749 3274 pa·

1688 3287 1808 3338 trio.

1751 3365 1817 3412 40
1848 3361 1982 3411 Dum
2027 3361 2217 3416 Priami
2268 3360 2558 3423 Paridisque
2599 3361 2747 3423 buseo,

1682 3436 1790 3500 εγω]
1824 3436 1986 3486 Modo
2020 3443 2126 3485 tam
2168 3435 2378 3488 deserta
2411 3436 2482 3484 sit
2516 3433 2743 3498 Trojana

1686 3519 1844 3569 terra,
1867 3519 1927 3561 ut
1957 3525 2169 3575 gramen
2210 3510 2466 3573 producat
2499 3508 2743 3562 armentis

1681 3587 1956 3650 pascendis
1977 3587 2237 3644 idoneum,
2257 3587 2328 3637 sit
2352 3586 2650 3636 eunstrum
2666 3581 2740 3635 fe·

1679 3681 1873 3730 rarum,
1897 3667 1986 3719 ubi
2018 3667 2227 3732 impune
2253 3666 2356 3716 iuae
2386 3664 2587 3714 catulos
2615 3659 2740 3711 eniti

1679 3749 1736 3793 et
1758 3744 1986 3795 educare
2017 3750 2212 3809 queant
2232 3743 2422 3807 absque
2444 3741 2558 3789 ullo
2578 3743 2736 3788 metu.

1678 3820 1757 3869 Ea
1781 3820 2081 3871 conditione
2094 3824 2201 3869 stet
2217 3817 2553 3882 Capitolium,
2573 3814 2738 3866 Roma

1677 3893 1881 3954 floreat,
1904 3904 2060 3960 atque
2083 3907 2286 3958 nomen,
2308 3891 2498 3942 famam
2522 3890 2735 3955 Imperi·

1677 3985 1866 4036 umque
1889 3970 1955 4020 ad
1979 3970 2188 4020 ultimas
2212 3968 2466 4020 extendat
2486 3981 2620 4017 oras.
2656 3963 2734 4015 Ad

1678 4045 1951 4096 Orientem
1985 4046 2076 4097 det
2100 4047 2221 4111 jura
2243 4044 2453 4106 Medis3
2490 4045 2561 4094 ad
2581 4041 2735 4094 Occi·

1677 4120 1887 4172 dentem
1910 4123 2177 4188 Hispanis,
2197 4137 2301 4187 qua
2318 4121 2524 4172 medius
2545 4121 2732 4184 liquor,

1676 4201 1776 4248 ἀει.
1807 4197 1873 4247 ad
1910 4199 2205 4265 Meridiem,
2237 4198 2423 4259 Afris;
2458 4212 2562 4263 qua
2582 4195 2729 4248 turni«

1675 4276 1771 4329 dus
1793 4278 1948 4344 rigat,
1968 4281 2069 4330 dcc.
