3059 4909
1010 434 1424 484 cAanuM
1479 434 1781 484 mu.-1n.
1826 420 1890 483 5.

2408 417 2539 482 405

684 577 1167 643 Incontinentis
1195 598 1318 678 nec
1348 578 1531 662 Tityi
1555 577 1751 662 jecur
1781 639 1786 644 .

683 678 1032 764 Relinquit
1061 682 1222 759 aleS,
1254 681 1576 764 nequitiae
1610 680 1877 745 additus

766 781 1054 849 Custos:
1102 790 1469 874 amatorem
1502 791 1813 848 trecentae

855 885 1227 952 Pirithoum
1257 886 1572 952 cohibent
1599 888 1878 967 catenae}

2448 881 2536 947 80

325 1078 570 1131 libidinosa·
595 1084 725 1148 mys
757 1085 903 1147 hepar
923 1084 1124 1134 dimittit
1140 1086 1299 1134 vultur
1320 1083 1526 1135 luxurioe
1551 1082 1725 1133 andex
1744 1082 1985 1147 appositus
2001 1097 2018 1131 .-
2050 1044 2284 1132 amastem
2305 1093 2418 1129 vero
2440 1076 2530 1127 1³2·-

325 1146 535 1196 rithoum
550 1153 761 1199 trecenta
793 1150 1005 1199 coercent
1026 1151 1231 1198 vincula.

327 1364 385 1407 et
431 1356 775 1420 Bipont.--77
815 1357 966 1422 Tyrii,
1025 1358 1147 1407 Ticis·
1198 1333 1582 1421 variantesap.
1623 1357 1895 1409 ,lauh—78
1932 1357 2146 1421 Reliquit
2181 1354 2324 1417 Lips.
2364 1359 2410 1404 1.
2463 1369 2529 1404 ex

329 1423 533 1471 emend.
559 1422 700 1486 Lips.
724 1426 773 1471 3.
792 1428 841 1473 4.
865 1424 1081 1474 Mentel.
1111 1425 1299 1473 Venet.
1324 1427 1469 1473 1492.
1508 1424 1725 1472 Loclier.
1765 1429 1819 1470 et
1849 1422 2200 1472 Ascens.-80
2233 1420 2521 1485 Pyrithoum

334 1502 444 1536 var.
469 1488 595 1538 lect.
622 1488 867 1552 apulam,
905 1489 1183 1539 Perithoum
1204 1487 1425 1538 Ascens.

1492 1488 1792 1537 Pez‘rithoum
1811 1488 2046 1537 Torrent.

1322 1618 1542 1671 NOTAE

326 1731 670 1780 prorumpens
706 1717 932 1768 absumit
971 1734 1087 1768 eum
1129 1727 1385 1767 montem:

324 1792 562 1857 adeoque
593 1808 695 1842 non
730 1794 1028 1843 minuuntur
1050 1794 1163 1857 ejus
1189 1794 1389 1843 crucia·

326 1876 425 1920 tus.
482 1868 620 1918 Vide
644 1872 855 1921 Lucret.
877 1870 969 1920 lib.
994 1883 1073 1919 vr.
1111 1870 1276 1920 AEtnae
1301 1870 1390 1919 de·

324 1946 685 2011 scriptionem,
705 1950 807 1997 &tu

323 2019 328 2026 ’
388 2027 452 2073 77
487 2023 835 2074 lucontinentis
865 2039 948 2074 nec
974 2024 1107 2090 Tityi
1125 2023 1266 2083 jecur
1291 2024 1387 2078 Re·

320 2100 497 2164 linquit
512 2100 633 2164 ales]
669 2100 863 2150 Vultur
900 2101 1039 2165 Tityi
1067 2102 1220 2166 jecur
1243 2102 1387 2151 velli-

320 2192 448 2228 cans
487 2177 624 2227 haud
649 2177 789 2226 illum
827 2192 1048 2243 unquam
1086 2178 1280 2242 patitur
1308 2179 1385 2227 in·

320 2256 707 2321 terquiescere3
756 2254 894 2319 qnod
931 2256 1143 2305 Latonae
1176 2256 1277 2304 vim
1312 2255 1385 2304 in-

319 2331 460 2382 ferre
486 2322 787 2381 tentaverit}
821 2330 957 2380 Vide
978 2346 1043 2381 11.
1066 2331 1170 2382 od.
1196 2332 1277 2382 14.

383 2411 449 2457 78
487 2406 752 2472 Nequitioe]
791 2406 1077 2456 Libidinem
1121 2423 1219 2457 non
1262 2422 1382 2458 raro

317 2490 468 2533 notat
489 2498 554 2533 ea
576 2497 693 2532 vox.
724 2484 832 2532 Cic.
859 2482 909 2532 in
933 2483 1177 2533 Verrem:
1212 2484 1229 2511 ‘
1251 2485 1381 2533 Ves-

318 2561 446 2624 tigia
478 2559 705 2609 libidinis
748 2567 802 2607 et
844 2559 1121 2623 nequitia-3
1170 2560 1380 2608 Tuscul.

316 2651 406 2686 ιιι.
439 2651 491 2685 n.
533 2639 625 2698 17.,
664 2641 680 2663 ‘
706 2635 1043 2699 Frugalitatis
1087 2643 1171 2685 est
1215 2645 1381 2686 motus

315 2713 476 2763 animi
522 2703 820 2777 appetentis
867 2728 1048 2776 regere
1083 2723 1138 2762 et
1181 2714 1383 2777 sedare,

316 2804 625 2856 semperque
651 2790 1008 2840 adversantem
1035 2790 1253 2850 libidini,
1275 2806 1379 2841 mo·

1471 1716 1706 1765 deratam
1730 1715 1782 1764 in
1820 1713 1959 1765 omni
1981 1727 2037 1763 re
2060 1725 2267 1762 servare
2290 1718 2529 1762 constan-

1467 1793 1592 1841 tiam
1613 1808 1628 1853 ς
1665 1791 1744 1840 cui
1761 1790 2075 1840 contrarium
2100 1787 2278 1837 vitium
2298 1788 2530 1853 nequitia

1466 1871 1678 1944 dicitur.
1716 1870 2009 1934 Frugalitas
2048 1883 2081 1917 a
2115 1865 2266 1930 fruge
2291 1900 2305 1915 .
2324 1901 2338 1917 .
2361 1901 2375 1916 .
2399 1899 2413 1913 .
2436 1882 2525 1917 ne-

1465 1949 1632 2014 quitia
1648 1948 1714 1998 ab
1738 1962 1800 1997 eo
1823 1945 1960 2012 quod
1983 1946 2324 2010 nequicquam
2357 1950 2438 1993 est
2472 1943 2523 1992 in

1464 2025 1558 2076 tali
1581 2024 1817 2074 homine:
1853 2037 1919 2072 ex
1942 2036 2043 2087 qno
2066 2019 2200 2070 idem
2226 2019 2368 2068 nihili
2393 2019 2521 2069 dici-

1465 2099 1584 2150 tur?
1618 2100 1757 2149 Geli.
1792 2113 1896 2148 vu.
1931 2102 2012 2149 ll.
2061 2098 2076 2125 ⁸
2106 2096 2341 2162 Nequam
2363 2096 2525 2146 homi-

1450 2186 1580 2227 'nem
1616 2175 1792 2227 Graeci
1823 2176 2003 2224 dicunt
2038 2171 2325 2230 ἀκόλαστον,
2361 2173 2523 2223 libidi-

1463 2270 1658 2311 nasum,-
1717 2253 1797 2302 vel
1855 2252 2037 2315 μιαρὸν,
2094 2250 2371 2312 scelestum,’
2424 2254 2526 2301 &c-

1462 2332 1596 2381 Vide
1616 2330 1853 2380 Mam-ob.
1877 2331 2086 2379 Saturn.
2106 2328 2199 2377 lib.
2219 2341 2280 2376 11.
2305 2329 2354 2376 in
2378 2325 2502 2378 fine.

1528 2411 1594 2456 79
1625 2409 1898 2458 Amatorem
1916 2411 2139 2456 trecentoe
2157 2404 2433 2454 Pirithoum
2447 2420 2523 2454 co·

1461 2484 1623 2534 hibent
1666 2484 1867 2547 catena]
1920 2482 2139 2532 Amator
2179 2480 2268 2529 ille
2304 2487 2524 2529 temera-

1462 2563 1590 2626 rius,
1613 2560 1979 2623 Proserpinam
2012 2565 2070 2607 ut
2100 2563 2312 2620 raperet
2344 2555 2408 2604 ad
2437 2556 2524 2605 In-

1461 2637 1601 2688 feros
1642 2636 1928 2701 profectus,
1962 2634 2032 2683 ibi
2058 2634 2253 2684 catenis
2276 2632 2523 2682 constric-

1463 2725 1548 2766 tus
1585 2728 1756 2778 poenas
1796 2712 1890 2762 luit
1927 2725 2110 2774 graves
2150 2725 2210 2760 ac
2248 2708 2519 2758 diuturnas

1461 2807 1567 2842 suae
1591 2789 2017 2854 intemperantiae.

1245 3028 1443 3096 ODE
1505 3027 1597 3094 V.

315 3210 549 3263 Narrata
580 3215 829 3278 praeclara
852 3214 1030 3266 Attilii
1064 3215 1250 3278 Reguli
1276 3213 1491 3264 historia
1512 3212 1749 3263 ostendit
1772 3212 2082 3277 Augustum,
2112 3211 2401 3259 instaurata
2435 3219 2523 3255 ve·

383 3294 485 3342 teri
519 3295 729 3346 militari
750 3295 1023 3359 disciplina
1060 3296 1380 3359 superiorum
1413 3302 1708 3358 temporum
1743 3292 2063 3357 negligentia
2095 3292 2345 3354 collapsa,
2368 3289 2521 3337 Rem·

384 3375 648 3437 publicam
671 3377 981 3439 restituisse,
1004 3376 1382 3441 imperiumque
1405 3375 1696 3425 Romanum
1721 3374 1918 3438 aequale
1949 3372 2110 3436 ipsius
2131 3371 2280 3422 ,lovis
2303 3368 2523 3431 imperio

385 3455 695 3508 reddidisse.
757 3457 1046 3523 Siquidem,
1091 3466 1150 3506 nt
1196 3457 1270 3506 ait
1302 3456 1604 3519 Suetonius,
1642 3454 1972 3517 disciplinam
2003 3450 2324 3501 severissime
2368 3447 2521 3497 rexit.

388 3538 686 3598 (Laudatur
711 3539 998 3603 Augustus,
1017 3539 1155 3603 qnod
1186 3538 1333 3602 hujus
1363 3538 1556 3587 virtute
1579 3540 1637 3585 et
1657 3534 1875 3584 nominis
1913 3532 2077 3597 gloria
2098 3531 2290 3581 factum
2315 3535 2447 3590 erat,
2469 3534 2526 3577 ut

383 3619 534 3681 signa
557 3624 611 3668 et
630 3619 840 3682 Captivi
863 3618 1122 3668 Crassiani
1143 3634 1174 3667 a
1197 3617 1408 3667 Parthis
1427 3616 1788 3666 redderentur.
1835 3613 1997 3664 Istam
2023 3626 2147 3661 vero
2163 3608 2523 3673 captivitatem

386 3700 741 3762 turpissimam
776 3714 890 3749 esse
929 3706 980 3747 et
1002 3714 1030 3747 a
1055 3697 1280 3747 moribus
1305 3698 1654 3747 Romanorum
1678 3695 1976 3753 abhorrere,
2004 3692 2299 3742 ostenditur
2330 3686 2524 3752 Reguli

384 3781 605 3831 consilio
629 3790 688 3831 et
709 3781 963 3845 exemplo.
997 3779 1177 3844 Zeun.)
1892 3849 1919 3892 ’

664 3894 788 3960 COE
801 3865 889 3958 nd
922 3845 1691 4095 tonafitemjvoredidimus
1717 3889 1764 3955 J
1768 3909 1962 3957 ovem

385 4049 501 4099 Non
538 4046 855 4098 dubitavimus
887 4049 1056 4098 Jovem
1092 4049 1206 4096 coelo
1302 4045 1497 4108 minari,
1526 4044 1711 4109 quando
1744 4039 1978 4091 intonuit.-
2009 4043 2059 4088 et
2080 4036 2326 4101 Augustus
2361 4031 2522 4083 vivens

1242 4173 1606 4196 “NO‘O‘OOOO

381 4261 501 4312 Ode
524 4258 724 4310 decima
764 4266 913 4311 sexta
939 4260 1083 4310 Libri
1107 4261 1279 4326 quarti
1313 4259 1366 4309 in
1407 4237 1508 4308 Ed.
1540 4255 1733 4306 Sanad.
1798 4250 2203 4316 Inscriptionem
2223 4248 2299 4298 ita
2323 4244 2524 4324 ysrlant

315 4327 471 4380 codd.
497 4326 709 4388 Augusti
727 4326 915 4377 Laudes
930 4343 951 4386 ,-
982 4328 1256 4390 Augustum
1276 4325 1482 4376 celebrat
1488 4338 1510 4384 ,·
1545 4322 1814 4384 Augustum
1846 4318 2047 4369 celebrat
2078 4320 2125 4365 et
2161 4314 2336 4376 Regale
2366 4311 2519 4360 virta-
