3059 4909
958 378 1374 428 caumatum
1427 380 1578 431 mn.
1624 365 1685 428 1.
1731 336 1839 431 20.

556 465 922 603 cantharis,
952 484 1198 591 Graeca
1228 524 1409 608 quod
1436 496 1561 614 ego
1591 499 1739 610 i'pse
1765 495 1951 593 testa

1602 190 1634 219 Q

2309 342 2491 428 '159

1252 689 1308 710 00
1315 689 1582 711 ‘000‘qu

299 791 578 844 Amoenitt.
601 791 789 843 Litter.
809 805 862 855 p.
880 795 960 842 11.
1028 791 1148 841 Non
1175 796 1326 856 putat
1345 793 1412 843 V.
1436 791 1503 840 1).
1544 791 1650 843 Vile
1685 791 1857 840 vinum
1884 789 2133 840 obtulisse
2157 788 2345 849 amico,
2385 792 2491 837 tam

298 860 376 908 ele
413 865 590 907 autem
611 856 888 914 hominem,
912 856 1206 906 Horatium.
1252 857 1457 907 Primas
1475 858 1762 906 carminum
1785 856 1965 905 literas
1985 854 2216 905 omisisse
2239 853 2496 914 librarios,

299 930 356 972 ut
415 924 637 986 einceps
661 923 1035 987 pingerentur-3
1074 935 1130 971 v.
1151 921 1367 972 Schrad.
1403 919 1561 973 Obss.
1600 937 1654 986 p.
1678 924 1759 971 13.
1782 924 1864 971 53.
1897 920 2058 985 igitur
2096 920 2299 1007 ex'alce
2334 917 2493 968 facile

1289 1051 1508 1103 NOTAE

360 1148 496 1199 Haec
533 1148 656 1200 Ode
688 1148 922 1213 ejusdem
964 1156 1047 1200 est
1079 1148 1255 1212 metri,
1290 1157 1352 1200 ut

300 1239 455 1291 supra
479 1238 544 1275 n.
575 1226 592 1254 ‘
615 1224 733 1277 Jam
756 1225 882 1274 satis
905 1224 1095 1275 terris.’

310 1362 317 1367 =
364 1306 388 1350 1
443 1300 550 1350 Vite
590 1301 796 1365 potabis,
836 1299 946 1364 lfa]
1011 1298 1353 1352 Profecturus

299 1384 412 1426 erat
437 1377 705 1427 Maecenas
742 1391 837 1427 seu
877 1377 932 1426 in
968 1376 1236 1441 Apuliam,
1268 1377 1359 1442 (ut

299 1452 410 1502 vult
433 1451 691 1519 Cruquius
715 1466 782 1503 ex
802 1452 972 1502 Divaei
993 1452 1197 1514 codice,
1215 1453 1353 1517 quod

298 1527 436 1577 idem
453 1535 603 1578 notat
618 1525 899 1592 Lubinus,)
916 1542 1012 1578 seu
1029 1529 1211 1593 quovis
1227 1529 1354 1581 alio:

299 1608 452 1653 antea
474 1617 598 1654 vero
620 1618 675 1654 se
699 1603 921 1654 Horatio
946 1619 1039 1669 pro
1062 1620 1260 1656 summa
1282 1608 1356 1656 in-

300 1685 380 1728 ter
416 1693 508 1729 eos
546 1678 902 1730 familiaritate
936 1681 1204 1733 convivam
1241 1680 1358 1733 fore

299 1753 634 1817 significarat.
701 1755 818 1806 Hac
839 1756 959 1808 Ode
989 1758 1227 1808 rescribit
1250 1760 1357 1810 Ho-

299 1832 463 1883 ratius
483 1831 787 1897 Maecenati‚
810 1840 1014 1898 gratum
1040 1834 1093 1882 id
1123 1835 1224 1885 sibi
1247 1837 1359 1900 qui·

302 1907 436 1970 dem,
460 1914 515 1957 at
551 1922 644 1972 pro
675 1924 768 1959 sua
790 1911 1046 1960 tenuitate
1069 1917 1226 1960 tenue
1248 1910 1360 1961 fore

301 1984 624 2035 convivium:
653 1999 921 2051 coenaeque
944 1995 1104 2050 caput
1129 2001 1194 2037 ex
1216 2003 1359 2039 more

303 2060 553 2124 proponit
588 2061 605 2089 ‘
629 2060 877 2112 Sabinum
903 2061 1114 2124 viuum,'
1152 2068 1211 2113 ut
1237 2078 1363 2127 ⁶eru-

304 2134 412 2186 dite
437 2142 616 2186 monet
635 2137 833 2187 Theod.
850 2139 1142 2189 Mar-cilius.

367 2211 624 2276 Sabinum]
663 2213 781 2264 Non
817 2216 972 2280 quale
1011 2222 1071 2266 tu
1110 2216 1269 2269 habes
1308 2218 1360 2268 in

304 2286 527 2337 cellariis
563 2302 871 2353 generosum
902 2291 1051 2342 bibes
1083 2293 1224 2357 apud
1247 2310 1329 2345 me
1346 2313 1363 2358 ;

303 2362 393 2412 sed
436 2364 799 2415 tantummodo
841 2366 937 2415 vile
979 2373 1035 2417 et
1069 2368 1361 2435 modicum;

305 2453 493 2502 nempe
536 2438 707 2490 vinum
752 2441 836 2491 vel
869 2457 935 2492 ex
973 2458 1073 2493 uva
1106 2445 1363 2500 Biturica,

304 2529 420 2579 qnae
437 2516 525 2566 ‘in
543 2516 787 2581 eligendo
809 2518 919 2569 solo
936 2532 1161 2582 morosa,
1185 2519 1365 2583 pingui

303 2593 586 2656 putrescit,
607 2594 781 2657 gracili
814 2595 1020 2644 omniuo
1054 2609 1158 2644 non
1182 2609 1365 2659 prove·

304 2669 410 2719 nit:
430 2670 653 2723 median
667 2671 975 2735 temperiem
988 2671 1213 2722 delicate
1227 2687 1370 2737 quoe·

304 2744 394 2809 rit,
425 2745 494 2796 ob
532 2746 634 2796 hoc
663 2745 868 2796 Sabinis
905 2738 1121 2799 collibus
1148 2746 1366 2799 familia-

303 2819 410 2869 ris?
465 2822 548 2870 Ex
586 2822 726 2872 Plin.
759 2835 885 2874 xiv.
920 2827 969 2872 2.
1008 2824 1093 2873 vel
1131 2825 1147 2851 ‘
1174 2839 1203 2871 e
1228 2824 1369 2873 vina-

307 2897 462 2960 ciola,
478 2912 631 2962 quam
650 2898 747 2947 soli
761 2911 950 2948 novere
964 2898 1142 2949 Sabiui
1158 2914 1219 2949 ac
1239 2901 1369 2950 Lau·

306 2973 443 3020 renti
462 2974 498 3019 :’
531 2988 598 3023 ex
619 2973 803 3023 eodem
826 2974 948 3026 ibid.
972 2989 1088 3038 cap.
1106 2979 1157 3026 3.
1205 2976 1367 3026 Athe-

306 3061 453 3098 naeus
477 3055 651 3099 autem
669 3062 711 3099 1.
731 3052 813 3100 21.
843 3051 933 3108 ait,
967 3052 983 3079 ‘
1009 3051 1157 3102 Inter
1180 3052 1369 3103 Italica

307 3125 429 3174 vina
468 3125 779 3175 levissimum
819 3141 931 3178 esse
969 3127 1238 3190 Sabinum,
1274 3143 1367 3191 po-

306 3201 488 3264 tuique
514 3201 879 3264 tempestivum
903 3202 971 3251 ab
994 3217 1125 3253 anno
1148 3204 1370 3269 septimo

308 3291 475 3342 usqne
500 3277 567 3326 ad
588 3278 845 3327 decimum
868 3278 1143 3343 quintum!

373 3354 588 3405 Medicis
634 3344 915 3418 Canthara]
953 3354 1000 3404 Δ
1039 3354 1184 3421 petits
1220 3355 1370 3406 brocs.

310 3430 421 3479 Pro
444 3428 680 3494 quolibet
695 3442 815 3478 vase
837 3429 922 3478 hic
946 3430 1155 3495 ponitur
1176 3433 1373 3483 ωυζζια·

308 3521 413 3567 rus,
435 3507 523 3571 qui
546 3506 758 3570 quidem
784 3520 886 3555 non
921 3521 1136 3571 parvum
1161 3515 1245 3560 est
1266 3524 1375 3572 vas,

311 3595 433 3632 cum
446 3581 622 3631 Sileno
640 3582 958 3632 attribuatur
973 3598 1221 3648 perquam
1239 3585 1376 3635 ebri-

313 3668 426 3720 oso,
450 3658 725 3722 gravisque
748 3659 1064 3723 appelletur,
1095 3660 1275 3723 Eclog.
1294 3676 1374 3712 vt.

314 3737 397 3783 17.
428 3735 445 3762 ‘
470 3735 541 3783 Et
566 3734 738 3798 gravis
762 3735 942 3784 attrita
966 3736 1231 3799 pendebat
1254 3753 1375 3789 can-

314 3810 496 3859 tharus
513 3808 674 3861 ansa.'
705 3810 1009 3860 Xenarcbus
1031 3811 1171 3876 apud
1187 3813 1376 3862 Athen.

318 3902 381 3939 11.
399 3894 450 3940 6.
480 3895 496 3918 ‘
523 3890 608 3939 Ne
630 3887 856 3947 affunde,
879 3904 911 3940 o
943 3904 1089 3954 puer.
1110 3891 1164 3939 in
1193 3905 1375 3956 argen-

318 3971 458 4014 teum
480 3966 720 4029 poculum
744 3985 759 4027 ;
782 3965 873 4015 sed
897 3967 1072 4029 potius
1092 3967 1143 4016 in
1166 3964 1376 4031 profun-

321 4039 443 4090 dum
457 4039 797 4095 cantharum.’
823 4040 960 4090 Ibid.
975 4042 1234 4105 Epigenes
1251 4057 1264 4090 ε
1284 4040 1380 4091 ‘At

323 4116 598 4166 cantharo:
638 4129 775 4165 nunc
810 4128 915 4164 uon
946 4114 1153 4178 fingunt
1178 4107 1377 4180 amplos

323 4190 439 4318 {llos
477 4199 531 4241 et
565 4204 809 4260 capaces,
842 4191 932 4242 sed
971 4191 1181 4241 humilia
1220 4206 1376 4258 pocu-

345 4265 410 4329 a,’
426 4269 526 4318 ὅτε.

1495 1153 1528 1198 2
1549 1148 1722 1198 Groeca
1737 1149 1861 1212 quod
1872 1161 1958 1210 ego
1978 1148 2080 1211 ipse
2096 1151 2216 1197 testa
2240 1144 2495 1195 Comitum

1432 1226 1548 1290 leui]
1583 1227 1776 1276 Vinum
1816 1226 2004 1290 alioqui
2045 1239 2147 1275 non
2183 1222 2497 1289 exquisitum

1434 1317 1501 1354 ex
1517 1318 1580 1353 eo
1597 1301 1925 1353 commendat
1944 1300 2212 1362 Horatius,
2229 1299 2364 1365 quod
2382 1298 2498 1363 ipse

1435 1380 1671 1431 studiose
1702 1378 2013 1439 condiderit,
2043 1375 2320 1436 condierit,
2345 1372 2499 1424 obtu-

1438 1458 1588 1519 rarit,
1630 1455 1847 1506 notarit.
1913 1455 2151 1506 Quatuor
2176 1452 2279 1501 ista
2311 1463 2498 1513 nempe

1439 1540 1645 1584 veteres
1689 1533 1863 1582 viuum
1904 1529 2161 1581 servaturi
2198 1526 2498 1578 faciebamt

1437 1608 1803 1663 diffundebant
1845 1609 1898 1658 in
1939 1620 2096 1657 vasa:
2148 1603 2341 1655 deinde
2378 1617 2502 1653 con-
2561 1646 2570 1653 .

1439 1685 1655 1736 diebaut
1682 1686 1700 1714 ‘
1720 1685 1942 1736 admista
1974 1684 2140 1743 calce,
2173 1682 2300 1743 sale,
2329 1692 2505 1737 croco,

1440 1763 1632 1823 resina,
1658 1761 1792 1825 pice,
1806 1763 1904 1810 διο.
1928 1765 1988 1809 ut
2007 1756 2138 1809 odor
2160 1757 2279 1806 vino
2299 1755 2506 1805 contin-

1439 1844 1609 1900 geret,
1645 1843 1700 1886 et
1735 1836 1933 1900 saporis
1969 1831 2225 1897 acumen‚'
2253 1846 2320 1881 ex
2359 1830 2501 1880 Plin.

1441 1927 1514 1963 lv,
1542 1917 1620 1963 19.
1644 1917 1725 1963 20.
1760 1922 1816 1962 et
1852 1915 1934 1961 21.
1970 1918 2078 1960 tum
2113 1909 2392 1973 diligenter
2415 1906 2507 1957 ob·

1444 1988 1696 2040 tut-abant
1709 1996 1868 2054 atque
1884 1986 2158 2037 illiuebant
2172 1986 2308 2048 pice,
2321 1996 2505 2047 gypso,

1441 2064 1582 2116 limo.
1633 2065 1806 2115 Docet
1845 2061 2133 2115 Columella
2155 2059 2266 2110 lib.
2312 2059 2408 2108 ult.
2448 2063 2506 2106 et

1443 2142 1581 2193 Plin.
1598 2142 1690 2192 cit.
1712 2142 1729 2169 ‘
1755 2140 1917 2206 picari
1942 2138 2082 2190 dolia
2103 2141 2364 2201 oportere,
2384 2133 2507 2183 dein

1441 2217 1689 2284 perfundi
1704 2232 1836 2283 aqua
1849 2216 2045 2266 marina
2057 2220 2149 2265 aut
2166 2213 2300 2262 salsa
2315 2228 2331 2274 ς
2369 2217 2509 2277 post-

1443 2309 1507 2345 ea
1528 2295 1705 2345 cinere
1722 2288 2227 2355 sarmentiaspergi!
2266 2287 2507 2352 Etpaulo

1442 2377 1599 2436 post:
1637 2377 1652 2400 ·
1677 2371 1752 2419 sic
1773 2368 2024 2434 opercula
2056 2367 2309 2417 doliorum
2345 2364 2510 2413 medi·

1443 2444 1629 2507 canda,
1647 2443 1822 2495 addita
1837 2443 2088 2492 mastiche
2104 2456 2166 2491 ac
2184 2438 2334 2505 pice-³
2357 2439 2507 2489 Pera.

1445 2535 1571 2571 vero
1591 2520 1704 2571 Sat.
1728 2533 1809 2571 xv.
1826 2523 1909 2568 29.
1932 2520 1948 2547 ‘
1965 2517 2179 2569 Seriolae
2197 2514 2387 2565 veteris
2401 2528 2511 2565 me·

1446 2605 1600 2646 tuens
1623 2596 1876 2646 deradere
1894 2595 2091 2658 limum,
2106 2591 2367 2657 Ingemit!
2404 2592 2510 2642 De·

1448 2672 1603 2736 nique
1641 2671 1889 2721 notabant
1920 2670 2072 2735 quale
2104 2668 2297 2732 vinum,
2320 2672 2375 2718 et
2404 2681 2509 2732 qno

1450 2756 1687 2812 tempore
1725 2747 1990 2798 conditum
2028 2745 2231 2796 fuisset.
2294 2744 2360 2794 Id
2395 2758 2510 2806 pas·

1449 2824 1545 2874 sim
1568 2825 1849 2874 observare
1870 2830 1969 2887 est,
1999 2831 2053 2872 et
2090 2828 2273 2886 postea
2306 2818 2513 2873 notabi-

1449 2914 1563 2949 mus
1596 2900 1826 2964 pluribus
1850 2900 1993 2951 locis.
2058 2897 2163 2948 Hic
2188 2911 2315 2961 ergo
2338 2896 2514 2960 priora

1450 2976 1552 3026 tria
1607 2982 1831 3042 quatuor
1894 2974 2066 3025 verbis
2122 2972 2514 3037 exprimuntur,

1447 3059 1691 3116 quartum
1714 3051 2090 3116 sequentibus.
2172 3050 2347 3098 (ἔπεσα
2390 3051 2514 3099 testa

1447 3129 1688 3178 conditum
1726 3129 1838 3190 tevi,
1875 3128 2065 3192 inquit,
2095 3127 2237 3176 datus
2256 3125 2308 3175 in
2328 3124 2514 3175 theatro

1448 3218 1554 3253 cum
1576 3203 1666 3253 tibi
1685 3205 1896 3266 plausum.
1950 3203 2109 3256 Quasi
2134 3202 2361 3251 diceret:
2391 3213 2515 3248 con-

1451 3278 1582 3341 didi,
1605 3294 1698 3329 seu
1718 3280 1772 3332 in
1798 3294 1920 3329 vasa
1944 3278 2145 3328 infudi:
2177 3278 2349 3328 Graeca
2372 3279 2514 3330 testa.

1450 3358 1538 3406 ve}
1566 3370 1725 3421 super
1763 3354 1946 3406 faecem
1982 3355 2087 3403 vini
2126 3351 2324 3413 Graeci,
2343 3350 2425 3399 vel
2461 3349 2516 3397 in

1453 3431 1604 3483 doliis
1646 3431 1929 3496 inquibus
1973 3434 2093 3478 aute
2137 3427 2300 3477 fuerit
2340 3424 2516 3475 vinum

1454 3509 1717 3571 Groecum,
1751 3514 1811 3557 ut
1834 3508 1909 3555 ita
1932 3506 2008 3554 vis
2035 3502 2226 3555 Sabino
2258 3512 2516 3564 saporque

1455 3584 1752 3639 accederet.
1810 3582 1996 3633 Tertio
2021 3581 2134 3629 levi
2167 3593 2259 3627 seu
2283 3578 2400 3639 pice
2426 3587 2515 3622 seu

1457 3675 1639 3727 gypso.
1706 3660 1944 3709 Demnm·
1976 3665 2181 3717 tempus
2218 3656 2385 3706 notat,
2428 3647 2518 3697 ad-

1456 3736 1646 3798 dendo,
1665 3751 1772 3786 cum
1790 3736 1931 3784 datu
1951 3732 2041 3781 tibi
2059 3732 2266 3793 plausus,
2284 3730 2366 3790 ξε.

1524 3813 1701 3863 Groeca
1721 3810 1867 3873 testa]
1903 3807 2049 3859 cado
2082 3814 2339 3865 testaceo,
2377 3800 2519 3866 quod

1457 3889 1594 3937 vasis
1631 3900 1796 3950 genus
1832 3899 1863 3934 e
1899 3883 2111 3935 Graecia
2140 3887 2325 3931 ortum.
2379 3876 2518 3928 Pliu.

1460 3976 1576 4014 ΧΠ.
1618 3968 1703 4014 21.
1748 3963 1839 4012 cit.
1887 3960 2079 4009 ‘Circa
2126 3958 2289 4023 Alpes
2331 3955 2519 4019 ligneis

1461 4040 1593 4088 vasis
1632 4037 1886 4101 condunt,
1927 4035 2233 4098 circulisque
2269 4028 2522 4095 cingunt!

1459 4116 1661 4173 Quibus
1712 4114 1881 4165 verbis
1927 4111 2156 4162 ostendit
2198 4110 2376 4158 Rome
2419 4107 2520 4159 ista

1461 4206 1584 4242 vasa
1606 4190 1830 4243 nondum
1851 4196 1976 4244 tunc
1999 4187 2049 4236 in
2072 4201 2166 4236 usu
2187 4182 2366 4236 fuisse.
