3059 4909
557 1024 1136 1117 METRA
1258 1005 2307 1123 H'ORATIANA.

737 1303 871 1364 CH.
913 1304 1144 1368 WASE
1187 1310 1619 1370 AMBROSIO
1664 1311 2113 1372 BONWICKE

1360 1558 1420 1616 S.
1454 1558 1517 1616 S.

336 2119 622 2178 Amssos
670 2125 759 2177 tot
795 2118 993 2197 magni
1029 2116 1181 2177 inter
1208 2116 1452 2178 Graecos
1499 2117 1755 2197 nominis
1799 2114 2024 2197 Lyricae
2049 2117 2294 2181 Possios
2317 2130 2521 2181 aucto-

335 2234 444 2287 res,
494 2234 651 2274 unus
701 2214 897 2275 nobis'
925 2213 1205 2275 Horatius
1248 2214 1411 2287 facit,
1452 2223 1521 2275 ut
1557 2214 1747 2274 lenius
1782 2213 2208 2277 desideremus.
2290 2215 2526 2278 Placuit

333 2309 509 2387 igitur
567 2310 802 2370 saeculis
851 2310 1070 2389 ingenii
1114 2311 1275 2383 felix,
1324 2311 1582 2372 numeris
1627 2311 1917 2371 curiosus.
2001 2308 2330 2373 Horatiana
2365 2323 2525 2373 certe

335 2404 528 2464 Metra
558 2406 879 2467 Diomedes
907 2418 969 2467 et
997 2406 1223 2468 Marius
1252 2407 1615 2480 Victorinus,
1639 2419 1854 2488 praeter
1892 2408 2168 2468 Plocium
2189 2418 2249 2469 et
2277 2409 2522 2468 Atilium

337 2500 844 2575 Fortunatianum,
872 2523 944 2562 ex
988 2503 1256 2582 professo
1296 2502 1551 2581 posteris
1592 2503 1885 2581 explicata
1914 2503 2293 2581 reliquerunt.
2377 2503 2522 2582 Spe-

333 2596 522 2657 cimen
573 2598 891 2659 eorundem
938 2600 999 2659 in
1044 2600 1276 2664 brevem
1322 2598 1598 2657 tabellam
1641 2599 1974 2678 conjectum
2027 2598 2353 2657 continenti
2394 2618 2524 2657 car-

336 2695 487 2753 mine
516 2693 850 2767 Petronius,
881 2696 1148 2777 quisquis
1191 2696 1241 2756 is
1283 2695 1417 2767 fuit,
1458 2700 1623 2773 (nam
1654 2695 1801 2755 alios
1832 2693 2096 2776 ejusdem
2125 2692 2375 2752 nominis
2406 2694 2525 2753 alia

336 2801 480 2849 aetas
523 2791 707 2864 tulit,)
735 2792 792 2849 in
820 2793 1034 2872 vulgus
1063 2792 1272 2853 edidit.
1354 2791 1451 2852 Ad
1486 2791 1648 2853 istud
1689 2791 2018 2871 exemplum
2059 2788 2345 2869 magistri,
2374 2808 2522 2868 quo-

335 2904 455 2945 rum
488 2885 817 2967 disciplinae
846 2888 1010 2967 origo
1057 2888 1197 2948 mihi
1240 2900 1436 2949 tecum
1475 2888 1806 2948 communis
1843 2888 1976 2960 fuit,
2005 2894 2152 2966 quot
2180 2885 2524 2964 septimanis

335 2992 558 3042 mutato
588 2982 780 3055 titulo,
809 3001 919 3043 nos
949 2984 1169 3044 tirones
1199 2984 1275 3043 ad
1304 2983 1674 3064 multijugam
1714 2985 1882 3066 Lyrae
1920 2983 2147 3044 Latinae
2168 2982 2526 3042 modulatio-

335 3096 467 3137 nem
513 3089 921 3140 exercuerunt.
1004 3080 1096 3140 Ita
1131 3079 1305 3140 velim
1341 3081 1457 3141 hoc
1487 3081 1708 3140 nomini
1738 3092 1841 3142 tuo
1869 3082 2214 3159 inscriptum
2242 3079 2524 3157 accipias,

334 3173 413 3231 ita
440 3174 680 3246 tuearis,
710 3192 828 3233 non
857 3185 1142 3254 tanquam
1187 3177 1426 3256 aliquod
1473 3197 1754 3257 magnum
1794 3189 1897 3238 aut
1937 3195 2176 3248 novum,
2205 3174 2310 3234 sed
2338 3183 2405 3233 ut
2431 3175 2523 3231 in-

337 3269 579 3350 dignum
622 3269 782 3349 quod
819 3271 880 3329 in
930 3272 1374 3334 desuetudinem
1425 3275 1624 3347 abeat,
1665 3294 1800 3334 cum
1847 3276 1906 3333 in
1947 3293 2010 3334 se
2047 3281 2278 3332 tantum
2305 3269 2524 3329 habeat

333 3366 688 3446 compendii.
771 3367 962 3428 Tuum
1010 3370 1123 3429 erit
1168 3370 1356 3431 vicem
1405 3368 1738 3449 Pasiphaeia
1767 3370 2143 3439 substituere,
2200 3366 2522 3444 Daphnen,

337 3464 746 3537 Phaethonta,
786 3465 1080 3528 Cadmum.
1159 3468 1461 3536 Quantum
1490 3466 1823 3548 argumenti
1847 3466 1963 3526 veri
1986 3474 2091 3524 aut
2110 3462 2366 3523 fabulosi
2382 3462 2523 3521 emi·-

335 3568 454 3630 net,
484 3561 787 3621 materiam
816 3561 1254 3640 suppeditabit;
1306 3562 1484 3623 modo
1523 3581 1599 3623 ne
1635 3561 1794 3622 desit
1820 3562 2074 3640 afflatus.
2139 3557 2307 3616 Ultro
2336 3556 2523 3635 rapiet

336 3654 408 3713 ad
439 3675 504 3714 se
535 3674 883 3735 generosam
912 3660 1154 3718 urbanae
1190 3658 1517 3735 juventutis
1557 3657 1841 3728 indolem,
1867 3656 1928 3715 ni
1956 3655 2148 3725 fallor,
2179 3651 2385 3711 artifex
2411 3668 2521 3730 pa-

262 3761 277 3769 ·
337 3749 510 3829 ginaz
560 3770 681 3830 quo
708 3752 926 3813 rectius
953 3754 1031 3814 ad
1061 3754 1510 3833 Dithyrambum
1556 3751 1944 3813 contendant.
2028 3749 2199 3835 Vale.
