3059 4909
1244 382 1315 440 Q·
1357 378 1677 429 nonnul
1729 376 1992 428 FbAGGI

791 525 958 591 Sunt
984 542 1159 609 quos
1189 523 1515 598 curriculo
1543 523 1886 609 pulverem
1909 521 2337 629 ‘Olympicum

527 705 639 750 sant
679 700 890 766 plerique
919 699 1000 766 qut
1029 702 1326 752 decurrentes
1353 699 1564 762 gaudent
1594 698 1844 762 conspergi
1874 697 2061 762 pulvere
2088 696 2351 763 Olympico,
2381 701 2429 745 et
2449 708 2564 759 quos
2586 698 2712 744 meta

531 920 805 970 emendare
828 921 1068 985 voluerit,
1092 936 1157 972 an
1183 921 1427 972 memoria
1448 921 1701 983 deceptus
1725 920 1910 970 siu—3
1943 917 2204 982 Sne-quoe

530 985 886 1049 accipiendum
921 1001 1030 1036 esse
1074 987 1253 1036 scribit
1289 987 1468 1048 Bentl.
1533 989 1550 1015 ‘
1572 985 1866 1049 Olympicum
1913 982 2107 1033 habent
2158 980 2277 1031 libri
2320 978 2378 1031 et
2424 978 2608 1042 scripti
2662 983 2720 1026 et

1717 836 1805 856 m

2217 915 2441 981 junctim
2463 918 2518 963 et
2547 912 2627 975 ὑφ’
2664 910 2719 960 ἓν

531 1049 786 1112 impressi,
820 1058 876 1100 et
909 1051 983 1100 ita
1026 1050 1156 1101 citat
1192 1050 1398 1101 Servius
1444 1050 1509 1100 ad
1554 1051 1702 1116 Virg.
1744 1049 1935 1112 Georg.
1974 1060 2065 1097 ιιι.
2089 1049 2172 1098 49.
2218 1053 2274 1095 et
2313 1044 2617 1095 Lactantius
2650 1039 2717 1090 ad

530 1114 701 1195 Statii
726 1116 889 1167 Theb.
921 1129 1001 1166 tv.
1032 1119 1146 1166 262.
1234 1116 1347 1180 Ego
1387 1130 1510 1165 vero
1555 1129 1658 1165 uon
1704 1113 1884 1164 dubito
1924 1112 2047 1178 quin
2091 1110 2387 1175 olympicum
2426 1108 2498 1158 sit
2543 1106 2716 1157 Inter·

1520 1242 1739 1293 NOTAE

532 1340 647 1390 ‘avi
671 1340 815 1404 tata,'
848 1340 902 1392 id
932 1349 1034 1405 est,
1069 1350 1238 1408 pater.
1301 1342 1401 1393 Avi
1441 1356 1590 1407 proa-

533 1432 628 1468 vus
672 1418 880 1483 proprie
919 1425 1100 1470 atavus
1138 1419 1347 1472 dicitur.
1412 1420 1589 1470 Plaut.

530 1493 685 1548 Pers.
712 1509 752 1545 1.
783 1499 833 1547 2.
870 1501 918 1547 6.
949 1494 967 1523 ‘
986 1496 1150 1547 Pater
1180 1510 1323 1561 avos,
1349 1508 1591 1560 proavos,

534 1570 744 1636 abavus,
786 1579 985 1637 atavos,
1031 1571 1285 1624 tritavos?
1364 1571 1468 1624 Qui
1511 1570 1589 1619 his

538 1649 829 1713 superiores
859 1648 968 1700 sive
993 1650 1276 1701 anteriores
1315 1652 1458 1711 sunt,
1478 1662 1589 1697 ma·

527 1723 679 1787 jores
699 1724 1046 1789 appellantur.

599 1800 746 1862 βᾶτε
766 1800 982 1865 regibus]
1017 1801 1080 1853 Id
1104 1808 1207 1865 est,
1242 1801 1367 1851 viris
1399 1800 1590 1864 priuci-

533 1876 705 1940 pibus,
733 1877 972 1944 quicquid
1005 1879 1238 1944 garriant
1259 1877 1492 1929 nonnulli
1522 1875 1594 1926 de

533 1952 763 2003 Etruria
800 1954 1060 2017 Regibus;
1096 1953 1329 2021 quamvis
1352 1954 1508 2004 etiam
1533 1952 1594 2002 il·

531 2027 700 2079 lorum
722 2030 901 2080 nescio
923 2045 1075 2096 quam
1096 2036 1152 2080 et
1164 2046 1265 2097 quo
1283 2031 1457 2080 nixam
1478 2027 1595 2077 fun·

532 2102 779 2155 damento
816 2106 1004 2156 seriem
1040 2112 1350 2167 contexant3
1382 2111 1443 2154 ut
1463 2104 1595 2154 Με-

533 2177 708 2228 cenati
740 2185 893 2242 pater
923 2178 1086 2231 fuerit
1103 2179 1447 2241 Menodorus,
1465 2192 1593 2228 avus

523 2252 836 2318 Menippus,
855 2255 1067 2308 cecina
1087 2270 1328 2321 proavus,
1347 2256 1593 2308 Volture-

533 2343 631 2379 nus
654 2328 865 2393 abavus,
895 2332 1046 2382 Titus
1079 2338 1276 2396 atavus,
1296 2332 1593 2383 Turrbenus

530 2405 774 2467 tritavus,
788 2407 969 2458 Elbius
991 2409 1243 2473 majorum
1265 2408 1480 2473 primus,
1494 2410 1595 2459 &c-

535 2481 695 2533 Certe
730 2483 918 2534 divites
955 2499 1184 2552 quosque
1224 2492 1301 2538 et,
1321 2484 1595 2549 primarios

533 2558 672 2608 viros
728 2562 1017 2626 nuncupari
1070 2560 1347 2628 aliquando
1402 2562 1596 2625 Reges,

534 2642 743 2686 constat
765 2651 832 2686 ex
866 2637 1160 2689 auctoribus
1195 2642 1305 2688 tum
1345 2635 1598 2702 profanis,

534 2716 645 2761 tum
667 2713 825 2762 etiam
844 2715 1021 2764 sacris.
1065 2713 1205 2765 Vide
1226 2711 1361 2763 infra
1383 2712 1488 2762 Od.
1509 2716 1594 2762 20.

534 2801 612 2837 vs.
657 2795 707 2838 5.
758 2788 931 2853 ibique
964 2788 1163 2839 Annot.
1224 2802 1315 2838 nr.
1361 2787 1467 2839 od.
1511 2791 1596 2838 29.

538 2862 554 2890 ‘
571 2863 834 2927 Tyrrhena
857 2864 1057 2928 Regum
1083 2861 1389 2927 progenies!

601 2941 634 2986 2
671 2939 737 3001 O,
777 2943 827 2990 ct
858 2937 1158 3001 presidium]
1189 2939 1456 2990 Maeceuas
1494 2936 1600 2987 fnit

535 3009 718 3061 salutis
740 3020 899 3076 atque
923 3012 1193 3078 diguitatis
1221 3019 1405 3064 auctor
1423 3026 1486 3063 ac
1506 3011 1600 3063 de·

535 3084 714 3136 feusor
735 3087 875 3152 apud
898 3087 1215 3153 Augustum,
1248 3102 1349 3140 non
1375 3087 1599 3140 Horatio

538 3163 760 3228 tantum,
796 3163 889 3215 sed
931 3170 989 3214 et
1020 3164 1258 3230 Virgilio,
1300 3164 1602 3229 Propertio,

539 3238 759 3304 aliisque
793 3239 915 3289 viris
944 3241 1160 3291 literatis
1196 3240 1495 3306 praesidium
1536 3255 1598 3290 ac

540 3313 723 3362 tutela.
746 3313 883 3364 Vide
899 3314 1074 3365 ruod.
1091 3319 1138 3365 7.
1159 3316 1325 3366 Tanta
1335 3329 1458 3365 vero
1469 3315 1600 3365 Mae·

539 3390 739 3440 cenatis
777 3391 914 3455 apud
952 3398 1191 3456 posteros
1223 3390 1364 3441 fama
1396 3392 1599 3453 extitit,

523 3473 603 3518 ‚ut
635 3465 703 3516 ad
724 3479 899 3517 omnes
924 3467 1242 3519 eruditorum
1267 3475 1513 3532 patronos
1547 3467 1600 3517 id

537 3542 763 3602 nominis
791 3544 1071 3600 transierit,
1093 3557 1311 3609 quorum
1343 3558 1411 3593 ex
1442 3543 1605 3592 muni·

538 3616 752 3670 licentia
793 3625 952 3684 atque
995 3634 1096 3685 ope
1126 3620 1458 3674 scientiarum
1489 3618 1604 3672 fata

457 3745 464 3752 .
526 3694 774 3757 ‚pendere
792 3695 1080 3748 videantur.

604 3770 763 3824 Dulce
782 3772 924 3822 decus
942 3771 1121 3835 mam]
1145 3770 1306 3822 Decus
1325 3784 1393 3821 ex
1414 3770 1601 3824 nobili·

541 3851 652 3896 tate
667 3863 683 3907 ς
701 3848 854 3911 dulce,
875 3861 943 3898 ex
962 3846 1321 3906 familiaritate
1341 3848 1435 3897 viri
1452 3848 1605 3898 Prin·

528 3921 695 3985 cipis.
726 3955 727 3958 =
761 3924 884 3974 Huc
909 3923 1138 3987 pertinet
1160 3923 1297 3987 quod
1331 3924 1409 3973 ait
1432 3924 1607 3974 Persi-

528 4010 618 4054 us,
651 4010 690 4046 ι.
723 3999 836 4052 Sat.
873 4002 987 4048 116.
1019 3998 1036 4026 ‘
1059 3997 1230 4048 Omne
1254 3996 1401 4048 vafer
1423 3999 1606 4049 vitium

543 4072 735 4123 ridenti
752 4074 970 4124 Flaccus
994 4073 1158 4123 amico
1170 4073 1402 4138 Tangit,'
1423 4078 1523 4128 &c.

610 4152 641 4196 8
676 4146 800 4197 Sunt
818 4163 949 4211 quos,
968 4148 1079 4211 &c.]
1107 4149 1212 4199 Alii
1233 4150 1484 4214 gymnicis
1517 4166 1608 4201 ex-

546 4224 936 4275 ercitationibus
974 4225 1208 4291 impense
1247 4225 1481 4293 student,
1516 4228 1607 4279 alii

1668 1340 2015 1405 agriculture,
2035 1337 2124 1389 alii
2155 1335 2473 1401 navigationi
2505 1340 2561 1385 et
2588 1345 2723 1385 mer-

1666 1423 1880 1475 catum,
1922 1415 2010 1466 alii
2051 1414 2267 1477 militie,
2310 1412 2397 1463 alii
2440 1410 2726 1472 venationi,

1668 1497 1768 1544 &ee

1737 1565 2007 1630 Curriculo]
2039 1567 2148 1617 Pro
2169 1579 2344 1628 curru,
2364 1563 2448 1615 vel
2471 1563 2586 1628 ipso
2605 1576 2722 1612 cur-

1667 1659 1747 1708 ru,
1766 1645 1851 1694 vel
1874 1644 2032 1694 etiam
2065 1643 2181 1693 loco
2204 1642 2256 1692 iu
2279 1655 2384 1708 quo
2413 1639 2726 1697 decurritur,

1669 1719 1927 1784 accipitur
1948 1720 2048 1770 ista
2069 1732 2186 1768 vox.

1734 1798 1987 1847 Pulvercns
2029 1794 2328 1861 Olympicum
2362 1792 2623 1854 collegisse
2643 1791 2727 1852 Ju-

1668 1872 1776 1937 out]
1799 1873 2139 1924 Decurrendo
2155 1870 2398 1927 stadium,
2414 1870 2525 1919 sive
2541 1869 2725 1918 Romu

1670 1951 1723 2001 iu
1744 1951 1920 2028 (ἧι-(ιο,
1934 1950 2017 1998 vel
2035 1949 2085 1999 iu
2103 1948 2302 2012 Campo
2320 1945 2478 1995 etiam
2497 1943 2725 2004 Marti03

1673 2026 1783 2077 sive
1807 2024 1945 2091 apud
1970 2023 2232 2075 Graeciam
2269 2022 2323 2073 in
2357 2020 2492 2071 ludis
2525 2021 2626 2071 illis
2647 2035 2729 2071 so·

1672 2101 1929 2164 lennibus,
1963 2100 2051 2166 qui
2080 2098 2240 2149 totius
2270 2097 2411 2152 orbis
2436 2095 2731 2162 frequentia

1645 2225 1650 2232 .
1673 2175 2089 2238 celebrabantur,
2112 2174 2165 2223 in
2199 2173 2384 2239 quibus
2406 2172 2733 2237 peutatbiou,

1674 2255 1783 2306 sive
1804 2253 2206 2321 quinquertium,
2228 2251 2281 2304 id
2302 2259 2402 2313 est,
2425 2251 2734 2316 quintuplex

1675 2340 1939 2383 certarnen
1958 2346 1973 2381 ε
1999 2329 2269 2395 jaculatio,
2284 2327 2413 2386 disci
2422 2327 2615 2391 jactus,
2632 2333 2736 2377 sta-

1676 2407 1748 2458 dii
1770 2421 1968 2469 cursus,
1985 2406 2167 2463 saltus,
2181 2405 2429 2470 palaestra
2446 2421 2461 2464 ;
2495 2404 2606 2454 sive
2624 2418 2732 2454 ma·

1677 2483 1774 2547 vis,
1824 2497 2022 2546 cursus,
2063 2481 2350 2546 pugilatus,
2381 2479 2581 2548 discus,
2619 2494 2731 2531 ces·

1676 2567 1783 2623 tus,
1837 2559 2000 2609 lucta.
2083 2555 2321 2607 Stadium
2365 2556 2576 2619 longum
2620 2563 2735 2606 erat

1676 2635 1838 2700 pedes
1858 2640 2147 2684 sexcentos·
2199 2632 2441 2681 Victores
2464 2630 2733 2695 Olympio·

1676 2712 1805 2762 nicae
1831 2710 2168 2770 vocabantur,
2205 2707 2608 2770 coronabantur,
2628 2707 2736 2757 lan-

1678 2787 1968 2846 dabantur;
2003 2785 2273 2835 vacatione
2296 2798 2560 2834 munerum
2592 2798 2735 2835 curm

1678 2876 1742 2912 ac
1785 2861 1983 2923 tutelae,
2017 2867 2370 2925 perpetuaque
2413 2859 2739 2909 immunitate

1678 2936 2039 2997 donabantur3
2072 2934 2203 2985 adeo
2248 2941 2306 2984 ut
2339 2933 2737 2998 olympionicen

1678 3025 1792 3062 csse
1823 3016 2127 3061 censeretur
2157 3007 2351 3074 aliquid
2385 3008 2550 3071 majus
2575 3009 2738 3073 'quam

1678 3088 1856 3137 Romoe
1880 3086 1945 3136 de
1966 3083 2198 3136 hostibus
2220 3084 2528 3148 triumphus.
2595 3084 2737 3136 Qua·

1681 3172 1799 3215 tuor
1831 3162 1969 3227 apud
1992 3161 2207 3212 Groecos
2228 3159 2478 3224 ejusmodi
2501 3160 2734 3210 celebres

1681 3239 1813 3290 Ludi
1852 3245 2034 3289 erant:
2070 3236 2352 3301 Olympici,
2384 3236 2585 3300 Pythii,
2605 3236 2742 3287 Isth-

1679 3316 1785 3377 mii,
1807 3313 2056 3364 Nemeaei.
2102 3311 2276 3362 Aunui
2299 3312 2530 3377 quidam,
2556 3320 2615 3363 ut
2639 3314 2743 3379 Py·

1678 3389 1771 3440 thil
1787 3406 1801 3451 ;
1827 3387 2231 3454 quinquennales
2242 3387 2506 3452 Olympici
2531 3395 2586 3439 et
2604 3388 2739 3439 Isth·

1682 3469 1771 3518 mii
1790 3484 1806 3529 ς
1843 3466 2077 3518 Nemeaei
2099 3466 2255 3518 tertio
2272 3481 2477 3533 quoque
2493 3473 2628 3517 anno
2650 3466 2737 3517 fie-

1686 3544 1868 3606 bant3.
1895 3544 2131 3608 plerique
2172 3540 2284 3593 dies
2325 3543 2547 3610 quinque
2586 3544 2741 3594 dura-

1684 3620 1832 3672 bant.
1859 3620 1945 3671 Ab
1955 3619 2245 3685 Olympici·
2270 3620 2404 3670 ludis
2426 3628 2741 3684 nuncupata

1682 3703 1805 3747 sunt
1833 3695 2175 3760 Olympiades
2200 3710 2263 3756 ea
2282 3696 2456 3761 spatia
2472 3710 2564 3747 seu
2585 3698 2745 3747 iuter·

1683 3774 1819 3823 valia
1840 3772 1970 3822 duas
1993 3772 2132 3821 inter
2163 3770 2402 3821 ludorum
2436 3771 2745 3824 celebratio·

1683 3863 1776 3899 nes
1815 3848 2203 3911 comprehensa.
2283 3845 2563 3896 Institutos
2605 3845 2746 3898 fama

1685 3932 1770 3976 est
1805 3925 1950 3974 ludos
1980 3921 2286 3988 Olympicus
2325 3935 2457 3971 anuo
2487 3925 2639 3974 4400.
2679 3922 2745 3973 ab

1685 4000 1914 4051 Hercule
1944 3998 2184 4050 Cretensi
2228 3995 2459 4063 quidem,
2496 3998 2550 4047 iu
2589 3999 2747 4050 hono·

1687 4092 1798 4127 rem
1823 4075 2052 4139 Pelopis,
2067 4074 2223 4140 juxta
2247 4070 2439 4123 flumen
2462 4072 2743 4139 Alpheum,

1687 4153 1754 4204 ad
1788 4151 2058 4203 delubrum
2094 4149 2242 4200 Jovis
2279 4149 2329 4198 in
2354 4149 2568 4212 Achaia,
2588 4150 2747 4214 juxta

1687 4229 1867 4280 Pisam
1905 4233 1960 4278 et
1990 4225 2216 4289 Elidem,
2252 4224 2307 4276 in
2342 4237 2526 4290 campo
2563 4225 2647 4276 cui
2671 4226 2747 4277 0-
