3059 4909
441 332 530 396 ⁰70

1178 346 1246 407 Q.
1291 342 1615 394 nonam
1663 342 1931 395 rnaocr

713 464 1035 556 Vidimus
1064 486 1317 562 flavum
1344 487 1673 568 Tiberim,
1704 487 1975 555 retortis

710 593 965 662 Littore
998 591 1288 660 Etrusco
1314 593 1646 658 violenter
1674 590 1896 670 undiS,

713 696 824 762 Ire
856 696 1203 782 dejectum
1231 700 1663 761 monumenta
1687 694 1885 779 regis»,

2577 691 2662 755 15

1227 798 1648 883 Templaq'ue
1672 795 1955 864 Vestoe:

713 903 866 970 Iliae
896 903 1060 969 dum
1092 923 1165 969 se
1195 903 1470 968 nimium
1495 903 1794 986 querenti

713 1005 758 1072 J
766 1012 951 1073 aetat
980 1007 1307 1087 ultorem3
1354 1025 1567 1089 vagus
1597 1010 1668 1071 et
1696 1004 1971 1070 sinistra

406 1205 629 1260 verant
662 1201 714 1249 in
750 1199 875 1249 mari
904 1197 1162 1263 ruwet-lm.
1224 1197 1710 1262 Aspeximstavum
1733 1197 1941 1248 Tiberim
1960 1197 2034 1246 ire
2059 1199 2354 1274 prodr-atron
2370 1197 2668 1244 *nonumento

460 1263 616 1327 Regis
640 1267 827 1324 Nm,
847 1271 896 1315 et
928 1266 1078 1315 odem
1110 1266 1282 1328 Vestoe,
1299 1264 1438 1328 aquis
1462 1278 1650 1341 meno·
1668 1264 1847 1328 impetu
1875 1262 2073 1329 reflexis
2103 1276 2135 1311 a
2167 1263 2275 1326 ripa
2294 1261 2512 1311 nuciam
2541 1273 2667 1323 spec-
2677 1263 2684 1270 '

461 1333 624 1380 tante.
646 1333 759 1381 dum
777 1331 855 1380 luc
861 1331 1071 1396 fluctus,
1081 1331 1205 1381 Jove
1219 1328 1731 1394 indignante,uimium
1745 1329 1995 1393 indulgens
2013 1327 2154 1378 uxori
2169 1328 2279 1378 uioe
2297 1326 2477 1377 dolenti
2485 1329 2668 1390 prater

1385 1488 1757 1512 ”Onnum

384 1608 393 1612 ’
465 1609 724 1660 Torrentii
740 1612 1084 1661 dammae-13
1100 1609 1321 1675 Cuning.
1326 1612 1526 1676 stocom.
1569 1610 1720 1662 Harl.
1737 1614 1786 1661 2.
1805 1608 1998 1661 remotis
2013 1622 2107 1675 pro
2120 1609 2331 1659 retortis.
2331 1611 2459 1658 -15
2481 1607 2561 1656 Ire
2576 1606 2675 1656 dis·

452 1674 634 1736 jectum
657 1676 850 1726 Sanati-
869 1683 923 1727 et
940 1676 1162 1740 Cuning.
1178 1692 1245 1728 ex
1261 1676 1392 1726 codd
1398 1681 1582 1727 .‘-19
1597 1680 1718 1728 dore
1738 1693 1832 1727 non
1841 1675 2070 1752 probante
2091 1675 2267 1738 placet
2282 1673 2395 1723 fere
2413 1687 2523 1749 praa
2538 1687 2677 1721 com-

467 1743 656 1792 mentis
675 1742 1056 1808 Interpretum,
1079 1743 1179 1795 nisi
1200 1749 1259 1794 tu
1281 1743 1405 1810 qnid
1430 1744 1548 1794 novi
1570 1742 1763 1795 habes?

1806 1742 1895 1794 Ita
1915 1740 2099 1793 scribit
2114 1739 2445 1792 Gronovius
2431 1753 2485 1789 in
2508 1736 2678 1802 Epist.

1455 1891 1506 1941 N
1513 1891 1671 1943 01*AE

470 2021 594 2057 vero
616 2007 750 2058 bene
774 2008 1039 2073 palumbes
1071 2023 1174 2060 non
1207 2008 1293 2060 bic
1315 2007 1537 2072 intelligi

470 2094 681 2149 quieant,
703 2101 831 2150 quas
855 2087 909 2135 in
933 2086 1205 2137 arboribus
1231 2094 1435 2136 constat
1458 2086 1536 2134 ni-

470 2161 701 2211 dificare.
788 2163 927 2215 Quid
974 2177 1129 2226 porro
1172 2164 1306 2228 quod
1353 2162 1539 2212 scribit

466 2237 747 2288 Suetonius
793 2239 984 2294 Octav,
1025 2254 1143 2304 cap.
1178 2243 1263 2290 94.
1329 2239 1539 2289 Caesare

473 2315 675 2377 sylvam
699 2315 957 2380 candente,
989 2317 1228 2367 arborem
1260 2316 1447 2382 palma».
1481 2316 1538 2365 in

473 2404 626 2440 omen
653 2392 883 2441 victorias
917 2394 1117 2443 servari
1140 2394 1361 2459 jussam,
1384 2408 1412 2443 e
1437 2406 1541 2457 qua

472 2467 672 2532 soboles
698 2477 851 2519 enata
870 2471 1046 2534 paucis
1069 2469 1251 2522 diebus
1275 2471 1350 2522 sic
1366 2471 1541 2522 adole-

474 2543 569 2608 vit,
593 2552 650 2594 ut
681 2560 779 2594 non
816 2545 970 2597 modo
992 2547 1344 2613 aequipararet
1364 2546 1543 2597 matri-

474 2635 610 2685 cem,
631 2621 723 2671 sed
748 2629 803 2673 et
823 2623 1121 2689 obtegeret,
1139 2627 1154 2652 ‘
1178 2623 1542 2690 frequentare-

476 2704 665 2765 turque
690 2700 1043 2751 columbarum
1066 2701 1239 2751 nidis.’

545 2779 606 2823 13
642 2776 844 2825 Flavum
869 2776 1103 2840 Tiberim]
1136 2779 1241 2828 Seu
1265 2793 1328 2827 ex
1349 2777 1546 2826 eluvio-

479 2864 547 2918 ne
590 2851 875 2914 turbidum,
914 2860 973 2903 nt
1013 2853 1106 2914 fit3
1159 2867 1251 2903 seu
1296 2854 1455 2919 quod,
1489 2860 1549 2903 nt

478 2927 663 2977 scribit
688 2930 873 2994 Vir-gil.
906 2929 1103 2980 AEneid.
1128 2944 1230 2981 vn.
1251 2935 1333 2982 31.
1369 2931 1386 2959 ‘
1411 2932 1545 2980 Vor-

480 3005 669 3055 ticibus
682 3007 897 3071 rapidis,
921 3016 975 3058 et
992 3008 1159 3057 multa
1173 3006 1336 3058 flavus
1356 3007 1547 3058 arena-³

548 3084 766 3133 Retortis
783 3084 974 3134 Littore
994 3085 1196 3134 Etrusco
1211 3085 1440 3135 violenter
1459 3101 1547 3134 un·

481 3159 582 3222 dis]
621 3162 914 3212 Retroactis
937 3163 1154 3212 Romam
1179 3177 1358 3213 versus
1381 3163 1547 3228 aquis,

483 3238 810 3302 repulsisque
843 3238 908 3287 ab
947 3239 1081 3288 ostio
1111 3237 1267 3288 maris
1298 3239 1551 3304 Tyrrheni

486 3315 597 3368 sive
621 3316 845 3380 Etrusci,
868 3316 919 3365 in
939 3314 1076 3382 quod
1100 3313 1298 3368 influit:
1335 3332 1438 3383 qua
1459 3332 1547 3367 ex·

483 3390 769 3451 undatione
802 3393 1100 3443 vastitatem
1133 3393 1248 3443 urbi
1285 3394 1421 3443 visus
1455 3395 1549 3444 mi-

486 3470 598 3519 nari
620 3469 849 3520 Tiberis.
905 3469 1024 3521 Huc
1051 3471 1281 3535 pertinet
1302 3472 1440 3538 quod
1467 3487 1549 3521 re-

484 3546 593 3598 fert
617 3549 726 3599 Dio
747 3551 835 3600 lib.
858 3564 988 3602 xm.
1008 3549 1220 3602 flumina
1241 3553 1478 3618 qnaedam
1497 3555 1551 3603 in

487 3624 645 3676 Italia
682 3628 966 3688 contrarias
1008 3628 1061 3678 in
1101 3638 1281 3694 partes
1314 3628 1551 3690 fluxisse,

485 3700 712 3766 Augusti
753 3704 1107 3769 temporibusz
1160 3705 1431 3771 piscesque
1475 3705 1555 3753 in·

485 3774 835 3831 numerabiles
875 3796 905 3830 e
935 3782 1068 3832 mari
1104 3783 1158 3832 in
1197 3783 1553 3834 continentem

488 3856 689 3919 ejectos
714 3872 806 3920 per
826 3858 963 3909 ostia
982 3858 1207 3909 Tiberis.

556 3940 618 3986 15
653 3937 967 3987 Monumenta
984 3937 1160 4000 Regis]
1193 3938 1380 3987 Numae
1400 3938 1556 3988 Pom·

490 4014 623 4077 pilii,
643 4017 856 4065 secundi
875 4016 1227 4065 Romanorum
1245 4015 1428 4079 Regis,
1451 4016 1556 4065 Pa-

491 4093 693 4155 latium,
727 4093 863 4156 qnod
887 4100 942 4141 et
966 4093 1122 4142 Curia
1151 4093 1478 4157 Pompiliona
1501 4100 1559 4143 et

492 4170 680 4233 Regia,
699 4169 996 4218 vocabatur.
1030 4170 1345 4235 Intelligunt
1366 4170 1452 4219 alii
1473 4185 1560 4219 ce·

496 4254 605 4300 tera
651 4246 839 4298 Numae
881 4259 1045 4309 opera
1088 4261 1181 4298 seu
1227 4254 1561 4301 monumenta

1617 2007 1840 2074 publica.

1681 2089 1747 2135 16
1784 2085 2063 2149 Templaque
2115 2079 2293 2145 Vestae]
2342 2081 2424 2130 Ex
2458 2080 2678 2144 Dionys.

1620 2163 1799 2213 Halic.
1819 2162 1908 2212 lib.
1929 2176 1990 2212 u.
2027 2159 2245 2225 Templa
2265 2159 2370 2208 duo
2394 2159 2571 2206 Romoe
2591 2156 2682 2205 lia-

1618 2238 1782 2289 bebat
1804 2238 1992 2300 Vesta,
2010 2237 2225 2287 alterum
2245 2249 2275 2284 a
2296 2233 2535 2294 Romulo,
2554 2229 2685 2284 alte·

1620 2330 1734 2368 rum
1758 2331 1789 2365 a
1812 2316 1986 2367 Numa
2006 2312 2268 2378 Pompilio
2290 2310 2555 2362 conditum
2578 2324 2685 2362 rne-

1622 2392 1708 2444 dio
1749 2392 1923 2459 spatio
1956 2389 2271 2456 Capitolium
2296 2389 2436 2438 inter
2459 2392 2515 2437 et
2534 2386 2685 2436 Paia-

1624 2470 1773 2535 tium,
1823 2470 1939 2520 unis
1991 2467 2244 2521 moenibus
2288 2474 2509 2530 utroque
2552 2463 2700 2514 colle.

1622 2547 1840 2598 incluso.

1696 2621 1907 2687 Tempta]
1937 2619 2170 2672 Abusive
2191 2633 2286 2685 pro
2306 2619 2422 2669 aede
2444 2631 2563 2683 quae
2587 2630 2687 2666 non

1628 2709 1744 2751 erat
1761 2705 2001 2765 augusta,
2012 2699 2123 2748 sive
2140 2697 2354 2764 augurio
2369 2699 2692 2755 consecrata,

1628 2785 1684 2826 at
1702 2783 1974 2839 augustum
1997 2781 2111 2825 erat
2132 2774 2270 2823 illins
2291 2772 2501 2823 atrium.

1700 2852 1879 2917 Vestoe]
1933 2852 2057 2916 Ejus
2102 2849 2242 2901 aedes
2288 2856 2404 2900 erat
2446 2846 2693 2908 rotunda,

1625 2927 1763 2995 quod
1799 2936 1958 2992 terra,
1982 2943 2097 2992 quae
2133 2926 2357 2976 rotunda
2391 2933 2491 2989 est,
2524 2927 2690 2976 Vesta

1627 3009 1770 3059 dicta
1787 3006 2118 3073 fuit,quippe
2140 3021 2256 3071 quae
2282 3006 2437 3056 rebus
2455 3003 2691 3055 omnibus

1630 3087 1885 3136 vestitur-z
1923 3086 2007 3135 vei
2031 3085 2152 3148 quia
2185 3083 2235 3132 vi
2270 3098 2365 3132 sua
2396 3088 2521 3132 stat.
2588 3080 2698 3131 Atii

1630 3162 1801 3214 aliter.
1865 3159 2001 3211 Vide
2038 3159 2149 3211 Cic.
2181 3158 2250 3210 de
2288 3158 2417 3210 Nat.
2455 3159 2624 3210 Deor.
2652 3169 2692 3206 1.

1630 3254 1682 3291 n.
1705 3243 1788 3290 67.

1696 3322 1760 3368 17
1797 3316 1933 3381 Ilioe]
1968 3316 2128 3368 Matri
2147 3316 2372 3376 Romuli,
2390 3330 2496 3366 suae
2522 3315 2696 3378 uxori,

1631 3394 1970 3460 conquerenti
1987 3394 2055 3443 de
2076 3393 2252 3446 neem!
2261 3394 2349 3442 ulii
2362 3394 2585 3452 Caesaris
2600 3392 2697 3443 sibi

1632 3471 2020 3536 consanguinei.
2087 3470 2183 3521 llia
2216 3471 2365 3535 jussu
2410 3468 2603 3533 Amulii
2642 3469 2708 3518 in·

1631 3549 1886 3613 Tiberim,
1908 3556 1967 3601 ut
1991 3551 2173 3600 volunt
2208 3548 2435 3614 qnidam,
2457 3547 2706 3612 praecipi·-

1633 3637 1768 3687 tata,
1794 3629 1914 3679 huic
1951 3627 2173 3693 proinde
2203 3625 2364 3676 fluvio
2400 3630 2567 3689 nupta
2592 3622 2697 3673 fer-

1634 3718 1753 3758 tur:
1781 3706 1845 3756 ab
1862 3718 2031 3770 eoque
2050 3702 2403 3769 indulgentius
2420 3714 2571 3767 aeqno
2586 3699 2701 3751 vin-

1636 3784 1864 3835 dicatur.

1702 3864 1766 3910 18
1800 3857 2015 3909 Sinistra
2032 3856 2240 3908 Labim
2266 3854 2398 3920 ripa]
2443 3855 2698 3920 Majore‘m

1638 3951 1763 4001 ergo
1787 3935 1928 3988 urbis
1951 3940 2175 4000 partem,
2196 3948 2311 3999 quae
2342 3933 2409 3982 ad
2439 3933 2700 3984 sinistram

1638 4022 1738 4078 est,
1770 4013 1937 4064 forum
1970 4011 2174 4062 scilicet
2201 4012 2509 4073 Romanum,
2542 4016 2701 4075 atque

1638 4091 1886 4142 Aventini
1927 4088 2262 4153 Palatinique
2299 4089 2507 4138 collium
2545 4087 2701 4138 imam

1641 4168 1902 4233 regionem
1925 4164 2198 4222 exundans
2220 4170 2387 4220 vastat
2406 4163 2630 4220 Tiberis.
