3059 4909
551 372 712 460 ,432

1312 393 1381 453 Q.
1428 390 1744 440 noRA‘rn
1798 388 2062 440 rnAcct

924 533 1282 620 Amphor-ee
1312 537 1568 602 sumum
1596 537 1822 602 bibere
1852 537 2173 603 institutae

1507 636 1805 702 Consule
1825 636 2047 701 Tullo.

925 738 1151 816 Sume,
1184 739 1561 817 Maecenas»,
1593 740 1874 823 cyathos
1907 739 2109 803 amici

924 841 1217 924 Sospitis
1245 848 1509 907 centum
1539 864 1558 923 3
1605 848 1670 908 et
1697 842 1932 925 vigiles
1962 841 2275 906 lucernas

579 1031 818 1068 recurrens
837 1020 1055 1070 corticem
1079 1021 1186 1084 pice
1205 1023 1399 1088 affixam
1431 1023 1614 1082 careret
1649 1018 1772 1069 dolio
1795 1020 1989 1080 fumum
2009 1022 2284 1070 contrahere
2302 1024 2461 1088 ‘coepto
2481 1018 2571 1069 aab
2595 1019 2763 1067 cmun-

577 1073 680 1131 iata
705 1082 846 1136 nui.
915 1085 962 1133 0
982 1086 1236 1151 Moeceaas,
1259 1090 1413 1152 accipe
1433 1093 1654 1137 centenos
1671 1084 1890 1148 scyphos,
1908 1086 1966 1134 ob
1986 1086 2186 1135 amicum
2205 1086 2500 1149 incolumen,
2516 1089 2564 1134 et
2585 1083 2766 1147 lychae·

1495 1229 1763 1253 oneoeoee
1768 1225 1857 1250 eoo

577 1306 668 1357 bit.
734 1309 929 1360 Omnes
952 1312 1115 1363 ceteri
1140 1314 1294 1364 codd.
1316 1322 1370 1365 et
1392 1314 1512 1365 edd.
1549 1313 1953 1364 dimovebit—12
1989 1306 2143 1363 Tullio
2179 1312 2385 1363 emend.
2418 1310 2626 1360 Bonfin.
2667 1308 2769 1358 Au-

578 1379 742 1422 notat.
761 1388 978 1427 xxxvn.
1016 1378 1151 1427 unde
1184 1381 1257 1429 sic
1280 1380 1497 1432 Ascens.
1518 1394 1604 1428 an.
1625 1381 1770 1429 1519.
1810 1383 2053 1442 tauquam
2095 1379 2359 1441 pertineat
2396 1375 2460 1425 ad
2506 1374 2767 1425 Ciceronis

577 1439 934 1500 consulatum3
967 1449 1026 1490 ut
1052 1444 1205 1492 Mic
1242 1459 1337 1507 per
1362 1444 1659 1509 Synaeresin
1697 1456 1793 1506 pro
1831 1441 2026 1506 dissyll.
2051 1444 2134 1498 sit.
2198 1441 2301 1492 Sed
2340 1442 2474 1491 bene
2515 1438 2771 1503 depexum

578 1500 724 1549 illum
746 1502 894 1553 dedit
920 1506 1298 1558 Glareau.—l4
1332 1505 1550 1559 Harl.'1.
1591 1507 1810 1557 Mentel.
1835 1506 2050 1570 Lipsrl.
2087 1507 2316 1557 Bentleii
2354 1506 2536 1555 Graev.
2568 1512 2625 1555 et
2661 1504 2773 1553 Col-

577 1563 716 1617 bert.
752 1567 975 1631 Hospitis
998 1584 1091 1636 pro
1114 1572 1338 1635 Sospitis.
1402 1575 1530 1623 Mox
1569 1577 1617 1621 et
1657 1570 1816 1634 ejecit
1847 1570 2068 1634 Cuuing.
2093 1572 2214 1637 quia
2253 1570 2427 1634 aptior
2467 1569 2672 1619 laetitiae
2708 1569 2775 1617 sit

577 1631 745 1680 oratio
769 1631 1037 1686 dissoluta.
1102 1635 1232 1686 Eum
1257 1639 1425 1689 secuti
1447 1637 1638 1691 Sanad.
1663 1643 1719 1686 et
1741 1635 1959 1699 Sin-..et
1979 1636 2093 1700 jam
2130 1636 2279 1700 abest
2315 1650 2346 1685 a
2384 1634 2529 1700 Lips.
2551 1639 2603 1685 4.
2636 1637 2651 1663 ‘
2673 1635 2771 1683 Sed

1568 1778 1784 1831 No'rAE

574 1888 690 1952 pice
723 1891 931 1956 quidem
966 1894 1254 1947 astrictum.
1322 1897 1488 1947 Cato:
1527 1901 1546 1925 ‘
1569 1895 1633 1945 In

573 1966 872 2031 amphoram
884 1978 1108 2021 mustum
1124 1971 1369 2034 indito‚et
1382 1973 1632 2022 corticem

571 2046 851 2107 oppicato.'
906 2049 1095 2099 Tibull.
1120 2064 1180 2100 n.
1211 2052 1361 2113 Eleg.
1388 2056 1436 2101 1.
1461 2052 1476 2078 ‘
1499 2050 1633 2101 Chio

571 2119 760 2190 solvite
786 2123 950 2172 vincla
974 2124 1140 2174 cado.’

638 2199 699 2244 11
738 2196 940 2247 Famam
974 2198 1130 2250 bibere
1161 2200 1422 2265 inuitum]
1467 2202 1631 2251 Fumo

573 2270 766 2320 dudum
815 2275 1086 2338 expositae,
1137 2276 1276 2325 unde
1331 2282 1629 2327 contentum

570 2347 623 2395 in
667 2361 729 2395 ea
766 2348 937 2398 vinum
967 2351 1077 2415 jam
1121 2360 1379 2403 maturum
1417 2361 1469 2402 et
1512 2354 1628 2402 lene

570 2436 797 2486 prorsus.
831 2417 989 2477 ovid.
1009 2428 1151 2478 Fast.
1168 2443 1221 2480 v.
1236 2436 1252 2459 ⁸
1270 2430 1463 2480 Fumea
1479 2429 1631 2479 vina.⁹

570 2498 803 2549 Martial.
826 2515 913 2551 ιη.
935 2507 1015 2554 81.
1038 2505 1054 2532 ‘
1075 2506 1243 2556 Cocta
1271 2504 1427 2555 fumis
1460 2511 1629 2556 musta

567 2573 916 2626 Massiliania!
980 2565 1214 2630 Ῑάειιῖκ.
1236 2585 1318 2631 86.
1350 2581 1366 2609 ‘
1392 2581 1629 2645 improba

566 2647 816 2700 fumaria’
846 2653 1007 2717 dicit;
1044 2663 1117 2718 et,
1142 2656 1390 2721 ‘Accipit
1413 2664 1626 2707 aetatem

566 2727 796 2792 quisquis
816 2727 880 2778 ab
904 2730 1023 2792 igue
1044 2732 1239 2783 cadus.²
1290 2733 1483 2783 Tibull.
1507 2748 1628 2783 mox

567 2804 660 2855 cit.
684 2807 700 2834 ‘
720 2806 871 2856 Nunc
890 2808 1010 2857 mihi
1027 2807 1280 2859 fumosum
1304 2810 1494 2859 veteris
1513 2824 1628 2873 pro·

564 2881 704 2932 ferte
735 2883 1011 2933 Falernum
1046 2885 1318 2935 Consulis?
1375 2886 1628 2936 Columel.

564 2973 608 3009 ι.
632 2963 680 3008 6.
719 2961 988 3024 apotheca
1029 2967 1446 3025 superponuntur
1481 2963 1627 3027 locis,

562 3034 702 3083 unde
717 3035 1017 3100 plerumque
1033 3036 1203 3087 fumus
1222 3038 1477 3088 exoritur:
1498 3051 1623 3102 quo·

561 3111 700 3160 niam
716 3112 832 3161 vina
844 3110 984 3161 fumo
1000 3113 1219 3164 celerius
1235 3120 1618 3164 vetustescunt:

562 3185 675 3250 ejus
719 3194 897 3236 tenore
932 3203 1222 3253 praecocem
1268 3191 1621 3239 maturitatem
1664 3241 1671 3248 ,

561 3262 791 3326 trahunt,
811 3266 909 3314 διο.
960 3265 1096 3316 Pliu.
1131 3280 1300 3316 xxm.
1324 3271 1369 3314 1.
1404 3268 1419 3294 ‘
1445 3266 1620 3315 Minus

557 3338 773 3389 infestat
814 3355 1003 3391 nervos
1036 3342 1172 3407 quod
1208 3349 1469 3391 vetustate
1505 3341 1619 3392 dul-

559 3416 744 3464 cescit.
761 3450 774 3466 .
793 3449 807 3465 .
826 3450 839 3464 .
861 3416 969 3466 Nos
998 3415 1122 3466 fumi
1157 3415 1501 3467 amaritudine
1533 3431 1620 3468 ve·

557 3496 809 3555 tristatem
833 3492 975 3540 indui
1012 3507 1306 3556 persuasum
1335 3490 1620 3541 babemus!

559 3565 802 3614 Meminit
825 3574 880 3615 et
899 3565 1029 3615 Coel.
1057 3567 1273 3629 Rhodig.
1297 3580 1453 3616 xxvr.
1471 3570 1556 3615 21.

622 3644 685 3689 12
708 3641 908 3691 Consule
930 3641 1088 3704 Tullo]
1113 3643 1388 3693 Consulum
1413 3642 1619 3693 nomine

552 3719 788 3769 solebant
809 3722 978 3769 notari
1003 3720 1139 3774 vina,
1164 3727 1225 3770 ut
1247 3720 1368 3768 alibi
1394 3720 1617 3783 amplius

555 3794 681 3843 dixi.
739 3793 877 3842 Vide
916 3808 954 3845 1.
991 3795 1096 3845 Od.
1129 3797 1211 3845 20.
1250 3803 1305 3845 et
1346 3808 1409 3844 u.
1441 3795 1545 3845 od.
1568 3800 1618 3844 3.

553 3870 660 3919 Hic
682 3878 881 3920 certum
919 3885 1103 3921 nomen
1139 3886 1232 3935 pro
1266 3871 1502 3936 quolibet
1536 3871 1614 3922 iu-

555 3954 701 3995 certo
724 3948 867 4009 poni,
889 3948 1163 4012 vinumque
1189 3954 1336 3997 vetus
1360 3948 1616 3998 duntaxat

552 4021 901 4070 commendari
921 4022 1250 4072 crediderim.
1297 4022 1447 4075 Quod
1474 4024 1516 4072 si
1540 4024 1615 4076 vi-

553 4109 674 4141 num
693 4095 817 4143 illud
835 4096 1097 4147 conditum
1114 4098 1285 4149 fuerat
1302 4100 1396 4148 suh
1413 4101 1475 4148 L.
1494 4099 1614 4151 Vol-

554 4171 692 4219 catio
728 4171 894 4234 Tullo‚
918 4173 1004 4236 qni
1041 4174 1227 4223 Consul
1253 4174 1353 4223 fuit
1386 4190 1500 4225 cum
1535 4176 1612 4225 M.

553 4245 756 4300 AEmilio
796 4248 1012 4316 Lepido,
1046 4265 1179 4301 anno
1213 4250 1353 4301 urbis
1386 4252 1612 4308 conditae

1712 1897 1828 1944 687.
1870 1892 2127 1957 prolatum
2162 1907 2287 1943 vero
2320 1900 2406 1943 est
2441 1892 2510 1942 ab
2553 1891 2775 1945 Horatio

1714 1970 1869 2034 paulo
1921 1976 2040 2034 post
2084 1969 2383 2034 subjugatos
2428 1970 2493 2019 ah
2537 1969 2773 2036 Agrippa

1713 2044 2024 2108 Cantabros,
2044 2045 2110 2095 de
2132 2045 2319 2111 quibus
2340 2045 2437 2096 sub
2453 2045 2605 2110 hujus
2622 2047 2769 2096 tinem

1712 2120 1877 2184 Odes,
1897 2135 2029 2171 anuo
2062 2121 2264 2171 scilicet
2295 2125 2410 2170 ⁷34.
2447 2129 2505 2171 ut
2536 2121 2615 2171 ait
2646 2122 2770 2172 Cru-

1709 2196 1878 2261 quius‚
1896 2198 2068 2247 vinum
2089 2196 2216 2246 illud
2237 2203 2386 2246 vetus
2406 2194 2592 2246 fuisset
2615 2212 2769 2247 annos

1708 2274 1792 2322 47.
1846 2271 2062 2323 Interea
2083 2272 2376 2322 meminisse
2400 2280 2614 2336 oportet
2637 2274 2767 2338 quod

1710 2348 1895 2400 scribit
1918 2350 2059 2400 Plin.
2082 2364 2201 2399 mox
2223 2348 2311 2399 cit.
2330 2351 2345 2377 ‘
2372 2349 2651 2398 Falernum
2676 2364 2767 2400 nec

1709 2425 1761 2474 in
1797 2426 2050 2484 novitate,
2084 2441 2182 2477 nec
2218 2426 2269 2474 in
2304 2424 2467 2474 nimia
2507 2431 2765 2476 vetustate

1709 2501 1916 2564 corpori
1939 2500 2147 2551 salubre
2171 2507 2269 2551 est.
2315 2501 2496 2552 Media
2511 2501 2625 2565 ejus
2645 2510 2765 2552 aeta»

1707 2590 1739 2625 a
1762 2580 1843 2625 16.
1879 2591 2013 2627 anno
2046 2576 2407 2641 incipit....Si
2441 2577 2515 2627 sit
2533 2576 2763 2627 fumoia-

1711 2660 2021 2715 veteratum,
2042 2652 2304 2702 insalubre
2327 2659 2428 2702 est.
2480 2652 2764 2718 Mangones

1708 2727 1807 2777 ista
1829 2729 1882 2776 in
1909 2728 2176 2791 apothecis
2198 2728 2585 2791 excogitavere.
2647 2729 2763 2781 Jam

1708 2812 1762 2854 et
1780 2803 2176 2868 patresfamilias
2192 2811 2402 2854 aetatem
2417 2802 2661 2854 ademere
2673 2805 2764 2864 his,

1708 2896 1824 2945 quae
1873 2895 1966 2945 per
2010 2894 2067 2930 se
2108 2880 2295 2930 cariem
2339 2889 2569 2930 traxere.
2650 2882 2761 2935 Quo

1706 2969 1852 3012 certe
1892 2961 2142 3011 vocabulo
2179 2961 2305 3009 satis
2338 2960 2538 3009 consilii
2573 2960 2761 3009 dedere

1692 3038 1859 3102 ‘prisci
1883 3037 1918 3087 ε’
1972 3051 2159 3102 nempe
2201 3035 2319 3086 vina
2359 3035 2425 3083 ad
2479 3027 2783 3094 extremam'

1702 3121 2043 3170 senectutem,
2064 3126 2180 3177 quae
2198 3111 2396 3161 cariosa
2417 3117 2518 3174 est,
2532 3125 2633 3161 non
2652 3126 2759 3162 esse

1702 3189 2048 3240 recondenda.
2083 3190 2359 3249 Dulecamp.

1767 3269 1828 3315 13
1863 3266 2009 3316 Sume
2041 3265 2236 3329 cyathos
2266 3261 2602 3325 centumJOb
2635 3262 2758 3312 laeti-

1703 3341 1826 3392 tiam
1851 3341 1916 3391 de
1947 3342 2098 3392 amici
2134 3340 2342 3403 sospitis
2382 3338 2759 3400 incolumitate,

1699 3431 1793 3466 seu
1816 3417 1882 3465 de
1920 3417 2126 3467 Horatii
2162 3418 2240 3464 tui
2275 3415 2460 3480 salute,
2497 3414 2621 3464 bibe
2644 3428 2759 3464 cen·

1705 3498 1810 3542 tum
1829 3493 2059 3556 cyathos,
2084 3492 2136 3542 id
2156 3499 2256 3555 est,
2277 3492 2450 3555 plures
2483 3498 2541 3540 et
2563 3492 2755 3554 plnres,

1702 3576 1757 3618 et
1775 3575 1886 3618 tota
1900 3576 2053 3620 nocte
2068 3583 2268 3618 mecum
2293 3573 2530 3631 perpota.
2568 3567 2756 3617 Nume-

1700 3658 1787 3692 rus
1811 3642 1987 3693 finitus
2009 3659 2102 3709 pro
2126 3643 2344 3693 infinito.

1766 3723 1826 3768 14
1868 3719 2055 3784 Vigiles
2079 3709 2293 3770 lucernas
2318 3719 2495 3779 Perfer
2516 3720 2570 3768 ὺι
2590 3719 2752 3783 lacem]

1698 3794 1979 3845 Prandium
1997 3795 2303 3861 ignorabant
2321 3803 2524 3845 veteres
2543 3813 2558 3843 ε
2584 3803 2641 3846 at
2657 3811 2751 3854 cte·

1697 3886 1815 3920 uam
1834 3871 2074 3935 maxime,
2111 3885 2215 3920 nou
2250 3870 2455 3935 quidem
2480 3877 2540 3920 ut
2563 3886 2655 3921 nos
2688 3870 2749 3920 ad

1696 3947 1961 4012 candelas,
1982 3947 2073 3998 sed
2095 3947 2161 3997 ad
2184 3948 2400 4012 lychnos
2422 3955 2479 3997 et
2498 3948 2751 4009 lucernas,

1696 4023 2057 4087 producebant
2093 4038 2255 4089 usque
2288 4023 2353 4072 ad
2377 4023 2548 4073 lucem
2585 4031 2748 4088 poste-

1697 4113 1824 4160 ram,
1846 4098 2239 4163 pergraecando,
2277 4099 2330 4148 id
2353 4104 2451 4161 est,
2476 4099 2582 4148 ritu
2604 4098 2748 4152 Gre-

1693 4190 1867 4226 corum
1892 4184 2006 4227 tota
2021 4182 2179 4227 nocte
2193 4175 2557 4239 computando.
2580 4176 2742 4225 Plaut.

1692 4253 1998 4304 Menaechm.
2023 4268 2061 4306 1.
2085 4257 2133 4303 2.
2149 4256 2232 4305 62.
2286 4252 2303 4280 ‘
2326 4251 2456 4302 Inde
2480 4268 2641 4318 usque
2682 4252 2742 4303 ad
