3059 4909
513 362 646 432 288

819 384 888 443 Q.
934 365 1259 431 ἨοιιΑτιι
1313 377 1581 428 ensem
1628 375 2046 427 οΑιιιιιΝυΜ
2097 378 2242 429 mn.
2292 378 2344 428 ι.
2388 363 2495 430 38.

772 526 1083 613 Simplici
1113 531 1327 612 myrto
1357 526 1520 591 nihii
1552 526 1888 592 allabores
2249 514 2254 520 ’
2670 526 2714 589 5

773 628 1089 710 SeduluS,
1118 648 1316 695 curo:
1359 648 1581 713 neque
1610 636 1679 694 te
1706 629 2078 694 ministrum

772 732 1072 799 Dedecet
1100 741 1380 819 myrtus»,
1409 753 1622 816 neque
1652 752 1758 798 me
1792 733 1920 799 sub
1955 738 2147 797 arcta

1287 835 1452 900 Vite
1488 835 1849 901 bibentem.

511 1004 760 1067 quicquam
779 1002 1005 1054 laboriose
1019 1004 1244 1054 adhibeas
1263 1005 1324 1053 ad
1345 1009 1551 1069 myrtum
1566 1005 1729 1055 solam.
1799 1005 1966 1069 Neque
1986 1018 2097 1054 vero
2119 1001 2210 1053 tibi
2218 1004 2406 1065 famulo
2435 1008 2619 1069 myrtus
2637 1004 2713 1054 in·

511 1071 698 1127 decom,
721 1084 804 1119 nec
823 1069 942 1120 milti
961 1070 1124 1119 subter
1135 1071 1325 1120 densam
1346 1073 1489 1120 vitm
1503 1070 1793 1135 perpetuati.

1434 1211 1794 1232 ”mm

516 1312 665 1364 Ηοιι.
697 1312 920 1363 Persicos
938 1314 1081 1364 odi..

1101 1319 1355 1365 moretur.
1421 1314 1598 1366 Pom.
1633 1314 1851 1379 Simplici
1870 1320 2060 1380 myrto?
2125 1316 2277 1366 Ηοιι.
2303 1312 2447 1363 Nihil
2465 1310 2711 1361 ‹illabor-es.

514 1379 690 1427 Ρυιειι.
726 1378 929 1428 Sedulus
947 1394 1076 1441 curo,
1096 1379 1129 1428 i.
1152 1394 1198 1429 e.
1222 1379 1431 1441 curabo,
1454 1388 1514 1429 ut
1527 1380 1700 1444 jubes.
1766 1380 1915 1432 Ηοιι.
1952 1382 2117 1446 Neque
2138 1385 2203 1443 te,
2222 1384 2340 1445 850.
2370 1379 2520 1427 Unus
2544 1375 2710 1427 codex

514 1443 841 1506 Bersmanni,
862 1443 1285 1495 nihiladlnbores.
1288 1450 1385 1495 -6
1416 1416 1597 1495 ’Renth
1620 1445 1823 1495 emend.
1859 1446 2061 1495 Sedulus
2081 1461 2220 1508 cura,
2244 1446 2277 1494 i.
2299 1437 2345 1494 e.
2366 1457 2532 1493 cave.
2570 1440 2708 1507 quod

513 1510 691 1572 placet
715 1508 924 1558 Klotzio
945 1509 1118 1559 Lectt.
1140 1510 1334 1559 Venus.
1361 1526 1413 1575 p.

1436 1514 1552 1560 236.
1575 1510 1669 1560 sed
1694 1525 1786 1575 pro
1808 1511 2054 1562 ablativo.
2121 1511 2325 1560 Sedulus
2345 1523 2471 1557 cure
2496 1507 2645 1557 Harl.
2662 1510 2711 1557 2.

514 1582 571 1623 et
594 1573 857 1637 Bodl.ap.
882 1573 1058 1626 Bentl.
1081 1574 1234 1625 etsie
1256 1577 1481 1640 Cuning.
1499 1576 1691 1628 Sanad.
1708 1575 1888 1627 Jones.
1911 1584 1967 1627 et
1992 1578 2234 1639 Francis;
2274 1573 2477 1625 Sedulus
2495 1587 2603 1622 coro
2624 1586 2708 1621 co·

513 1638 616 1688 dex
639 1639 953 1700 Vossianus;
977 1647 1032 1690 et
1051 1639 1254 1690 Sedulnoe
1272 1656 1355 1691 oro
1378 1641 1669 1691 Petrensis·
1703 1642 1938 1699 Sedula&
1958 1643 2066 1692 rur-i
2086 1637 2524 1706 nequeteemend.
2544 1637 2709 1688 With.

515 1702 722 1753 Sedulus
741 1718 826 1754 cur
845 1720 891 1762 o,
913 1707 993 1768 &⁶-
1008 1710 1029 1755 ?
1060 1706 1161 1755 alia
1182 1707 1325 1770 conj.
1345 1706 1506 1756 With.
1510 1710 1602 1756 -7
1645 1706 1751 1757 Ait.
1776 1712 1824 1758 1.
1846 1722 1992 1771 neque
2014 1723 2087 1758 me
2109 1708 2343 1757 bibentem
2366 1704 2480 1755 Vite
2500 1704 2588 1760 suto
2606 1716 2711 1751 arc·

512 1773 601 1826 ta;
636 1769 723 1819 alu
743 1769 897 1819 codd
918 1770 1003 1819 sub
1021 1776 1159 1830 arta3
1194 1779 1250 1820 et
1282 1773 1355 1820 sic
1378 1773 1498 1822 Vet-
1529 1771 1713 1822 Comb.
1736 1773 1953 1828 Venett.
1986 1773 2165 1823 Bentl.
2200 1771 2342 1833 Jani,
2369 1769 2585 1819 Mitscb.
2623 1766 2713 1818 Bi-

510 1841 658 1896 pont.
679 1834 902 1886 Wetzei.
927 1843 981 1885 et
1002 1835 1165 1886 Kidd.
1231 1836 1368 1887 Vide
1385 1837 1678 1889 Broukhns.
1702 1837 1768 1887 ad
1788 1837 1979 1889 Tibull.
2005 1852 2042 1889 ι.
2064 1844 2112 1890 5.
2133 1842 2216 1888 53.
2241 1834 2512 1889 Drakenb.
2534 1834 2601 1883 ad
2619 1832 2706 1882 Sil.

511 1897 639 1950 Ital.
658 1913 761 1952 vu.
781 1904 895 1953 280.
914 1901 1167 1953 stoeben
1187 1901 1255 1953 ad
1278 1902 1462 1954 Manil.
1485 1919 1539 1969 p.
1560 1908 1675 1954 525.

1494 2026 1712 2079 NOTAE
1727 2029 1742 2034 '

574 2143 604 2188 5
639 2137 856 2202 Simplici
875 2146 1031 2206 myrto
1052 2140 1176 2191 nihil
1196 2141 1445 2205 ambone,
1465 2140 1573 2205 ξω]

510 2213 656 2265 Nihil
680 2216 797 2266 volo
819 2225 1017 2281 praeter
1036 2225 1282 2282 myrtum,
1307 2219 1482 2282 itaque
1504 2232 1572 2268 ne

509 2290 633 2355 quid
658 2292 796 2341 ultra
831 2307 1068 2357 quaererc
1103 2292 1167 2343 ad
1192 2292 1420 2344 convivii
1443 2294 1571 2344 hila-

509 2368 718 2418 ritatem
743 2376 972 2435 satagas.
1012 2370 1270 2434 intelligit
1292 2376 1462 2420 autem
1486 2372 1570 2421 vel

509 2445 664 2508 myrti
686 2459 899 2508 ramum,
924 2461 1075 2511 quem
1104 2447 1224 2497 olim
1248 2447 1479 2498 convivas
1500 2448 1574 2498 al-

507 2529 594 2572 ter
627 2523 779 2574 alteri
800 2526 1154 2591 porrigebant,
1188 2540 1332 2576 suam
1357 2527 1572 2591 quisque

506 2600 715 2652 edendo
736 2604 1080 2654 cantilenam:
1118 2619 1187 2653 ex
1209 2603 1497 2654 Plutarcho
1517 2603 1571 2653 in

507 2680 746 2745 Sympos.
787 2690 843 2733 et
864 2683 1100 2736 victorio
1139 2697 1264 2734 xvi.
1299 2685 1350 2733 2.
1382 2682 1471 2732 nbi
1494 2682 1571 2733 sic

506 2758 718 2808 scribite
756 2761 772 2787 ⁴
792 2760 895 2812 Qui
930 2760 982 2808 in
1015 2760 1266 2811 conviviis
1299 2760 1421 2809 olim
1456 2773 1570 2810 car-

505 2835 647 2886 mina
668 2838 967 2900 cantabant,
1002 2844 1232 2900 myrtum
1264 2837 1570 2901 laurumque

504 2926 660 2963 manu
702 2914 990 2976 tenebant;
1025 2916 1244 2970 laurum,
1268 2913 1354 2979 qui
1390 2927 1572 2964 versus

502 2988 813 3040 Homericos
851 2991 1170 3053 recitarent;
1203 2998 1446 3056 myrtum,
1482 2991 1572 3057 qui

504 3065 749 3129 AEschyii,
765 3066 1061 3130 Simonidis,
1083 3066 1401 3118 Stesichori!
1467 3067 1570 3118 Vel

503 3141 785 3205 implexam
802 3142 1111 3206 simpliciter
1132 3159 1163 3194 e
1182 3144 1334 3210 myrti
1359 3146 1567 3195 surculo

503 3231 764 3267 coronam.
829 3220 1021 3270 Athen.
1067 3221 1157 3272 cit.
1192 3236 1290 3273 xv.
1327 3229 1375 3274 5.
1404 3224 1420 3252 ⁴
1443 3223 1566 3275 Jam

503 3292 626 3344 inde
682 3296 1038 3361 voluptatibus
1092 3299 1255 3350 illecti
1315 3300 1565 3362 homines,

502 3375 700 3432 praeter
730 3386 846 3424 eam
884 3374 1006 3437 vim,
1050 3391 1156 3440 qua
1185 3376 1452 3426 ebrietatis
1489 3376 1566 3424 in·

504 3448 786 3499 commodis
802 3450 1040 3501 medetur
1067 3467 1257 3503 corona
1280 3468 1310 3504 e
1333 3452 1566 3516 floribus,

501 3528 770 3578 oculorum
804 3545 1006 3598 qnoque
1036 3538 1093 3582 et
1115 3533 1314 3583 narium
1337 3531 1565 3582 delecta-

502 3602 696 3655 tionem
738 3608 1141 3670 expetiverunt:
1177 3625 1237 3659 ac
1277 3615 1384 3659 tum
1421 3623 1565 3659 max-

500 3680 602 3729 ime
625 3696 869 3733 coronam
888 3694 1160 3749 myrteam,
1174 3699 1290 3749 quae
1308 3684 1568 3748 astringit,

501 3766 559 3807 et
580 3759 685 3808 vini
704 3770 850 3812 arcet
866 3764 1252 3823 exhalationem
1278 3769 1386 3811 tum
1405 3761 1564 3811 etiam

501 3847 531 3884 e
557 3837 699 3901 rosis,
722 3851 836 3904 quae
855 3839 1167 3904 gravitatem
1183 3838 1372 3904 capitis
1394 3838 1563 3902 sedat,

501 3920 560 3961 et
576 3921 856 3965 aestuantes
872 3916 1085 3980 potione
1106 3914 1563 3980 refrigerat,usur-

500 3991 727 4052 parunt!
789 3992 862 4042 Et
914 4007 1029 4057 cap.
1072 3996 1124 4042 6.
1177 3993 1194 4022 ‘
1215 3991 1562 4043 Herostratus

501 4073 697 4128 myrtos
733 4069 994 4131 extemplo
1023 4070 1247 4120 virentes
1285 4084 1562 4122 consecra·

500 4142 579 4191 vit
616 4143 668 4191 in
707 4142 824 4193 aede
858 4145 1102 4210 Veneris,
1133 4148 1347 4213 ejusque
1385 4147 1564 4198 dicata

498 4218 743 4283 imagine,
794 4223 1202 4285 spectatissimos
1257 4224 1448 4275 civium
1492 4224 1561 4274 ad

499 4299 712 4364 epulum
741 4302 946 4358 vocavit
966 4304 1021 4356 in
1044 4303 1337 4363 delubrum,
1359 4317 1559 4356 eorum·

1654 2157 1753 2207 que
1776 2142 2007 2207 singulos
2039 2155 2232 2193 corona
2253 2138 2467 2190 donavit
2489 2145 2711 2202 myrtea,

1654 2234 1808 2287 qnam
1823 2220 1873 2271 N
1878 2219 2169 2270 aucratiten
2189 2214 2558 2282 appellarunt!
2606 2214 2711 2264 Ad-

1650 2295 1851 2359 ditque,
1873 2296 2000 2347 nihil
2019 2294 2156 2345 alind
2174 2308 2286 2344 esse
2308 2307 2553 2343 coronam
2572 2291 2710 2342 illam

1653 2372 1720 2423 ab
1738 2372 2068 2423 Anacreonte
2081 2379 2354 2438 gestatam,
2369 2376 2564 2435 praeter
2578 2384 2710 2436 myr-

1652 2457 1790 2500 team
1817 2450 2039 2516 adjectis
2058 2450 2220 2500 rosis:
2257 2460 2538 2512 verumque
2557 2461 2612 2497 se
2635 2460 2712 2494 ar-

1654 2527 1862 2587 bitrari,
1919 2526 2058 2592 quod
2102 2524 2335 2592 prodidit
2373 2522 2712 2585 Phnaenidu,

1653 2620 1684 2656 e
1704 2612 1875 2671 myrto
1908 2618 2155 2657 coronam
2195 2602 2326 2654 meri
2358 2613 2573 2665 vapores
2597 2611 2710 2663 pro-

1651 2682 1830 2734 hibere
1852 2696 1930 2744 ;·e
1965 2680 2094 2732 rosis
2129 2686 2321 2742 autem,
2358 2675 2708 2741 refrigerando

1653 2760 1754 2811 vim
1776 2760 1970 2816 habere
1992 2758 2222 2809 leniendi
2238 2755 2433 2820 'capitis
2455 2755 2676 2805 dolores.

1715 2843 1749 2889 6
1770 2841 1936 2903 Neque
1968 2843 2017 2890 te
2050 2838 2325 2888 ministrum
2341 2836 2552 2886 Dedecet
2583 2848 2708 2900 myr-

1649 2917 1752 2981 m]
1782 2917 1861 2968 Tu
1894 2930 2098 2982 quoqne
2125 2915 2251 2965 satis
2285 2914 2506 2964 decorus
2541 2918 2596 2961 et
2629 2925 2709 2961 or-

1650 3003 1799 3044 natus
1831 2994 1955 3044 mihi
1990 2993 2238 3044 videbere
2266 2989 2489 3054 simplici
2521 2996 2710 3051 myrto,

1648 3084 1766 3121 cum
1788 3070 1911 3120 mibi
1926 3069 2132 3134 potanti
2149 3067 2481 3118 ministrabis.
2527 3065 2708 3114 Persae

1648 3154 1830 3198 contra
1852 3161 1994 3196 more
2015 3161 2108 3196 suo
2135 3144 2382 3195 luxuriosi
2407 3157 2596 3208 pueros
2620 3156 2710 3191 seu

1648 3225 1909 3274 ministros
1944 3224 1997 3272 in
2032 3222 2279 3272 conviviis
2310 3219 2564 3285 optabant
2597 3231 2713 3268 snc-

1648 3300 1849 3351 cinctos
1869 3307 1943 3361 ,et
1978 3297 2292 3348 lemniscatis
2325 3294 2531 3346 coronis
2562 3307 2713 3342 exor-

1647 3387 1818 3430 natos.
1887 3377 2038 3427 Alex.
2061 3375 2128 3426 ab
2152 3374 2305 3425 Alex.
2332 3386 2383 3422 v.
2401 3376 2485 3422 21.
2525 3371 2600 3421 ait
2624 3382 2711 3433 pa-

1649 3457 1807 3518 riter;
1843 3455 2048 3506 ‘Festis
2081 3453 2263 3504 diebus
2297 3458 2570 3501 coronatos
2592 3462 2709 3497 cum

1646 3532 1907 3584 lemniscis
1961 3538 2170 3581 veteres
2227 3527 2427 3593 epulari
2493 3539 2709 3578 consue-

1645 3608 1813 3671 visse;
1845 3606 2047 3658 fercula
2080 3618 2286 3670 qnoque
2321 3602 2542 3652 lautiora
2571 3616 2603 3650 a
2624 3616 2710 3650 co·

1647 3683 1846 3735 ronatis
1887 3684 2015 3733 item
2052 3682 2299 3732 ministris
2337 3676 2513 3729 afferri
2556 3679 2712 3730 solita

1646 3776 1762 3812 cum
1806 3769 1962 3812 cantu
2004 3767 2061 3810 et
2107 3757 2353 3810 tibicine-⁹
2424 3755 2708 3806 Athenaeus

1646 3846 1820 3889 autem
1856 3851 1948 3888 xv.
1973 3840 2055 3888 10.
2091 3851 2157 3885 ex
2191 3834 2480 3884 Philoxeno
2512 3833 2591 3883 sic
2629 3847 2709 3882 re-

1645 3914 1784 3966 ferta
1820 3916 1836 3944 ⁴
1854 3913 2010 3979 Aqua
2030 3911 2265 3964 lavandis
2287 3909 2521 3959 manibus
2546 3910 2706 3959 allata

1644 4000 1755 4043 est:
1813 3989 2164 4041 mollitisculus
2208 3986 2412 4052 puellus
2455 3993 2726 4049 argenteo·

1644 4077 1798 4135 gatto
1829 4081 1983 4133 quem
2020 4065 2233 4117 tenebat
2261 4060 2481 4113 affudit:
2517 4061 2702 4112 deinde

1642 4160 1862 4197 coronas
1885 4143 2099 4194 advexit
2122 4149 2304 4192 tennes
2327 4154 2359 4189 e
2382 4139 2524 4202 puris
2549 4137 2703 4203 myrti

1643 4224 1817 4281 ramis,
1838 4235 2026 4287 magno
2046 4220 2223 4270 labore
2246 4215 2559 4269 contextas!

1706 4305 1737 4351 ’1
1764 4300 1931 4364 Neque
1949 4313 2023 4349 me
2044 4296 2130 4349 snb
2150 4300 2284 4347 arcta
2315 4293 2426 4345 Vite
2448 4290 2700 4355 bibentem]
