3059 4909
987 413 1405 465 minumum
1455 414 1609 479 ms.
1656 414 1737 465 ιι.
1780 398 1887 466 18.

2404 399 2535 465 347

680 559 799 627 Me
829 548 1039 645 petia
1081 558 1247 627 nihil
1279 576 1486 643 supra

764 664 949 730 Deos
977 665 1282 746 lacess03
1327 682 1456 730 noo
1486 668 1835 749 potentem
1863 665 2154 732 amioum

667 768 990 851 Largiora
1016 767 1271 850 flagitO,

742 872 928 938 Satis
955 873 1195 938 beatus
1223 872 1441 939 unicis
1472 871 1767 940 Sabinis·

658 975 981 1041 Truditur
1011 976 1156 1042 dies
1186 977 1324 1056 die,

2446 980 2533 1044 15

758 1080 1121 1167 Novaeque
1148 1085 1428 1167 pergunt
1454 1080 1726 1149 interire
1756 1080 1989 1149 Lunae.

666 1182 771 1249 Tu
802 1185 1095 1251 secanda
1120 1206 1450 1252 marmora

758 1288 987 1355 Looas
1017 1291 1145 1356 sub
1177 1289 1401 1376 ipsum
1430 1289 1651 1369 sunuS,
1681 1296 1753 1356 et
1780 1290 2080 1375 sepulcri

320 1475 468 1526 Nihil
477 1480 712 1542 preterea
728 1491 759 1526 a
782 1476 1071 1528 Numinibus
1089 1475 1334 1545 efflagito.-
1352 1491 1502 1542 neque
1516 1476 1578 1527 ab
1596 1477 1747 1527 amico
1766 1477 1915 1527 divite
1923 1438 2102 1540 Mora
2111 1492 2270 1542 posco,
2283 1480 2532 1529 contentus

316 1544 568 1593 admodum
588 1556 709 1604 agro
730 1547 916 1593 tantum
937 1543 1134 1594 Sabino.
1209 1545 1427 1606 Urgetur
1446 1543 1550 1592 dies
1569 1544 1646 1592 die
1659 1560 1676 1594 .·
1714 1549 1763 1593 et
1800 1558 1932 1593 novae
1970 1545 2121 1594 Lunae
2138 1549 2395 1608 properant
2415 1542 2532 1608 defi·

317 1621 439 1691 corp.
492 1608 585 1658 -Tu
604 1609 748 1658 morti
769 1608 953 1660 minus
972 1609 1223 1661 incidenda
1243 1623 1481 1660 marmora
1497 1609 1783 1673 paciscor-iss
1813 1614 1862 1659 et
1896 1609 2068 1660 tumult·
2088 1609 2261 1660 oblitus
2285 1608 2529 1674 oedffiffl'?

1267 1737 1613 1760 “Um

320 1841 384 1899 14
417 1837 554 1889 Satis
575 1837 738 1897 beatus
758 1839 810 1890 in
832 1840 953 1890 vicis
975 1838 1175 1891 Sabinis
1186 1839 1490 1892 Helmstad.
1516 1856 1547 1891 a
1570 1856 1639 1891 m.
1663 1842 1899 1891 sem—15
1940 1838 2172 1888 Truditur
2194 1838 2271 1889 die
2290 1837 2396 1887 dies
2426 1837 2530 1888 Cu-

319 1903 604 1968 ning.—18
640 1904 861 1971 Cuning.
883 1914 940 1957 et
976 1902 1170 1957 Sanad.
1193 1923 1250 1958 ac
1271 1906 1622 1973 sepulcr-2⁹0—20
1655 1904 1813 1956 Muiti
1835 1904 1987 1956 codd.
2010 1911 2067 1954 et
2088 1903 2210 1954 edd.
2231 1918 2437 1967 argum,-
2470 1909 2529 1954 et

1314 2055 1530 2110 ΝΟΜ-ι
1631 2037 1644 2052 “

315 2167 511 2234 diligit,
547 2185 610 2220 ae
630 2168 1035 2223 familiaritatem
1059 2186 1227 2225 meam
1249 2172 1384 2238 petit

315 2246 602 2309 Maecenas,
619 2248 819 2299 tum'ob
838 2248 1013 2313 fidem,
1032 2265 1155 2301 cum
1167 2257 1385 2316 propter

314 2322 582 2388 ingenium
605 2325 670 2375 ad
695 2333 834 2376 artes
855 2326 1098 2378 liberates
1118 2328 1380 2379 idoneum.

317 2402 491 2466 Epist.
533 2401 599 2451 ad
642 2404 861 2454 Pisones
896 2420 971 2457 vs.
1013 2408 1129 2458 406.
1164 2406 1384 2457 ‘Gratia

315 2494 498 2544 regum
535 2480 725 2532 Pieriis
749 2488 956 2533 tentata
972 2480 1174 2533 modis!
1239 2483 1382 2535 Quo·

317 2559 418 2609 ties
464 2561 894 2611 vero-Doctores
931 2566 987 2612 et
1030 2562 1307 2626 Sapientes
1351 2572 1385 2612 ι

315 2634 651 2699 Principibus
677 2637 797 2687 viris
821 2643 942 2689 sunt
962 2637 1201 2688 honorati
1221 2644 1279 2688 et
1297 2650 1383 2688 ac-

317 2713 527 2764 cersiti?
686 2714 691 2720 ’

342 2795 350 2803 ’
385 2794 444 2841 11
485 2791 629 2841 Nihil
642 2806 788 2856 supra
803 2793 936 2844 Deos
953 2793 1150 2858 lacesso]
1183 2794 1260 2844 Ut
1281 2794 1385 2844 lar·-

316 2866 527 2931 giantur
573 2869 854 2934 quidquam
894 2877 1092 2935 proeter
1126 2871 1244 2931 ista,
1283 2882 1385 2923 non

316 2945 629 3010 importunis
650 2948 797 2998 Deos
810 2948 1056 3012 precibus
1073 2947 1259 3014 fatigo,
1280 2960 1384 3000 non

317 3037 502 3088 urgeo,
520 3038 622 3074 non
646 3024 894 3091 efflagito.
937 3028 1043 3078 Sed
1066 3040 1164 3079 nee
1187 3028 1385 3079 Maece*

317 3108 496 3152 natem
540 3101 778 3160 amicum,
824 3103 993 3168 plura,
1048 3105 1092 3155 si
1141 3104 1384 3170 rogitem,

318 3177 446 3228 dare
486 3186 722 3243 paratum
761 3195 824 3230 ae
862 3187 1151 3245 potentem,
1190 3194 1385 3249 nequa·

317 3270 472 3322 quam
497 3271 597 3321 ego
629 3258 847 3322 lacesso,
882 3270 980 3308 nee
1011 3260 1263 3324 ampliora
1290 3258 1387 3309 fla·

317 3332 451 3398 gito,
473 3347 627 3398 quam
662 3349 778 3400 quae
811 3336 922 3399 jam
944 3334 1178 3401 donavit,
1201 3335 1385 3386 videli-

317 3422 406 3463 cet
449 3428 632 3478 agrum
674 3414 731 3464 in
781 3414 1007 3479 Sabinis,
1048 3430 1153 3481 quo
1198 3415 1385 3467 victito

317 3490 505 3540 beatus
542 3496 600 3541 et
637 3498 937 3545 contentus.
1005 3492 1088 3542 Sio
1126 3491 1387 3557 eupidita-

266 3572 284 3587 ·
318 3575 427 3619 tem
466 3575 738 3618 aversatur
760 3580 963 3620 omnem
1000 3584 1062 3619 ac
1100 3568 1390 3628 libidinem,

319 3654 383 3696 ut
426 3653 582 3696 vocat
629 3646 843 3698 Tullius.
910 3646 1067 3698 Hane
1111 3645 1390 3709 ferocienti

320 3737 457 3789 equo
501 3723 718 3773 similem
754 3723 930 3774 aiebat
963 3724 1124 3775 Plato
1153 3725 1209 3773 in
1241 3724 1391 3774 1³11ae-

320 3802 434 3853 dro.
502 3802 763 3864 Diogenes
794 3810 970 3853 autem
1005 3803 1232 3867 Cynicus
1272 3804 1288 3832 ⁴
1313 3817 1394 3854 ar-

319 3895 434 3932 cem
457 3884 680 3930 omnium
704 3880 985 3933 malorum’
1009 3881 1292 3934 vocitabat.

384 3963 448 4008 ls
485 3958 705 4022 Flagito]
739 3957 879 4010 Quid
915 3959 1087 4008 valeat
1120 3959 1220 4009 ista
1267 3974 1385 4020 voX,

319 4036 478 4085 docet
500 4035 608 4085 Cic.
626 4034 793 4098 Epist.
810 4047 891 4084 lx.
907 4038 956 4084 8.
974 4034 1037 4083 ad
1058 4035 1346 4086 Varronem
1368 4052 1382 4087 t

321 4113 407 4162 ubi
433 4111 507 4161 sic
538 4110 756 4160 scribite
793 4112 809 4138 ‘
832 4111 1017 4160 Metuo
1052 4122 1119 4160 ne
1155 4120 1209 4163 te
1247 4104 1384 4166 forte

319 4187 586 4252 flagitent:
622 4202 723 4253 ego
756 4195 931 4238 autem
954 4188 1197 4240 mandavi
1219 4198 1277 4241 ut
1301 4207 1382 4242 ro·

321 4263 542 4331 garent.'

391 4347 454 4394 14
487 4341 624 4393 Satis
643 4340 806 4394 bouem
822 4341 976 4394 unicis
993 4342 1210 4407 Sabinis]
1241 4344 1385 4396 Prae-

1465 2171 1555 2222 dio
1599 2170 1652 2221 in
1694 2167 1920 2232 Sabinis,
1962 2183 2065 2234 quo
2100 2167 2320 2218 donatus
2351 2179 2464 2216 sum
2498 2179 2530 2214 a

1466 2252 1783 2315 Maecenate,
1815 2249 1940 2300 satis
1970 2262 2054 2297 me
2089 2246 2401 2311 locupletem
2439 2258 2531 2294 ex·

1463 2331 1657 2394 intimo,
1706 2343 1806 2378 nee
1854 2327 1920 2376 ab
1962 2340 2028 2375 eo
2073 2325 2345 2390 quiequam
2390 2322 2530 2371 ultra

1464 2414 1611 2473 peto,
1649 2407 1730 2456 vei
1765 2404 1939 2468 cupio.
2006 2401 2142 2452 Vide
2184 2414 2272 2451 ιιι.
2308 2398 2412 2449 Od.
2445 2402 2526 2448 13.

1464 2489 1511 2535 ι.
1534 2485 1710 2550 ibique
1735 2484 1864 2535 Not.
1931 2482 2067 2533 Item
2098 2481 2267 2546 Epist.
2288 2464 2408 2530 ivn.
2431 2480 2531 2529 ini-

1463 2563 1612 2628 tium,
1648 2562 1738 2613 ubi
1771 2575 1914 2611 suam
1939 2561 2052 2624 ipse
2083 2560 2256 2609 viliam
2280 2557 2530 2608 describit

1461 2638 1649 2691 Po'e‘ta.

1528 2720 1591 2767 15
1634 2715 1872 2766 Truditur
1904 2714 2007 2765 dies
2044 2713 2145 2778 die]
2178 2710 2349 2777 Epod.
2387 2722 2529 2761 xm.

1460 2793 1670 2858 ‘Urget
1707 2792 1848 2843 diem
1890 2806 2012 2849 nox,
2047 2797 2103 2840 et
2137 2788 2249 2838 dies
2280 2786 2528 2837 noctem!

1464 2873 1652 2924 Senes.
1697 2871 1869 2937 Epist.
1904 2882 2067 2920 xxiv.
2098 2869 2114 2898 ‘
2140 2867 2351 2917 Nullius
2371 2865 2447 2916 rei
2469 2863 2531 2914 fi-

1464 2952 1547 3003 nis
1566 2957 1670 3002 est.
1734 2949 1839 3001 Sed
1856 2950 1909 2999 in
1933 2947 2112 2999 orbem
2132 2960 2266 2995 nexa
2285 2948 2405 2994 sunt
2417 2944 2532 2994 uni·

1467 3042 1635 3081 versa.
1683 3029 1917 3093 Fugiunt
1939 3040 2001 3078 ao
2023 3029 2328 3091 sequuntur.
2369 3022 2530 3071 Diem

1464 3120 1570 3159 nox
1595 3106 1823 3174 premit;
1857 3106 2216 3156 dies·noetem.
2286 3102 2457 3152 AEstas
2478 3100 2531 3149 in

1463 3183 1787 3236 Autumnum
1805 3182 2014 3233 desinit.
2043 3180 2311 3232 Autumno
2328 3178 2540 3244 Hyems·

1465 3262 1627 3314 instat
1648 3277 1663 3324 ς
1687 3276 1801 3327 quae
1827 3259 1966 3311 Vere
1989 3259 2360 3322 compescitum·
2402 3255 2534 3306 Om-

1465 3339 1556 3389 nia
1599 3345 1891 3401 transeunt,
1928 3344 1989 3388 ut
2021 3334 2382 3387 revertantur!
2444 3334 2531 3384 Sic

1467 3415 1582 3468 fere
1628 3417 1694 3467 ad
1751 3428 1861 3466 rem
1905 3421 2139 3465 nostram
2182 3411 2531 3463 Ecclesiastes

1466 3509 1585 3558 cap.
1612 3493 1711 3547 1.,‘
1730 3493 1914 3542 Oritur
1936 3492 2107 3542 Solet
2127 3489 2343 3553 oceidit,
2376 3494 2435 3538 et
2465 3485 2531 3537 ad

1466 3566 1639 3621 iocum
1661 3584 1808 3620 suum
1832 3568 2139 3618 revertitur:
2162 3566 2338 3630 ibique
2362 3578 2536 3616 renas·

1469 3662 1593 3699 cens
1616 3652 1769 3713 gyrat
1792 3661 1885 3711 per
1905 3644 2205 3706 Meridiem,
2225 3650 2281 3693 et
2301 3640 2532 3694 flectitur

1468 3725 1536 3775 ad
1577 3721 1927 3791 Aquilonem!
1990 3723 2128 3773 Vide
2153 3721 2301 3771 Pers.
2332 3722 2446 3772 Sat.
2475 3735 2532 3770 v.

1474 3805 1559 3852 66.
1579 3808 1636 3853 et
1656 3816 1797 3867 seqq.
2431 3814 2436 3819 ‘

1543 3885 1605 3931 16
1638 3879 1878 3942 quue
1904 3882 2116 3942 pergunt
2134 3876 2335 3926 interim
2354 3874 2532 3940 Lunae]

1471 3955 1561 4008 Ita
1578 3956 1824 4007 labuntur
1847 3967 2051 4006 menses
2084 3954 2343 4019 annique:
2381 3965 2529 4004 novae

1465 4035 1628 4086 Lunae
1651 4034 2013 4098 complentur3
2048 4039 2155 4083 tum
2196 4031 2531 4093 decrescunt,

1467 4126 1529 4162 ac
1541 4104 1832 4162 intereunt:
1849 4124 2152 4175 rursumque
2170 4115 2531 4168 renascuntur,

1466 4198 1522 4241 et
1546 4195 1807 4253 creseunt,
1824 4188 2091 4253 perpetuis
2109 4188 2323 4238 vicibus.
2347 4186 2431 4237 Ita
2448 4185 2529 4235 fu·

1467 4267 1545 4332 git
1581 4272 1804 4331 tempus,
1840 4267 1916 4317 ita
1937 4264 2053 4316 fluit
2076 4280 2137 4316 ac
2161 4267 2299 4330 perit
2322 4270 2451 4318 aetas
2474 4270 2530 4313 et

1469 4344 1578 4395 vita
1600 4349 1795 4396 nostra.
1858 4343 1942 4394 Tu
1967 4350 2158 4408 tamen,
2184 4341 2450 4408 osuperbe
2473 4348 2529 4392 et
