3059 4909
1004 390 1423 443 alumnum
1474 392 1619 443 ms.
1667 392 1716 444 1.
1763 377 1823 448 1.

573 540 715 605 Seu
742 540 920 626 rupit
947 545 1193 606 teretes
1227 537 1504 604 Marsus
1535 558 1698 626 aper
1724 539 1991 624 plagas.

576 642 698 708 Me
729 642 1069 709 doctarum
1097 641 1359 707 hederae
1389 643 1670 727 praemia
1697 640 2005 706 frontium

577 747 709 811 Dis
736 747 1017 812 miscent
1046 746 1346 830 superis:
1390 765 1500 824 me
1526 742 1822 828 gelidum
1850 762 2103 822 nemus,

2428 744 2518 810 30

574 849 1177 936 Nympharumque
1207 850 1396 915 leves
1423 869 1578 916 cum
1607 847 1869 935 Satyris
1897 847 2080 913 chori

321 1021 525 1074 Hedera
540 1040 674 1081 vero,
695 1028 1129 1080 mercesdoctorsm
1145 1042 1171 1076 o
1240 1025 1251 1037 ’
1273 1040 1370 1085 sm,
1392 1038 1466 1074 me
1484 1026 1713 1076 collocant
1733 1024 1862 1073 inter
1882 1037 2085 1082 wantos
2104 1024 2237 1076 Deos
2249 1040 2266 1073 .-
2299 1039 2371 1074 me
2392 1024 2523 1089 sylva

307 1087 500 1153 frigida
534 1096 587 1141 et
616 1093 789 1142 celeres
827 1092 1009 1143 choreoe
1031 1030 1363 1159 Nymfflmm
1394 1104 1502 1140 cum
1525 1089 1720 1155 Satyris
1753 1097 2008 1154 segregant
2041 1106 2073 1140 a
2112 1091 2272 1153 vulgo,
2292 1089 2337 1139 si
2374 1102 2522 1154 neque

1240 1217 1270 1237 O

326 1316 628 1366 Lactantius
652 1318 717 1366 ad
755 1316 911 1369 Statii
940 1316 1103 1368 Theb.
1125 1321 1482 1369 111.87⁷.—28
1508 1277 1618 1370 *Sea
1639 1318 1659 1369 i

1661 1319 1817 1384 mpii
1840 1319 2010 1371 codex
2032 1326 2267 1383 vetustus
2300 1318 2523 1369 Barthii.

321 1386 449 1432 -29
479 1388 496 1411 ⁸
518 1382 589 1432 Te
603 1384 850 1433 doctarum
870 1382 1180 1449 scripturam
1203 1383 1547 1448 proculdubio
1569 1386 1842 1449 genuinam
1877 1386 1996 1436 huic
2019 1386 2277 1435 versiculo
2311 1384 2529 1435 redona-

322 1446 521 1497 vimus?
563 1447 762 1508 Wakef.
830 1450 914 1512 Te,
948 1449 1087 1514 quod
1109 1450 1340 1500 suboluit
1374 1450 1676 1515 Rutgersio‚
1702 1451 1801 1501 sibi
1839 1451 2072 1501 vindicat
2106 1451 2318 1513 Harius,
2356 1451 2526 1513 Scrip-

322 1518 438 1562 ture
458 1512 800 1577 vindicum,
818 1529 874 1593 p.
896 1519 1012 1565 26³·

1074 1515 1163 1572 Me
1183 1522 1401 1566 servant
1416 1530 1602 1566 omnes
1635 1516 1788 1567 codd.
1805 1517 2142 1580 marruscripti
2166 1523 2227 1566 et
2250 1515 2368 1566 edd.
2391 1523 2524 1566 vett.

324 1577 662 1641 probantibus
708 1579 927 1645 Cumng.
959 1580 1124 1631 Gesn.
1164 1580 1343 1631 Klotz.
1388 1582 1736 1633 (τοκῆι-80
1769 1582 1889 1633 Diis
1923 1597 2101 1632 omnes
2138 1581 2295 1642 codd.
2336 1587 2531 1646 praeter

1318 1684 1531 1764 nerse

323 1803 552 1856 adulatio
568 1841 582 1857 .
598 1841 612 1858 .
631 1841 646 1858 .
669 1814 774 1857 tam
790 1807 1105 1858 incredibilis
1129 1806 1198 1859 ad
1220 1807 1388 1859 inves-

323 1882 592 1947 tigandum
614 1884 878 1948 sagacitas
893 1884 1112 1949 narium,
1124 1892 1271 1934 tanta
1288 1884 1389 1934 ala·

324 1959 485 2009 critas
541 1959 596 2009 in
640 1960 898 2022 venando,
952 1961 1075 2026 quid
1134 1958 1392 2025 significat

322 2034 482 2100 aliud,
514 2034 616 2086 nisi
638 2050 696 2086 se
720 2035 786 2086 ad
818 2037 1078 2087 hominum
1113 2036 1392 2088 commodi-

324 2116 460 2163 tates
476 2127 591 2164 esse
606 2121 884 2178 generatos
900 2113 934 2163 θ’
963 2113 1102 2165 Vide
1117 2115 1306 2170 AElian.
1324 2115 1400 2184 de

324 2186 550 2241 Animal.
576 2201 701 2240 xlx.
725 2195 805 2241 11.
874 2191 996 2242 Huc
1022 2199 1230 2257 spectat
1252 2192 1390 2259 quod

324 2272 449 2317 sunt
467 2266 674 2334 quidam
697 2268 928 2319 venatici
946 2284 1126 2334 canes,
1165 2272 1255 2337 qui
1279 2273 1392 2322 visu

324 2349 511 2400 melius
531 2362 691 2416 quam
706 2347 907 2399 olfactu
928 2348 1066 2400 feras
1089 2349 1393 2403 consectan-

327 2434 431 2477 tur.
466 2428 607 2479 Gall.
634 2428 838 2479 Cloasser
856 2433 887 2479 ὰ
910 2444 1014 2481 oue.
1069 2430 1200 2480 Sunt
1239 2444 1394 2494 porro

324 2504 505 2555 fideles
536 2505 575 2556 ii
598 2504 687 2571 qui
712 2520 744 2555 a
783 2513 932 2556 recta
957 2506 1138 2571 praeda
1171 2521 1272 2555 non
1305 2507 1396 2556 ab·

326 2588 508 2632 errant
562 2581 616 2631 in
673 2582 1027 2634 adventitiam.
1096 2581 1239 2633 Gall.
1298 2582 1397 2640 Qui

325 2673 385 2710 ae
412 2665 648 2724 prement
675 2660 889 2722 poiut‘le
930 2661 1144 2724 ebunge,·
1179 2674 1264 2723 ou,
1300 2658 1399 2717 Qui

321 2738 526 2799 gardent
548 2738 595 2786 le
613 2737 812 2798 change.

392 2816 459 2862 28
497 2812 688 2863 Teretes·
720 2813 914 2877 plagas]
946 2814 1128 2863 Solent
1160 2812 1399 2863 venaturi

331 2889 504 2952 sylvas
550 2889 670 2939 telis
724 2903 786 2940 ac
835 2890 1011 2939 linteis
1054 2890 1400 2951 circumdare,

330 2966 518 3029 quibus
555 2964 684 3016 ferae
721 2967 1116 3021 concludantur.
1188 2966 1399 3032 Teretes]

335 3042 519 3093 'l'ereti
540 3040 664 3096 fune
686 3040 930 3093 confecta
954 3045 1103 3095 retia.

398 3119 598 3169 Maras
615 3117 754 3183 oper]
800 3118 960 3183 Apud
982 3120 1205 3176 Marsos,
1226 3119 1399 3171 Italiae

339 3192 579 3259 populos,
602 3194 805 3245 Sabinis
832 3194 1032 3259 affines,
1059 3197 1218 3260 sylvae
1244 3196 1402 3261 pluri·

339 3283 457 3333 mae,
476 3271 532 3320 in
550 3271 737 3337 quibus
757 3273 966 3326 venatio
988 3271 1252 3338 frequens.

394 3351 481 3398 29*
498 3347 765 3398 Doctorum
789 3349 975 3399 hederoe
1001 3350 1203 3414 proemia
1218 3351 1405 3411 fionti-

336 3422 439 3487 κω]
474 3424 691 3490 Hedera
705 3427 1088 3490 coronabantur
1109 3427 1295 3479 Poe’tae
1314 3444 1406 3479 ex·

343 3499 472 3564 imii,
506 3502 699 3568 quique
733 3503 787 3552 in
818 3506 1110 3555 certamine
1133 3506 1328 3571 ingenii
1352 3513 1407 3557 et

340 3577 610 3629 industria
634 3579 858 3631 victores
890 3579 1127 3632 fuerant:
1164 3584 1248 3632 vel
1269 3582 1405 3649 quod

340 3654 692 3705 eternitatem
725 3662 783 3706 et
814 3657 1253 3710 immortalitatem
1296 3675 1410 3711 car-

343 3732 496 3783 minis
529 3732 781 3804 ¹designet
825 3744 1111 3800 perpetuus
1142 3738 1232 3787 ille
1272 3738 1411 3788 viror

340 3808 569 3874 hederoe,
582 3811 1013 3875 quemadmodum
1030 3821 1086 3864 et
1107 3816 1240 3864 lauri
1264 3833 1276 3863 ε
1299 3815 1410 3866 sive

344 3886 465 3951 quia
486 3885 676 3939 Po'etoe
700 3889 908 3940 Baccho
927 3891 1144 3955 perinde
1169 3906 1230 3941 ac
1248 3891 1410 3942 hede-

342 3976 401 4011 ra
421 3963 559 4014 sacri
581 3969 720 4023 sunt,
757 3966 824 4017 ob
860 3968 1285 4033 enthusiasmum‚
1307 3981 1411 4033 quo

345 4038 725 4092 Bacchantium
767 4055 910 4092 more
955 4044 1218 4094 interdum
1256 4042 1411 4093 corri-

346 4118 578 4183 piuntur,
599 4121 682 4170 vel
699 4123 871 4185 potius
893 4123 959 4172 ob
983 4123 1087 4173 vini
1105 4122 1168 4172 ad
1191 4120 1414 4173 conden-

347 4194 670 4258 da‘carmina
685 4199 981 4251 utilitatem.
1046 4199 1200 4251 Unde
1213 4201 1413 4252 Noster

351 4278 534 4335 postea
557 4282 758 4326 asseret
778 4291 880 4327 non
905 4292 1057 4342 posse
1080 4277 1171 4328 diu
1202 4278 1412 4343 placere

479 4351 658 4419 nem.
677 4361 729 4408 et
756 4356 873 4408 ναν.
890 4357 1021 4409 clas.

1469 1817 1561 1861 aut
1584 1810 1759 1862 vivere
1790 1811 2021 1861 carmina
2059 1816 2075 1839 ‘
2092 1824 2208 1875 quae
2232 1804 2533 1860 scribuntur

1470 1902 1617 1952 aquae
1641 1887 1943 1952 potoribus!
2006 1881 2196 1951 Virgil.
2222 1887 2404 1951 Eclog.
2432 1899 2534 1935 vn.

1469 1968 1553 2015 25.
1585 1966 1601 1994 ⁴
1617 1963 1864 2014 Pastores
1879 1963 2091 2022 ,hedera
2110 1971 2431 2014 crescentem
2452 1976 2535 2011 or-

1471 2046 1594 2089 nate
1615 2038 1869 2090 Pei-itam)

1537 2120 1601 2168 30
1635 2117 1732 2169 Dis
1761 2117 1957 2167 miscent
1993 2114 2199 2181 superis]
2256 2114 2535 2176 Felicitate

1471 2209 1556 2245 me
1579 2195 1797 2245 similem
1832 2194 1947 2244 Diis
1985 2194 2203 2257 faciunt,
2228 2208 2290 2243 ac
2320 2191 2538 2257 perinde

1471 2272 1685 2336 beatum
1701 2278 1760 2322 ut
1779 2273 1866 2339 qui
1889 2271 2098 2325 divinos.
2114 2270 2336 2328 honores
2354 2263 2538 2320 'conse-

1473 2356 1720 2414 quuntur.
2073 2411 2076 2416 μ
2541 2404 2548 2414 ,

1540 2425 1749 2488 Nemus]
1808 2424 2020 2488 Quippe
2068 2424 2203 2489 quod
2238 2421 2539 2482 meditando

1475 2507 1531 2551 et
1544 2501 1926 2550 conscribendis
1940 2501 2170 2551 versibus
2185 2502 2505 2566 aptissimum
2525 2517 2541 2560 ;

1478 2593 1596 2627 nam
1616 2578 1632 2605 ‘
1651 2577 1894 2627 Carmina
1915 2569 2171 2638 secessum
2188 2577 2469 2628 scribentis
2488 2582 2546 2625 et

1478 2653 1587 2704 otia
1624 2652 1934 2720 quaerunt}
1970 2653 2110 2703 Hinc
2142 2661 2199 2704 et
2231 2655 2283 2703 in
2316 2654 2378 2703 iis
2412 2654 2540 2702 locis

1475 2731 1862 2780 constituuntur
1896 2729 2153 2795 Nymphae
2188 2744 2301 2779 cum
2341 2729 2543 2794 Satyris

1477 2809 1660 2860 choros
1706 2810 1996 2871 ducentes;
2038 2809 2092 2859 id
2137 2818 2231 2868 est,
2271 2808 2543 2875 profundae

1479 2893 1536 2937 et
1572 2885 1795 2936 eruditae
1828 2886 2175 2951 cogitationes
2209 2886 2379 2939 doctis
2421 2888 2543 2937 viris

1478 2956 1593 3014 sese
1617 2963 1962 3013 immiscentes
1986 2970 2043 3013 et
2075 2964 2413 3014 insinuantes,

1546 3043 1610 3089 sl
1647 3038 1865 3105 Satyris]
1922 3040 2002 3087 De
2034 3039 2112 3088 his
2137 3048 2324 3104 postea
2346 3054 2408 3089 n.
2441 3038 2544 3090 Οὐ.

1481 3120 1563 3167 19.
1630 3117 1848 3167 Rustica
1890 3118 2122 3167 Numina
2159 3123 2300 3181 sunt,
2330 3132 2549 3182 quorum

1482 3208 1709 3258 superna
1731 3209 1853 3259 pars
1877 3195 2109 3259 corporis
2140 3195 2413 3244 humanam
2437 3192 2547 3244 effi-

1486 3270 1643 3335 giem,
1686 3269 1903 3320 inferior
1937 3272 2201 3337 caprinam
2228 3271 2545 3323 exhibebat:

1486 3354 1722 3396 ceterum
1748 3362 1917 3396 rerum
1941 3348 2168 3398 omnium
2203 3348 2552 3413 cognitionem

1486 3421 1680 3472 habere
1696 3428 1852 3488 atque
1866 3424 2155 3474 hominibus
2174 3426 2442 3489 impertire
2456 3425 2550 3476 Sa-

1487 3501 1614 3564 tyri,
1636 3500 1819 3564 Fauni,
1850 3500 2063 3565 Sylvaui
2096 3502 2378 3553 existimati
2408 3511 2552 3552 sunt.

1488 3578 1651 3629 Patet
1687 3593 1753 3627 ex
1790 3579 2000 3643 Virgilii
2036 3581 2232 3644 Eeloga
2267 3594 2345 3628 vr.
2375 3580 2428 3627 in
2449 3592 2554 3643 qua

1491 3658 1693 3717 Silenus
1728 3656 1794 3707 de
1831 3657 2138 3707 abstrusiori
2171 3671 2344 3706 rerum
2365 3661 2555 3704 natura

1491 3742 1549 3786 et
1592 3734 1792 3798 origine
1850 3734 2070 3782 solerter
2121 3731 2352 3781 disserit.
2417 3729 2555 3780 Vide

1493 3810 1709 3861 Luciani
1750 3810 1958 3873 Dialog.
2012 3819 2172 3859 xxvr.
2227 3807 2310 3857 cui
2353 3805 2555 3873 titulus,

1490 3889 1506 3916 ‘
1525 3886 1825 3952 Dionysus!
1869 3886 2084 3938 Diodor.
2101 3879 2265 3938 sicul-⁴
2283 3887 2423 3937 Plin.
2451 3901 2556 3937 vn.

1492 3971 1541 4016 2.
1564 3966 1738 4031 Satyri
1761 3967 1982 4017 humano
2003 3968 2197 4032 capite,
2219 3966 2313 4026 sed
2336 3972 2555 4027 cornuto

1494 4045 1765 4110 calvoque,
1809 4038 1977 4094 acutis
2022 4044 2251 4108 auribus,
2296 4043 2559 4114 depressis

1495 4121 1726 4179 naribus,
1750 4121 1932 4188 villoso
1964 4136 2205 4185 corpore,
2240 4118 2305 4168 ab
2328 4118 2555 4184 antiquis

1494 4200 1794 4265 pinguntur.
1843 4199 2154 4249 Plutarchus
2174 4197 2228 4246 in
2251 4197 2409 4261 8511ae
2432 4195 2560 4244 Vita

1493 4276 1677 4342 refert,
1686 4292 1782 4343 per
1793 4274 2106 4329 Thessaliam
2125 4280 2182 4324 et
2197 4267 2560 4349 Macedoniam

1362 4353 1548 4408 Horat.
2382 4349 2429 4401 E
