<?xml version="1.0" encoding="UTF-8"?>
<!DOCTYPE html PUBLIC "-//W3C//DTD XHTML 1.0 Transitional//EN"
    "http://www.w3.org/TR/xhtml1/DTD/xhtml1-transitional.dtd">
<html xmlns="http://www.w3.org/1999/xhtml" xml:lang="en" lang="en">
 <head>
  <title>
</title>
<meta http-equiv="Content-Type" content="text/html;charset=utf-8" />
  <meta name='ocr-system' content='tesseract 3.04.00' />
  <meta name='ocr-capabilities' content='ocr_page ocr_carea ocr_par ocr_line ocrx_word'/>
</head>
<body>
  <div class='ocr_page' id='page_1' title='image "./quintihoratiifl00unkngoog_0395.png"; bbox 0 0 3059 4909; ppageno 0'>
   <div class='ocr_carea' id='block_1_1' title="bbox 1806 225 1835 240">
    <p class='ocr_par' dir='ltr' id='par_1_1' title="bbox 1806 225 1835 240">
     <span class='ocr_line' id='line_1_1' title="bbox 1806 225 1835 240; baseline 0 -5"><span class='ocrx_word' id='word_1_1' title='bbox 1806 225 1835 240; x_wconf 56' lang='lat' dir='ltr'><em>e</em></span> 
     </span>
    </p>
   </div>
   <div class='ocr_carea' id='block_1_2' title="bbox 657 404 2507 842">
    <p class='ocr_par' dir='ltr' id='par_1_2' title="bbox 657 404 2507 842">
     <span class='ocr_line' id='line_1_2' title="bbox 966 404 2507 477; baseline 0.011 -16"><span class='ocrx_word' id='word_1_2' title='bbox 966 413 1379 465; x_wconf 64' lang='lat' dir='ltr'>CARMINUM</span> <span class='ocrx_word' id='word_1_3' title='bbox 1431 415 1576 467; x_wconf 74' lang='lat' dir='ltr'><strong>ms.</strong></span> <span class='ocrx_word' id='word_1_4' title='bbox 1624 420 1745 471; x_wconf 71' lang='grc' dir='ltr'><strong>ιιι.</strong></span> <span class='ocrx_word' id='word_1_5' title='bbox 1785 404 1848 471; x_wconf 85' lang='grc'><strong>3.</strong></span> <span class='ocrx_word' id='word_1_6' title='bbox 1918 421 1923 426; x_wconf 91' lang='grc'>·</span> <span class='ocrx_word' id='word_1_7' title='bbox 2377 408 2507 477; x_wconf 71' lang='grc'><strong>385</strong></span> 
     </span>
     <span class='ocr_line' id='line_1_3' title="bbox 661 545 2035 644; baseline 0.012 -31"><span class='ocrx_word' id='word_1_8' title='bbox 661 545 820 615; x_wconf 85' lang='lat' dir='ltr'><strong>Hac</strong></span> <span class='ocrx_word' id='word_1_9' title='bbox 849 555 914 616; x_wconf 90' lang='lat' dir='ltr'><strong>te</strong></span> <span class='ocrx_word' id='word_1_10' title='bbox 943 560 1319 634; x_wconf 71' lang='lat' dir='ltr'><strong>merentem,</strong></span> <span class='ocrx_word' id='word_1_11' title='bbox 1353 557 1630 623; x_wconf 84' lang='lat' dir='ltr'><strong>Bacche</strong></span> <span class='ocrx_word' id='word_1_12' title='bbox 1660 568 1885 644; x_wconf 74' lang='lat' dir='ltr'><strong>puter,⁷</strong></span> <span class='ocrx_word' id='word_1_13' title='bbox 1904 569 2035 629; x_wconf 78' lang='lat' dir='ltr'><strong>tuae</strong></span> 
     </span>
     <span class='ocr_line' id='line_1_4' title="bbox 657 650 1732 745; baseline 0.012 -31"><span class='ocrx_word' id='word_1_14' title='bbox 657 650 921 718; x_wconf 87' lang='lat' dir='ltr'><strong>Vexere</strong></span> <span class='ocrx_word' id='word_1_15' title='bbox 949 656 1172 739; x_wconf 82' lang='lat' dir='ltr'><strong>tigres,</strong></span> <span class='ocrx_word' id='word_1_16' title='bbox 1201 656 1477 724; x_wconf 80' lang='lat' dir='ltr'><strong>indocili</strong></span> <span class='ocrx_word' id='word_1_17' title='bbox 1493 659 1732 745; x_wconf 79' lang='lat' dir='ltr'><strong>jugum</strong></span> 
     </span>
     <span class='ocr_line' id='line_1_5' title="bbox 743 754 2501 842; baseline 0.01 -22"><span class='ocrx_word' id='word_1_18' title='bbox 743 754 941 821; x_wconf 86' lang='lat' dir='ltr'><strong>Collo</strong></span> <span class='ocrx_word' id='word_1_19' title='bbox 970 759 1341 826; x_wconf 81' lang='lat' dir='ltr'><strong>trahentes:</strong></span> <span class='ocrx_word' id='word_1_20' title='bbox 1385 764 1513 827; x_wconf 88' lang='lat' dir='ltr'><strong>hac</strong></span> <span class='ocrx_word' id='word_1_21' title='bbox 1547 763 1871 842; x_wconf 82' lang='lat' dir='ltr'><strong>Quirinus</strong></span> <span class='ocrx_word' id='word_1_22' title='bbox 1932 781 1939 786; x_wconf 83' lang='lat'>&#39;</span> <span class='ocrx_word' id='word_1_23' title='bbox 2417 774 2501 838; x_wconf 87' lang='lat'><strong>15</strong></span> 
     </span>
    </p>
   </div>
   <div class='ocr_carea' id='block_1_3' title="bbox 648 856 1929 1147">
    <p class='ocr_par' dir='ltr' id='par_1_3' title="bbox 648 856 1929 1147">
     <span class='ocr_line' id='line_1_6' title="bbox 824 856 1929 950; baseline 0.013 -30"><span class='ocrx_word' id='word_1_24' title='bbox 824 856 1061 927; x_wconf 82' lang='lat' dir='ltr'><strong>Martis</strong></span> <span class='ocrx_word' id='word_1_25' title='bbox 1089 861 1284 945; x_wconf 89' lang='lat' dir='ltr'><strong>equis</strong></span> <span class='ocrx_word' id='word_1_26' title='bbox 1314 862 1696 930; x_wconf 78' lang='lat' dir='ltr'><strong>Acheronta</strong></span> <span class='ocrx_word' id='word_1_27' title='bbox 1725 867 1929 950; x_wconf 84' lang='lat' dir='ltr'><strong>fugit3</strong></span> 
     </span>
     <span class='ocr_line' id='line_1_7' title="bbox 653 956 1783 1034; baseline 0.012 -13"><span class='ocrx_word' id='word_1_28' title='bbox 653 956 939 1023; x_wconf 83' lang='lat' dir='ltr'><strong>Gratum</strong></span> <span class='ocrx_word' id='word_1_29' title='bbox 972 963 1238 1028; x_wconf 84' lang='lat' dir='ltr'><strong>elocuta</strong></span> <span class='ocrx_word' id='word_1_30' title='bbox 1267 966 1783 1034; x_wconf 78' lang='lat' dir='ltr'><strong>consiliantibus</strong></span> 
     </span>
     <span class='ocr_line' id='line_1_8' title="bbox 648 1058 1721 1147; baseline 0.012 -24"><span class='ocrx_word' id='word_1_31' title='bbox 648 1058 696 1124; x_wconf 85' lang='lat' dir='ltr'><strong>J</strong></span> <span class='ocrx_word' id='word_1_32' title='bbox 699 1080 915 1127; x_wconf 89' lang='lat' dir='ltr'><strong>unone</strong></span> <span class='ocrx_word' id='word_1_33' title='bbox 944 1063 1187 1131; x_wconf 84' lang='lat' dir='ltr'><strong>Divis:</strong></span> <span class='ocrx_word' id='word_1_34' title='bbox 1236 1067 1437 1147; x_wconf 85' lang='lat' dir='ltr'><strong>Ilion,</strong></span> <span class='ocrx_word' id='word_1_35' title='bbox 1469 1069 1649 1135; x_wconf 93' lang='lat' dir='ltr'><strong>Ilion</strong></span> <span class='ocrx_word' id='word_1_36' title='bbox 1710 1128 1721 1136; x_wconf 80' lang='grc'>,</span> 
     </span>
    </p>
   </div>
   <div class='ocr_carea' id='block_1_4' title="bbox 300 1243 2497 1386">
    <p class='ocr_par' dir='ltr' id='par_1_4' title="bbox 300 1243 2497 1386">
     <span class='ocr_line' id='line_1_9' title="bbox 300 1243 2496 1319; baseline 0.011 -35"><span class='ocrx_word' id='word_1_37' title='bbox 300 1250 431 1286; x_wconf 81' lang='lat' dir='ltr'><strong>roseo</strong></span> <span class='ocrx_word' id='word_1_38' title='bbox 459 1243 626 1289; x_wconf 76' lang='lat' dir='ltr'><strong>nectar</strong></span> <span class='ocrx_word' id='word_1_39' title='bbox 657 1248 809 1304; x_wconf 74' lang='lat' dir='ltr'><strong>potat.</strong></span> <span class='ocrx_word' id='word_1_40' title='bbox 876 1247 983 1296; x_wconf 77' lang='lat' dir='ltr'><strong>Isto</strong></span> <span class='ocrx_word' id='word_1_41' title='bbox 1019 1249 1195 1298; x_wconf 79' lang='lat' dir='ltr'><strong>clarum</strong></span> <span class='ocrx_word' id='word_1_42' title='bbox 1218 1254 1283 1311; x_wconf 80' lang='lat' dir='ltr'><strong>te,</strong></span> <span class='ocrx_word' id='word_1_43' title='bbox 1311 1249 1456 1301; x_wconf 78' lang='lat' dir='ltr'><strong>Liber</strong></span> <span class='ocrx_word' id='word_1_44' title='bbox 1474 1257 1630 1316; x_wconf 80' lang='lat' dir='ltr'><strong>puter,</strong></span> <span class='ocrx_word' id='word_1_45' title='bbox 1649 1260 1839 1305; x_wconf 75' lang='lat' dir='ltr'><strong>traxere</strong></span> <span class='ocrx_word' id='word_1_46' title='bbox 1860 1262 1956 1305; x_wconf 77' lang='lat' dir='ltr'><strong>tuae</strong></span> <span class='ocrx_word' id='word_1_47' title='bbox 1978 1257 2130 1319; x_wconf 79' lang='lat' dir='ltr'><strong>tigres</strong></span> <span class='ocrx_word' id='word_1_48' title='bbox 2150 1258 2378 1307; x_wconf 79' lang='lat' dir='ltr'><strong>indomita</strong></span> <span class='ocrx_word' id='word_1_49' title='bbox 2397 1274 2496 1309; x_wconf 80' lang='lat' dir='ltr'><strong>cer·</strong></span> 
     </span>
     <span class='ocr_line' id='line_1_10' title="bbox 300 1301 2497 1386; baseline 0.011 -37"><span class='ocrx_word' id='word_1_50' title='bbox 300 1301 401 1350; x_wconf 79' lang='lat' dir='ltr'><strong>vice</strong></span> <span class='ocrx_word' id='word_1_51' title='bbox 410 1301 823 1365; x_wconf 72' lang='lat' dir='ltr'><strong>jugumserentes.</strong></span> <span class='ocrx_word' id='word_1_52' title='bbox 869 1312 965 1359; x_wconf 81' lang='lat' dir='ltr'><strong>Per</strong></span> <span class='ocrx_word' id='word_1_53' title='bbox 984 1311 1126 1361; x_wconf 79' lang='lat' dir='ltr'><strong>istam</strong></span> <span class='ocrx_word' id='word_1_54' title='bbox 1149 1314 1377 1363; x_wconf 75' lang='lat' dir='ltr'><strong>Romulus</strong></span> <span class='ocrx_word' id='word_1_55' title='bbox 1402 1317 1582 1366; x_wconf 81' lang='lat' dir='ltr'><strong>Martis</strong></span> <span class='ocrx_word' id='word_1_56' title='bbox 1600 1320 1736 1381; x_wconf 77' lang='lat' dir='ltr'><strong>equis</strong></span> <span class='ocrx_word' id='word_1_57' title='bbox 1753 1320 1931 1385; x_wconf 75' lang='lat' dir='ltr'><strong>effugit</strong></span> <span class='ocrx_word' id='word_1_58' title='bbox 1952 1322 2354 1383; x_wconf 54' lang='lat' dir='ltr'><strong>Inferosdunone</strong></span> <span class='ocrx_word' id='word_1_59' title='bbox 2373 1326 2497 1386; x_wconf 76' lang='lat' dir='ltr'><strong>opud</strong></span> 
     </span>
    </p>
   </div>
   <div class='ocr_carea' id='block_1_5' title="bbox 300 1364 2561 1452">
    <p class='ocr_par' dir='ltr' id='par_1_5' title="bbox 300 1364 2561 1452">
     <span class='ocr_line' id='line_1_11' title="bbox 300 1364 2561 1452; baseline 0.01 -38"><span class='ocrx_word' id='word_1_60' title='bbox 300 1364 434 1416; x_wconf 74' lang='lat' dir='ltr'><strong>Deos</strong></span> <span class='ocrx_word' id='word_1_61' title='bbox 453 1370 699 1419; x_wconf 75' lang='lat' dir='ltr'><strong>cmuieimn</strong></span> <span class='ocrx_word' id='word_1_62' title='bbox 722 1373 943 1424; x_wconf 75' lang='lat' dir='ltr'><strong>habentes</strong></span> <span class='ocrx_word' id='word_1_63' title='bbox 963 1378 1147 1427; x_wconf 81' lang='lat' dir='ltr'><strong>dicente</strong></span> <span class='ocrx_word' id='word_1_64' title='bbox 1166 1392 1266 1427; x_wconf 80' lang='lat' dir='ltr'><strong>rem</strong></span> <span class='ocrx_word' id='word_1_65' title='bbox 1276 1379 1536 1440; x_wconf 69' lang='lat' dir='ltr'><strong>,iucundam</strong></span> <span class='ocrx_word' id='word_1_66' title='bbox 1553 1398 1570 1432; x_wconf 77' lang='lat'><strong>.-</strong></span> <span class='ocrx_word' id='word_1_67' title='bbox 1597 1384 1830 1434; x_wconf 78' lang='lat' dir='ltr'><strong>Funestus</strong></span> <span class='ocrx_word' id='word_1_68' title='bbox 1851 1386 2034 1452; x_wconf 75' lang='lat' dir='ltr'><strong>(dixit)</strong></span> <span class='ocrx_word' id='word_1_69' title='bbox 2056 1390 2104 1435; x_wconf 81' lang='lat' dir='ltr'><strong>et</strong></span> <span class='ocrx_word' id='word_1_70' title='bbox 2117 1387 2395 1452; x_wconf 74' lang='lat' dir='ltr'><strong>flagitiosus</strong></span> <span class='ocrx_word' id='word_1_71' title='bbox 2416 1403 2495 1436; x_wconf 81' lang='lat' dir='ltr'><strong>ar·</strong></span> <span class='ocrx_word' id='word_1_72' title='bbox 2556 1383 2561 1390; x_wconf 76' lang='grc'><em>“</em></span> 
     </span>
    </p>
   </div>
   <div class='ocr_carea' id='block_1_6' title="bbox 1232 1508 1292 1530">
    <p class='ocr_par' dir='ltr' id='par_1_6' title="bbox 1232 1508 1292 1530">
     <span class='ocr_line' id='line_1_12' title="bbox 1232 1508 1292 1530; baseline 0 0"><span class='ocrx_word' id='word_1_73' title='bbox 1232 1508 1292 1530; x_wconf 65' lang='lat'><strong>00</strong></span> 
     </span>
    </p>
   </div>
   <div class='ocr_carea' id='block_1_7' title="bbox 1292 1508 1501 1531">
    <p class='ocr_par' dir='ltr' id='par_1_7' title="bbox 1292 1508 1501 1531">
     <span class='ocr_line' id='line_1_13' title="bbox 1292 1508 1501 1531; baseline 0 3378"><span class='ocrx_word' id='word_1_74' title='bbox 1292 1508 1501 1531; x_wconf 95' lang='lat' dir='ltr'><strong> </strong></span> 
     </span>
    </p>
   </div>
   <div class='ocr_carea' id='block_1_8' title="bbox 1504 1511 1596 1531">
    <p class='ocr_par' dir='ltr' id='par_1_8' title="bbox 1504 1511 1596 1531">
     <span class='ocr_line' id='line_1_14' title="bbox 1504 1511 1596 1531; baseline 0 0"><span class='ocrx_word' id='word_1_75' title='bbox 1504 1511 1596 1531; x_wconf 64' lang='lat' dir='ltr'><strong>m</strong></span> 
     </span>
    </p>
   </div>
   <div class='ocr_carea' id='block_1_9' title="bbox 291 1576 2498 2499">
    <p class='ocr_par' dir='ltr' id='par_1_9' title="bbox 291 1576 2498 2499">
     <span class='ocr_line' id='line_1_15' title="bbox 300 1576 2494 1653; baseline 0.011 -27"><span class='ocrx_word' id='word_1_76' title='bbox 300 1576 469 1641; x_wconf 77' lang='lat' dir='ltr'><strong>Lipss.</strong></span> <span class='ocrx_word' id='word_1_77' title='bbox 492 1584 540 1629; x_wconf 90' lang='lat' dir='ltr'><strong>l.</strong></span> <span class='ocrx_word' id='word_1_78' title='bbox 564 1589 619 1632; x_wconf 89' lang='lat' dir='ltr'><strong>et</strong></span> <span class='ocrx_word' id='word_1_79' title='bbox 641 1586 691 1632; x_wconf 74' lang='grc'><strong>3.</strong></span> <span class='ocrx_word' id='word_1_80' title='bbox 732 1599 763 1633; x_wconf 91' lang='lat' dir='ltr'><strong>a</strong></span> <span class='ocrx_word' id='word_1_81' title='bbox 793 1600 859 1636; x_wconf 89' lang='lat' dir='ltr'><strong>m.</strong></span> <span class='ocrx_word' id='word_1_82' title='bbox 898 1601 977 1651; x_wconf 87' lang='lat' dir='ltr'><strong>pr.</strong></span> <span class='ocrx_word' id='word_1_83' title='bbox 1016 1590 1174 1640; x_wconf 89' lang='lat' dir='ltr'><strong>Dess.</strong></span> <span class='ocrx_word' id='word_1_84' title='bbox 1198 1594 1246 1640; x_wconf 79' lang='lat'><strong>2.</strong></span> <span class='ocrx_word' id='word_1_85' title='bbox 1281 1592 1509 1644; x_wconf 80' lang='lat' dir='ltr'><strong>Helmst.</strong></span> <span class='ocrx_word' id='word_1_86' title='bbox 1547 1595 1706 1645; x_wconf 90' lang='lat' dir='ltr'><strong>Brod.</strong></span> <span class='ocrx_word' id='word_1_87' title='bbox 1744 1597 1957 1647; x_wconf 81' lang='lat' dir='ltr'><strong>Venett.</strong></span> <span class='ocrx_word' id='word_1_88' title='bbox 1989 1597 2116 1649; x_wconf 85' lang='lat' dir='ltr'><strong>Asc.</strong></span> <span class='ocrx_word' id='word_1_89' title='bbox 2141 1599 2323 1649; x_wconf 86' lang='lat' dir='ltr'><strong>Heius.</strong></span> <span class='ocrx_word' id='word_1_90' title='bbox 2355 1599 2494 1653; x_wconf 82' lang='lat' dir='ltr'><strong>Sivr.</strong></span> 
     </span>
     <span class='ocr_line' id='line_1_16' title="bbox 301 1641 2493 1729; baseline 0.011 -38"><span class='ocrx_word' id='word_1_91' title='bbox 301 1641 544 1694; x_wconf 77' lang='lat' dir='ltr'><strong>Probent</strong></span> <span class='ocrx_word' id='word_1_92' title='bbox 576 1653 632 1696; x_wconf 88' lang='lat' dir='ltr'><strong>et</strong></span> <span class='ocrx_word' id='word_1_93' title='bbox 663 1648 892 1712; x_wconf 75' lang='lat' dir='ltr'><strong>Masson-</strong></span> <span class='ocrx_word' id='word_1_94' title='bbox 915 1653 1009 1702; x_wconf 82' lang='lat' dir='ltr'><strong>vit.</strong></span> <span class='ocrx_word' id='word_1_95' title='bbox 1034 1653 1102 1702; x_wconf 84' lang='lat' dir='ltr'><strong>H.</strong></span> <span class='ocrx_word' id='word_1_96' title='bbox 1128 1670 1177 1718; x_wconf 89' lang='lat' dir='ltr'><strong>p.</strong></span> <span class='ocrx_word' id='word_1_97' title='bbox 1200 1660 1313 1705; x_wconf 86' lang='grc'><strong>168.</strong></span> <span class='ocrx_word' id='word_1_98' title='bbox 1347 1658 1527 1708; x_wconf 84' lang='lat' dir='ltr'><strong>Klotz.</strong></span> <span class='ocrx_word' id='word_1_99' title='bbox 1553 1660 1700 1710; x_wconf 84' lang='lat' dir='ltr'><strong>lectt.</strong></span> <span class='ocrx_word' id='word_1_100' title='bbox 1721 1662 1851 1710; x_wconf 88' lang='lat' dir='ltr'><strong>Ven.</strong></span> <span class='ocrx_word' id='word_1_101' title='bbox 1891 1678 1943 1726; x_wconf 88' lang='lat' dir='ltr'><strong>p.</strong></span> <span class='ocrx_word' id='word_1_102' title='bbox 1965 1666 2079 1713; x_wconf 78' lang='lat'>284.</span> <span class='ocrx_word' id='word_1_103' title='bbox 2146 1665 2357 1729; x_wconf 81' lang='lat' dir='ltr'><strong>Negant</strong></span> <span class='ocrx_word' id='word_1_104' title='bbox 2383 1666 2493 1728; x_wconf 70' lang='lat' dir='ltr'><strong>VV,</strong></span> 
     </span>
     <span class='ocr_line' id='line_1_17' title="bbox 298 1706 2491 1792; baseline 0.011 -37"><span class='ocrx_word' id='word_1_105' title='bbox 298 1706 423 1757; x_wconf 84' lang='lat' dir='ltr'><strong>Dn.</strong></span> <span class='ocrx_word' id='word_1_106' title='bbox 442 1711 928 1778; x_wconf 69' lang='lat' dir='ltr'><strong>posseAugustum,</strong></span> <span class='ocrx_word' id='word_1_107' title='bbox 946 1717 1094 1784; x_wconf 56' lang='lat' dir='ltr'><strong>&amp;Mel</strong></span> <span class='ocrx_word' id='word_1_108' title='bbox 1120 1721 1342 1769; x_wconf 84' lang='lat' dir='ltr'><strong>maxime</strong></span> <span class='ocrx_word' id='word_1_109' title='bbox 1354 1722 1466 1785; x_wconf 88' lang='lat' dir='ltr'><strong>jam</strong></span> <span class='ocrx_word' id='word_1_110' title='bbox 1491 1725 1641 1772; x_wconf 87' lang='lat' dir='ltr'><strong>Deus</strong></span> <span class='ocrx_word' id='word_1_111' title='bbox 1667 1725 1754 1785; x_wconf 88' lang='lat' dir='ltr'><strong>sit,</strong></span> <span class='ocrx_word' id='word_1_112' title='bbox 1776 1726 1927 1776; x_wconf 79' lang='lat' dir='ltr'><strong>simul</strong></span> <span class='ocrx_word' id='word_1_113' title='bbox 1951 1728 2004 1775; x_wconf 89' lang='lat' dir='ltr'><strong>in</strong></span> <span class='ocrx_word' id='word_1_114' title='bbox 2027 1735 2164 1777; x_wconf 88' lang='lat' dir='ltr'><strong>terra</strong></span> <span class='ocrx_word' id='word_1_115' title='bbox 2181 1736 2491 1792; x_wconf 77' lang='lat' dir='ltr'><strong>praesentem</strong></span> 
     </span>
     <span class='ocr_line' id='line_1_18' title="bbox 298 1774 2498 1852; baseline 0.012 -34"><span class='ocrx_word' id='word_1_116' title='bbox 298 1774 518 1837; x_wconf 80' lang='lat' dir='ltr'><strong>versari,</strong></span> <span class='ocrx_word' id='word_1_117' title='bbox 535 1775 820 1843; x_wconf 83' lang='lat' dir='ltr'><strong>eodemque</strong></span> <span class='ocrx_word' id='word_1_118' title='bbox 844 1784 1156 1844; x_wconf 54' lang='lat' dir='ltr'><strong>temporeffn</strong></span> <span class='ocrx_word' id='word_1_119' title='bbox 1175 1786 1307 1834; x_wconf 85' lang='lat' dir='ltr'><strong>coelo</strong></span> <span class='ocrx_word' id='word_1_120' title='bbox 1331 1787 1638 1837; x_wconf 87' lang='lat' dir='ltr'><strong>accumbere</strong></span> <span class='ocrx_word' id='word_1_121' title='bbox 1657 1806 1672 1849; x_wconf 90' lang='lat'>;</span> <span class='ocrx_word' id='word_1_122' title='bbox 1705 1792 1844 1852; x_wconf 87' lang='lat' dir='ltr'><strong>quod</strong></span> <span class='ocrx_word' id='word_1_123' title='bbox 1864 1798 1920 1841; x_wconf 91' lang='lat' dir='ltr'><strong>et</strong></span> <span class='ocrx_word' id='word_1_124' title='bbox 1939 1792 2239 1842; x_wconf 88' lang='lat' dir='ltr'><strong>Harduinus</strong></span> <span class='ocrx_word' id='word_1_125' title='bbox 2262 1795 2394 1842; x_wconf 85' lang='lat' dir='ltr'><strong>male</strong></span> <span class='ocrx_word' id='word_1_126' title='bbox 2418 1793 2498 1843; x_wconf 88' lang='lat' dir='ltr'><strong>fe-</strong></span> 
     </span>
     <span class='ocr_line' id='line_1_19' title="bbox 297 1836 2493 1922; baseline 0.011 -39"><span class='ocrx_word' id='word_1_127' title='bbox 297 1836 466 1886; x_wconf 73' lang='lat' dir='ltr'><strong>rebat.</strong></span> <span class='ocrx_word' id='word_1_128' title='bbox 535 1837 767 1892; x_wconf 83' lang='lat' dir='ltr'><strong>Praestat</strong></span> <span class='ocrx_word' id='word_1_129' title='bbox 788 1844 907 1894; x_wconf 78' lang='lat' dir='ltr'><strong>bibit</strong></span> <span class='ocrx_word' id='word_1_130' title='bbox 930 1853 986 1894; x_wconf 92' lang='lat' dir='ltr'><strong>et</strong></span> <span class='ocrx_word' id='word_1_131' title='bbox 1009 1861 1183 1896; x_wconf 88' lang='lat' dir='ltr'><strong>sensus</strong></span> <span class='ocrx_word' id='word_1_132' title='bbox 1206 1849 1483 1914; x_wconf 82' lang='lat' dir='ltr'><strong>elegantia,</strong></span> <span class='ocrx_word' id='word_1_133' title='bbox 1507 1859 1563 1901; x_wconf 89' lang='lat' dir='ltr'><strong>et</strong></span> <span class='ocrx_word' id='word_1_134' title='bbox 1583 1855 1914 1904; x_wconf 84' lang='lat' dir='ltr'><strong>auctoritate.</strong></span> <span class='ocrx_word' id='word_1_135' title='bbox 1964 1856 2052 1904; x_wconf 89' lang='lat' dir='ltr'><strong>Sic</strong></span> <span class='ocrx_word' id='word_1_136' title='bbox 2072 1858 2207 1906; x_wconf 89' lang='lat' dir='ltr'><strong>enim</strong></span> <span class='ocrx_word' id='word_1_137' title='bbox 2233 1858 2493 1922; x_wconf 86' lang='lat' dir='ltr'><strong>Porphyr.</strong></span> 
     </span>
     <span class='ocr_line' id='line_1_20' title="bbox 297 1901 2494 2048; baseline 0.01 -35"><span class='ocrx_word' id='word_1_138' title='bbox 297 1901 1280 2027; x_wconf 55' lang='lat' dir='ltr'><strong>32¹3?⁵1⁹}”¹{›¹¹·¹1‘112‚⁹·1}31¹2¹2¹&#39;·‹5‡11fi‚¹3¹32&#39;</strong></span> <span class='ocrx_word' id='word_1_139' title='bbox 1306 1918 2494 2048; x_wconf 44' lang='grc' dir='ltr'><strong>ῗωᾶθῦὶὲἓῖῗῖἱῗίηξῗῖἓέῗέἶἯὶῖὶῗῑῗὶ,ἷζε</strong></span> 
     </span>
     <span class='ocr_line' id='line_1_21' title="bbox 295 2031 2490 2100; baseline 0.01 -23"><span class='ocrx_word' id='word_1_140' title='bbox 295 2032 346 2077; x_wconf 82' lang='lat'><strong>2.</strong></span> <span class='ocrx_word' id='word_1_141' title='bbox 386 2034 437 2079; x_wconf 83' lang='lat'><strong>4.</strong></span> <span class='ocrx_word' id='word_1_142' title='bbox 475 2031 536 2083; x_wconf 85' lang='lat' dir='ltr'><strong>it.</strong></span> <span class='ocrx_word' id='word_1_143' title='bbox 570 2039 617 2085; x_wconf 91' lang='grc'><strong>1.</strong></span> <span class='ocrx_word' id='word_1_144' title='bbox 655 2043 710 2085; x_wconf 91' lang='lat' dir='ltr'><strong>et</strong></span> <span class='ocrx_word' id='word_1_145' title='bbox 742 2042 791 2085; x_wconf 78' lang='lat'><strong>3.</strong></span> <span class='ocrx_word' id='word_1_146' title='bbox 827 2054 859 2088; x_wconf 88' lang='lat' dir='ltr'><strong>a</strong></span> <span class='ocrx_word' id='word_1_147' title='bbox 891 2054 959 2089; x_wconf 88' lang='lat' dir='ltr'><strong>m.</strong></span> <span class='ocrx_word' id='word_1_148' title='bbox 995 2055 1037 2090; x_wconf 89' lang='lat' dir='ltr'><strong>s.</strong></span> <span class='ocrx_word' id='word_1_149' title='bbox 1072 2041 1220 2091; x_wconf 86' lang='lat' dir='ltr'><strong>Harl.</strong></span> <span class='ocrx_word' id='word_1_150' title='bbox 1264 2048 1309 2093; x_wconf 82' lang='lat'><strong>1.</strong></span> <span class='ocrx_word' id='word_1_151' title='bbox 1348 2048 1397 2094; x_wconf 75' lang='lat'><strong>3.</strong></span> <span class='ocrx_word' id='word_1_152' title='bbox 1433 2049 1482 2094; x_wconf 85' lang='lat'><strong>6.</strong></span> <span class='ocrx_word' id='word_1_153' title='bbox 1535 2046 1669 2095; x_wconf 85' lang='lat' dir='ltr'><strong>Altt.</strong></span> <span class='ocrx_word' id='word_1_154' title='bbox 1713 2048 1928 2098; x_wconf 86' lang='lat' dir='ltr'><strong>Locher.</strong></span> <span class='ocrx_word' id='word_1_155' title='bbox 1979 2050 2159 2098; x_wconf 78' lang='lat' dir='ltr'><strong>Rasin.</strong></span> <span class='ocrx_word' id='word_1_156' title='bbox 2204 2052 2262 2100; x_wconf 87' lang='lat' dir='ltr'><strong>it.</strong></span> <span class='ocrx_word' id='word_1_157' title='bbox 2312 2050 2490 2100; x_wconf 87' lang='lat' dir='ltr'><strong>Lamb.</strong></span> 
     </span>
     <span class='ocr_line' id='line_1_22' title="bbox 297 2093 2496 2178; baseline 0.01 -36"><span class='ocrx_word' id='word_1_158' title='bbox 297 2093 455 2170; x_wconf 71' lang='lat' dir='ltr'><strong>Cruq.</strong></span> <span class='ocrx_word' id='word_1_159' title='bbox 476 2098 629 2149; x_wconf 87' lang='lat' dir='ltr'><strong>Torr.</strong></span> <span class='ocrx_word' id='word_1_160' title='bbox 654 2101 860 2151; x_wconf 86' lang='lat' dir='ltr'><strong>Fabric.</strong></span> <span class='ocrx_word' id='word_1_161' title='bbox 890 2105 949 2154; x_wconf 87' lang='grc' dir='ltr'><strong>Τ.</strong></span> <span class='ocrx_word' id='word_1_162' title='bbox 974 2105 1100 2157; x_wconf 87' lang='lat' dir='ltr'><strong>Fab.</strong></span> <span class='ocrx_word' id='word_1_163' title='bbox 1129 2106 1289 2170; x_wconf 82' lang='lat' dir='ltr'><strong>Rntg.</strong></span> <span class='ocrx_word' id='word_1_164' title='bbox 1318 2108 1501 2174; x_wconf 86' lang='lat' dir='ltr'><strong>Steph.</strong></span> <span class='ocrx_word' id='word_1_165' title='bbox 1526 2111 1701 2161; x_wconf 85' lang='lat' dir='ltr'><strong>Bentl.</strong></span> <span class='ocrx_word' id='word_1_166' title='bbox 1725 2115 1882 2163; x_wconf 86' lang='lat' dir='ltr'><strong>Baxt.</strong></span> <span class='ocrx_word' id='word_1_167' title='bbox 1904 2114 2025 2166; x_wconf 86' lang='lat' dir='ltr'><strong>Jon.</strong></span> <span class='ocrx_word' id='word_1_168' title='bbox 2051 2115 2181 2164; x_wconf 88' lang='lat' dir='ltr'><strong>Cun.</strong></span> <span class='ocrx_word' id='word_1_169' title='bbox 2207 2116 2329 2165; x_wconf 83' lang='lat' dir='ltr'><strong>San.</strong></span> <span class='ocrx_word' id='word_1_170' title='bbox 2353 2115 2496 2178; x_wconf 83' lang='lat' dir='ltr'><strong>Jani,</strong></span> 
     </span>
     <span class='ocr_line' id='line_1_23' title="bbox 291 2157 2492 2242; baseline 0.01 -36"><span class='ocrx_word' id='word_1_171' title='bbox 291 2157 515 2224; x_wconf 36' lang='lat' dir='ltr'><strong>„Bnponu</strong></span> <span class='ocrx_word' id='word_1_172' title='bbox 541 2163 752 2215; x_wconf 86' lang='lat' dir='ltr'><strong>Mitsch.</strong></span> <span class='ocrx_word' id='word_1_173' title='bbox 776 2167 989 2219; x_wconf 83' lang='lat' dir='ltr'><strong>Wetzel.</strong></span> <span class='ocrx_word' id='word_1_174' title='bbox 1011 2171 1193 2221; x_wconf 90' lang='lat' dir='ltr'><strong>Comb.</strong></span> <span class='ocrx_word' id='word_1_175' title='bbox 1215 2172 1423 2223; x_wconf 85' lang='lat' dir='ltr'><strong>Wakef.</strong></span> <span class='ocrx_word' id='word_1_176' title='bbox 1448 2181 1505 2223; x_wconf 91' lang='lat' dir='ltr'><strong>et</strong></span> <span class='ocrx_word' id='word_1_177' title='bbox 1527 2174 1690 2227; x_wconf 84' lang='lat' dir='ltr'><strong>Kidd.</strong></span> <span class='ocrx_word' id='word_1_178' title='bbox 1758 2177 1878 2227; x_wconf 89' lang='lat' dir='ltr'><strong>Vid.</strong></span> <span class='ocrx_word' id='word_1_179' title='bbox 1905 2179 2076 2241; x_wconf 87' lang='lat' dir='ltr'><strong>Heyn.</strong></span> <span class='ocrx_word' id='word_1_180' title='bbox 2113 2180 2179 2229; x_wconf 86' lang='lat' dir='ltr'><strong>ad</strong></span> <span class='ocrx_word' id='word_1_181' title='bbox 2202 2181 2352 2242; x_wconf 83' lang='lat' dir='ltr'><strong>Virg.</strong></span> <span class='ocrx_word' id='word_1_182' title='bbox 2375 2180 2492 2228; x_wconf 82' lang='lat' dir='ltr'><strong>AEu.</strong></span> 
     </span>
     <span class='ocr_line' id='line_1_24' title="bbox 302 2228 2492 2303; baseline 0.012 -33"><span class='ocrx_word' id='word_1_183' title='bbox 302 2234 343 2270; x_wconf 82' lang='grc' dir='ltr'><strong>ι.</strong></span> <span class='ocrx_word' id='word_1_184' title='bbox 377 2228 627 2277; x_wconf 57' lang='lat' dir='ltr'><strong>twa—16</strong></span> <span class='ocrx_word' id='word_1_185' title='bbox 663 2231 833 2280; x_wconf 74' lang='lat' dir='ltr'><strong>Putris</strong></span> <span class='ocrx_word' id='word_1_186' title='bbox 874 2235 1007 2297; x_wconf 80' lang='lat' dir='ltr'><strong>equis</strong></span> <span class='ocrx_word' id='word_1_187' title='bbox 1047 2241 1156 2285; x_wconf 87' lang='lat' dir='ltr'><strong>ant.</strong></span> <span class='ocrx_word' id='word_1_188' title='bbox 1198 2237 1313 2286; x_wconf 86' lang='lat' dir='ltr'><strong>cod.</strong></span> <span class='ocrx_word' id='word_1_189' title='bbox 1354 2239 1578 2303; x_wconf 69' lang='lat' dir='ltr'><strong>Bar-thu,</strong></span> <span class='ocrx_word' id='word_1_190' title='bbox 1624 2241 1847 2291; x_wconf 81' lang='lat' dir='ltr'><strong>Advers.</strong></span> <span class='ocrx_word' id='word_1_191' title='bbox 1887 2256 2091 2294; x_wconf 77' lang='lat' dir='ltr'><strong>xxxix.</strong></span> <span class='ocrx_word' id='word_1_192' title='bbox 2121 2249 2171 2293; x_wconf 84' lang='grc'><strong>9.</strong></span> <span class='ocrx_word' id='word_1_193' title='bbox 2217 2245 2299 2293; x_wconf 91' lang='lat' dir='ltr'><strong>cui</strong></span> <span class='ocrx_word' id='word_1_194' title='bbox 2343 2244 2492 2296; x_wconf 79' lang='lat' dir='ltr'><strong>valde</strong></span> 
     </span>
     <span class='ocr_line' id='line_1_25' title="bbox 299 2289 2493 2372; baseline 0.011 -38"><span class='ocrx_word' id='word_1_195' title='bbox 299 2289 516 2350; x_wconf 77' lang='lat' dir='ltr'><strong>arridet,</strong></span> <span class='ocrx_word' id='word_1_196' title='bbox 552 2307 649 2342; x_wconf 89' lang='lat' dir='ltr'><strong>nec</strong></span> <span class='ocrx_word' id='word_1_197' title='bbox 687 2295 855 2345; x_wconf 85' lang='lat' dir='ltr'><strong>minus</strong></span> <span class='ocrx_word' id='word_1_198' title='bbox 890 2300 1135 2349; x_wconf 86' lang='lat' dir='ltr'><strong>Bentleio</strong></span> <span class='ocrx_word' id='word_1_199' title='bbox 1176 2309 1231 2350; x_wconf 89' lang='lat' dir='ltr'><strong>et</strong></span> <span class='ocrx_word' id='word_1_200' title='bbox 1271 2302 1523 2355; x_wconf 84' lang='lat' dir='ltr'><strong>Gesnero.</strong></span> <span class='ocrx_word' id='word_1_201' title='bbox 1592 2307 1690 2355; x_wconf 84' lang='lat' dir='ltr'><strong>Est</strong></span> <span class='ocrx_word' id='word_1_202' title='bbox 1725 2308 1933 2357; x_wconf 89' lang='lat' dir='ltr'><strong>omnino</strong></span> <span class='ocrx_word' id='word_1_203' title='bbox 1960 2309 2289 2372; x_wconf 80' lang='lat' dir='ltr'><strong>exquisitius,</strong></span> <span class='ocrx_word' id='word_1_204' title='bbox 2324 2309 2493 2371; x_wconf 82' lang='lat' dir='ltr'><strong>iuquit</strong></span> 
     </span>
     <span class='ocr_line' id='line_1_26' title="bbox 294 2350 2491 2434; baseline 0.011 -36"><span class='ocrx_word' id='word_1_205' title='bbox 294 2350 438 2426; x_wconf 71' lang='lat' dir='ltr'><strong>Jaui.</strong></span> <span class='ocrx_word' id='word_1_206' title='bbox 486 2356 649 2406; x_wconf 81' lang='lat' dir='ltr'><strong>Putat</strong></span> <span class='ocrx_word' id='word_1_207' title='bbox 674 2360 852 2411; x_wconf 88' lang='lat' dir='ltr'><strong>Bentl.</strong></span> <span class='ocrx_word' id='word_1_208' title='bbox 872 2361 946 2411; x_wconf 84' lang='lat' dir='ltr'><strong>sic</strong></span> <span class='ocrx_word' id='word_1_209' title='bbox 969 2370 1024 2411; x_wconf 88' lang='lat' dir='ltr'><strong>et</strong></span> <span class='ocrx_word' id='word_1_210' title='bbox 1048 2364 1232 2427; x_wconf 79' lang='lat' dir='ltr'><strong>legisse</strong></span> <span class='ocrx_word' id='word_1_211' title='bbox 1261 2368 1551 2419; x_wconf 83' lang='lat' dir='ltr'><strong>comment.</strong></span> <span class='ocrx_word' id='word_1_212' title='bbox 1573 2370 1811 2434; x_wconf 86' lang='lat' dir='ltr'><strong>Cruquii‚</strong></span> <span class='ocrx_word' id='word_1_213' title='bbox 1829 2373 1948 2421; x_wconf 88' lang='lat' dir='ltr'><strong>dum</strong></span> <span class='ocrx_word' id='word_1_214' title='bbox 1973 2373 2196 2422; x_wconf 79' lang='lat' dir='ltr'><strong>ascribat</strong></span> <span class='ocrx_word' id='word_1_215' title='bbox 2219 2391 2230 2419; x_wconf 90' lang='lat'>:</span> <span class='ocrx_word' id='word_1_216' title='bbox 2269 2375 2284 2400; x_wconf 90' lang='lat'>‘</span> <span class='ocrx_word' id='word_1_217' title='bbox 2307 2374 2491 2422; x_wconf 80' lang='lat' dir='ltr'><strong>Patria</strong></span> 
     </span>
     <span class='ocr_line' id='line_1_27' title="bbox 297 2419 2491 2499; baseline 0.01 -37"><span class='ocrx_word' id='word_1_218' title='bbox 297 2419 655 2473; x_wconf 77' lang='lat' dir='ltr'><strong>virtute·’—-l⁷</strong></span> <span class='ocrx_word' id='word_1_219' title='bbox 690 2424 902 2475; x_wconf 78' lang='lat' dir='ltr'><strong>withof-</strong></span> <span class='ocrx_word' id='word_1_220' title='bbox 926 2427 1060 2492; x_wconf 87' lang='lat' dir='ltr'><strong>conj.</strong></span> <span class='ocrx_word' id='word_1_221' title='bbox 1084 2430 1307 2494; x_wconf 76' lang='lat' dir='ltr'><strong>Gratum·</strong></span> <span class='ocrx_word' id='word_1_222' title='bbox 1324 2447 1366 2480; x_wconf 88' lang='lat' dir='ltr'><strong>e.</strong></span> <span class='ocrx_word' id='word_1_223' title='bbox 1387 2433 1761 2499; x_wconf 76' lang='lat' dir='ltr'><strong>conciliantibus,</strong></span> <span class='ocrx_word' id='word_1_224' title='bbox 1793 2437 1846 2486; x_wconf 86' lang='lat' dir='ltr'><strong>h.</strong></span> <span class='ocrx_word' id='word_1_225' title='bbox 1874 2452 1922 2487; x_wconf 88' lang='lat' dir='ltr'><strong>e.</strong></span> <span class='ocrx_word' id='word_1_226' title='bbox 1955 2438 2231 2486; x_wconf 89' lang='lat' dir='ltr'><strong>conciliare</strong></span> <span class='ocrx_word' id='word_1_227' title='bbox 2257 2438 2491 2487; x_wconf 85' lang='lat' dir='ltr'><strong>conanti-</strong></span> 
     </span>
    </p>
   </div>
   <div class='ocr_carea' id='block_1_10' title="bbox 1279 2571 1547 2631">
    <p class='ocr_par' dir='ltr' id='par_1_10' title="bbox 1279 2571 1547 2631">
     <span class='ocr_line' id='line_1_28' title="bbox 1279 2571 1547 2631; baseline 0 -1"><span class='ocrx_word' id='word_1_228' title='bbox 1279 2571 1502 2631; x_wconf 74' lang='lat' dir='ltr'>NOTAE</span> <span class='ocrx_word' id='word_1_229' title='bbox 1542 2575 1547 2582; x_wconf 86' lang='lat'>&#39;</span> 
     </span>
    </p>
   </div>
   <div class='ocr_carea' id='block_1_11' title="bbox 3025 781 3028 1652">
    <p class='ocr_par' dir='ltr' id='par_1_11' title="bbox 3025 781 3028 1652">
     <span class='ocr_line' id='line_1_29' title="bbox 3025 781 3028 1652; baseline 0 0"><span class='ocrx_word' id='word_1_230' title='bbox 3025 781 3028 1652; x_wconf 95' lang='lat' dir='ltr'><strong> </strong></span> 
     </span>
    </p>
   </div>
   <div class='ocr_carea' id='block_1_12' title="bbox 287 2661 1354 3728">
    <p class='ocr_par' dir='ltr' id='par_1_12' title="bbox 288 2661 1354 3484">
     <span class='ocr_line' id='line_1_30' title="bbox 359 2661 1352 2739; baseline 0.012 -29"><span class='ocrx_word' id='word_1_231' title='bbox 359 2664 422 2712; x_wconf 75' lang='lat'><strong>13</strong></span> <span class='ocrx_word' id='word_1_232' title='bbox 458 2661 572 2713; x_wconf 81' lang='lat' dir='ltr'><strong>Hac</strong></span> <span class='ocrx_word' id='word_1_233' title='bbox 609 2671 656 2714; x_wconf 81' lang='lat' dir='ltr'><strong>te</strong></span> <span class='ocrx_word' id='word_1_234' title='bbox 691 2675 963 2735; x_wconf 76' lang='lat' dir='ltr'><strong>merentem,</strong></span> <span class='ocrx_word' id='word_1_235' title='bbox 1001 2674 1208 2739; x_wconf 76' lang='lat' dir='ltr'><strong>Bacche,</strong></span> <span class='ocrx_word' id='word_1_236' title='bbox 1243 2674 1352 2739; x_wconf 55' lang='grc' dir='ltr'><strong>ξω]</strong></span> 
     </span>
     <span class='ocr_line' id='line_1_31' title="bbox 291 2735 1353 2816; baseline 0.016 -31"><span class='ocrx_word' id='word_1_237' title='bbox 291 2735 403 2787; x_wconf 83' lang='lat' dir='ltr'><strong>Ista</strong></span> <span class='ocrx_word' id='word_1_238' title='bbox 427 2739 620 2801; x_wconf 84' lang='lat' dir='ltr'><strong>pariter</strong></span> <span class='ocrx_word' id='word_1_239' title='bbox 646 2741 837 2795; x_wconf 86' lang='lat' dir='ltr'><strong>virtute</strong></span> <span class='ocrx_word' id='word_1_240' title='bbox 860 2749 1048 2812; x_wconf 84' lang='lat' dir='ltr'><strong>clarus,</strong></span> <span class='ocrx_word' id='word_1_241' title='bbox 1071 2764 1102 2799; x_wconf 89' lang='lat' dir='ltr'><strong>o</strong></span> <span class='ocrx_word' id='word_1_242' title='bbox 1125 2751 1353 2816; x_wconf 85' lang='lat' dir='ltr'><strong>Bacche,</strong></span> 
     </span>
     <span class='ocr_line' id='line_1_32' title="bbox 291 2814 1351 2890; baseline 0.014 -28"><span class='ocrx_word' id='word_1_243' title='bbox 291 2814 525 2865; x_wconf 79' lang='lat' dir='ltr'><strong>meruisti</strong></span> <span class='ocrx_word' id='word_1_244' title='bbox 568 2817 768 2869; x_wconf 83' lang='lat' dir='ltr'><strong>divinos</strong></span> <span class='ocrx_word' id='word_1_245' title='bbox 831 2822 1070 2887; x_wconf 83' lang='lat' dir='ltr'><strong>honores,</strong></span> <span class='ocrx_word' id='word_1_246' title='bbox 1110 2824 1351 2890; x_wconf 83' lang='lat' dir='ltr'><strong>ferasque</strong></span> 
     </span>
     <span class='ocr_line' id='line_1_33' title="bbox 290 2885 1351 2965; baseline 0.013 -27"><span class='ocrx_word' id='word_1_247' title='bbox 290 2885 650 2943; x_wconf 76' lang='lat' dir='ltr'><strong>intractabiles</strong></span> <span class='ocrx_word' id='word_1_248' title='bbox 685 2895 752 2944; x_wconf 89' lang='lat' dir='ltr'><strong>ad</strong></span> <span class='ocrx_word' id='word_1_249' title='bbox 782 2907 1167 2956; x_wconf 66' lang='lat' dir='ltr'><strong>currum,tuum</strong></span> <span class='ocrx_word' id='word_1_250' title='bbox 1194 2902 1351 2965; x_wconf 88' lang='lat' dir='ltr'><strong>junx-</strong></span> 
     </span>
     <span class='ocr_line' id='line_1_34' title="bbox 292 2963 1351 3043; baseline 0.015 -31"><span class='ocrx_word' id='word_1_251' title='bbox 292 2963 401 3026; x_wconf 80' lang='lat' dir='ltr'><strong>isti,</strong></span> <span class='ocrx_word' id='word_1_252' title='bbox 443 2982 504 3016; x_wconf 84' lang='lat' dir='ltr'><strong>ac</strong></span> <span class='ocrx_word' id='word_1_253' title='bbox 544 2971 751 3021; x_wconf 88' lang='lat' dir='ltr'><strong>numine</strong></span> <span class='ocrx_word' id='word_1_254' title='bbox 791 2979 879 3023; x_wconf 89' lang='lat' dir='ltr'><strong>tuo</strong></span> <span class='ocrx_word' id='word_1_255' title='bbox 917 2974 1140 3026; x_wconf 85' lang='lat' dir='ltr'><strong>domitas</strong></span> <span class='ocrx_word' id='word_1_256' title='bbox 1168 2979 1351 3043; x_wconf 83' lang='lat' dir='ltr'><strong>jugum</strong></span> 
     </span>
     <span class='ocr_line' id='line_1_35' title="bbox 289 3040 1354 3105; baseline 0.015 -16"><span class='ocrx_word' id='word_1_257' title='bbox 289 3040 433 3092; x_wconf 86' lang='lat' dir='ltr'><strong>ferre</strong></span> <span class='ocrx_word' id='word_1_258' title='bbox 470 3042 691 3100; x_wconf 85' lang='lat' dir='ltr'><strong>docuisti</strong></span> <span class='ocrx_word' id='word_1_259' title='bbox 729 3057 912 3099; x_wconf 83' lang='lat' dir='ltr'><strong>natura</strong></span> <span class='ocrx_word' id='word_1_260' title='bbox 951 3066 1043 3101; x_wconf 86' lang='lat' dir='ltr'><strong>sua</strong></span> <span class='ocrx_word' id='word_1_261' title='bbox 1080 3053 1354 3105; x_wconf 76' lang='lat' dir='ltr'><strong>indociles-</strong></span> 
     </span>
     <span class='ocr_line' id='line_1_36' title="bbox 288 3116 1352 3194; baseline 0.016 -31"><span class='ocrx_word' id='word_1_262' title='bbox 288 3116 472 3181; x_wconf 83' lang='lat' dir='ltr'><strong>Tigres</strong></span> <span class='ocrx_word' id='word_1_263' title='bbox 504 3120 823 3172; x_wconf 88' lang='lat' dir='ltr'><strong>ebriosorum</strong></span> <span class='ocrx_word' id='word_1_264' title='bbox 856 3123 1119 3181; x_wconf 86' lang='lat' dir='ltr'><strong>feritatem</strong></span> <span class='ocrx_word' id='word_1_265' title='bbox 1158 3131 1352 3194; x_wconf 81' lang='lat' dir='ltr'><strong>optime</strong></span> 
     </span>
     <span class='ocr_line' id='line_1_37' title="bbox 289 3192 1350 3258; baseline 0.016 -18"><span class='ocrx_word' id='word_1_266' title='bbox 289 3192 602 3258; x_wconf 83' lang='lat' dir='ltr'><strong>designant:</strong></span> <span class='ocrx_word' id='word_1_267' title='bbox 638 3200 773 3249; x_wconf 90' lang='lat' dir='ltr'><strong>unde</strong></span> <span class='ocrx_word' id='word_1_268' title='bbox 816 3202 875 3251; x_wconf 87' lang='lat' dir='ltr'><strong>iis</strong></span> <span class='ocrx_word' id='word_1_269' title='bbox 912 3204 1105 3255; x_wconf 82' lang='lat' dir='ltr'><strong>Bacchi</strong></span> <span class='ocrx_word' id='word_1_270' title='bbox 1146 3221 1350 3257; x_wconf 85' lang='lat' dir='ltr'><strong>currum</strong></span> 
     </span>
     <span class='ocr_line' id='line_1_38' title="bbox 290 3271 1351 3344; baseline 0.014 -25"><span class='ocrx_word' id='word_1_271' title='bbox 290 3271 428 3319; x_wconf 85' lang='lat' dir='ltr'><strong>trahi</strong></span> <span class='ocrx_word' id='word_1_272' title='bbox 473 3272 687 3337; x_wconf 79' lang='lat' dir='ltr'><strong>dixere3</strong></span> <span class='ocrx_word' id='word_1_273' title='bbox 735 3291 827 3326; x_wconf 88' lang='lat' dir='ltr'><strong>seu</strong></span> <span class='ocrx_word' id='word_1_274' title='bbox 868 3279 1004 3344; x_wconf 89' lang='lat' dir='ltr'><strong>quod</strong></span> <span class='ocrx_word' id='word_1_275' title='bbox 1040 3284 1236 3333; x_wconf 90' lang='lat' dir='ltr'><strong>nullum</strong></span> <span class='ocrx_word' id='word_1_276' title='bbox 1282 3285 1351 3333; x_wconf 85' lang='lat' dir='ltr'><strong>sit</strong></span> 
     </span>
     <span class='ocr_line' id='line_1_39' title="bbox 288 3347 1350 3422; baseline 0.013 -26"><span class='ocrx_word' id='word_1_277' title='bbox 288 3352 397 3396; x_wconf 79' lang='lat' dir='ltr'><strong>tam</strong></span> <span class='ocrx_word' id='word_1_278' title='bbox 433 3347 582 3399; x_wconf 80' lang='lat' dir='ltr'><strong>ferox</strong></span> <span class='ocrx_word' id='word_1_279' title='bbox 609 3351 891 3419; x_wconf 82' lang='lat' dir='ltr'><strong>ingenium,</strong></span> <span class='ocrx_word' id='word_1_280' title='bbox 929 3358 1065 3422; x_wconf 89' lang='lat' dir='ltr'><strong>quod</strong></span> <span class='ocrx_word' id='word_1_281' title='bbox 1094 3373 1196 3409; x_wconf 89' lang='lat' dir='ltr'><strong>non</strong></span> <span class='ocrx_word' id='word_1_282' title='bbox 1227 3360 1350 3410; x_wconf 83' lang='lat' dir='ltr'><strong>vino</strong></span> 
     </span>
     <span class='ocr_line' id='line_1_40' title="bbox 289 3431 1001 3484; baseline 0.018 -13"><span class='ocrx_word' id='word_1_283' title='bbox 289 3436 616 3477; x_wconf 71' lang='lat' dir='ltr'><strong>mansuescat</strong></span> <span class='ocrx_word' id='word_1_284' title='bbox 640 3437 694 3478; x_wconf 88' lang='lat' dir='ltr'><strong>et</strong></span> <span class='ocrx_word' id='word_1_285' title='bbox 723 3431 1001 3484; x_wconf 89' lang='lat' dir='ltr'><strong>cicuretur.</strong></span> 
     </span>
    </p>

    <p class='ocr_par' dir='ltr' id='par_1_13' title="bbox 287 3500 1346 3728">
     <span class='ocr_line' id='line_1_41' title="bbox 355 3500 1346 3574; baseline 0.015 -27"><span class='ocrx_word' id='word_1_286' title='bbox 355 3503 419 3548; x_wconf 85' lang='lat'><strong>15</strong></span> <span class='ocrx_word' id='word_1_287' title='bbox 455 3500 566 3550; x_wconf 76' lang='lat' dir='ltr'><strong>Hac</strong></span> <span class='ocrx_word' id='word_1_288' title='bbox 590 3504 821 3560; x_wconf 60' lang='lat' dir='ltr'><strong>Quirinus</strong></span> <span class='ocrx_word' id='word_1_289' title='bbox 841 3508 1023 3558; x_wconf 77' lang='lat' dir='ltr'><strong>Martis</strong></span> <span class='ocrx_word' id='word_1_290' title='bbox 1040 3511 1174 3574; x_wconf 70' lang='lat' dir='ltr'><strong>eqtds</strong></span> <span class='ocrx_word' id='word_1_291' title='bbox 1193 3511 1346 3561; x_wconf 70' lang='lat' dir='ltr'><strong>Ache·</strong></span> 
     </span>
     <span class='ocr_line' id='line_1_42' title="bbox 287 3576 1345 3642; baseline 0.015 -21"><span class='ocrx_word' id='word_1_292' title='bbox 287 3580 431 3623; x_wconf 78' lang='lat' dir='ltr'><strong>ronta</strong></span> <span class='ocrx_word' id='word_1_293' title='bbox 458 3576 627 3642; x_wconf 63' lang='lat' dir='ltr'><strong>sugit]</strong></span> <span class='ocrx_word' id='word_1_294' title='bbox 665 3581 911 3633; x_wconf 75' lang='lat' dir='ltr'><strong>Romulus</strong></span> <span class='ocrx_word' id='word_1_295' title='bbox 949 3586 1104 3636; x_wconf 87' lang='lat' dir='ltr'><strong>etiam</strong></span> <span class='ocrx_word' id='word_1_296' title='bbox 1150 3587 1345 3637; x_wconf 77' lang='lat' dir='ltr'><strong>virtute</strong></span> 
     </span>
     <span class='ocr_line' id='line_1_43' title="bbox 288 3649 1346 3728; baseline 0.014 -30"><span class='ocrx_word' id='word_1_297' title='bbox 288 3649 481 3702; x_wconf 81' lang='lat' dir='ltr'><strong>bellica</strong></span> <span class='ocrx_word' id='word_1_298' title='bbox 513 3653 745 3719; x_wconf 83' lang='lat' dir='ltr'><strong>insignis,</strong></span> <span class='ocrx_word' id='word_1_299' title='bbox 776 3660 936 3709; x_wconf 81' lang='lat' dir='ltr'><strong>veluti</strong></span> <span class='ocrx_word' id='word_1_300' title='bbox 957 3661 1147 3712; x_wconf 89' lang='lat' dir='ltr'><strong>Martis</strong></span> <span class='ocrx_word' id='word_1_301' title='bbox 1178 3664 1346 3728; x_wconf 83' lang='lat' dir='ltr'><strong>patris</strong></span> 
     </span>
    </p>
   </div>
   <div class='ocr_carea' id='block_1_13' title="bbox 152 3726 1348 3803">
    <p class='ocr_par' dir='ltr' id='par_1_14' title="bbox 152 3726 1348 3803">
     <span class='ocr_line' id='line_1_44' title="bbox 152 3726 1348 3803; baseline 0.014 -30"><span class='ocrx_word' id='word_1_302' title='bbox 152 3734 155 3737; x_wconf 79' lang='grc'>’</span> <span class='ocrx_word' id='word_1_303' title='bbox 181 3753 187 3758; x_wconf 49' lang='grc'><strong>&lt;</strong></span> <span class='ocrx_word' id='word_1_304' title='bbox 283 3726 369 3776; x_wconf 76' lang='lat' dir='ltr'><strong>sui</strong></span> <span class='ocrx_word' id='word_1_305' title='bbox 390 3729 537 3792; x_wconf 89' lang='lat' dir='ltr'><strong>equis</strong></span> <span class='ocrx_word' id='word_1_306' title='bbox 561 3729 793 3782; x_wconf 86' lang='lat' dir='ltr'><strong>invectus</strong></span> <span class='ocrx_word' id='word_1_307' title='bbox 822 3734 888 3783; x_wconf 90' lang='lat' dir='ltr'><strong>ad</strong></span> <span class='ocrx_word' id='word_1_308' title='bbox 917 3737 1143 3799; x_wconf 84' lang='lat' dir='ltr'><strong>Superos</strong></span> <span class='ocrx_word' id='word_1_309' title='bbox 1165 3740 1348 3803; x_wconf 87' lang='lat' dir='ltr'><strong>evasit,</strong></span> 
     </span>
    </p>
   </div>
   <div class='ocr_carea' id='block_1_14' title="bbox 287 3801 1352 3950">
    <p class='ocr_par' dir='ltr' id='par_1_15' title="bbox 287 3801 1352 3950">
     <span class='ocr_line' id='line_1_45' title="bbox 288 3801 1350 3876; baseline 0.014 -26"><span class='ocrx_word' id='word_1_310' title='bbox 288 3801 525 3868; x_wconf 80' lang='lat' dir='ltr'><strong>adeoque</strong></span> <span class='ocrx_word' id='word_1_311' title='bbox 593 3806 874 3859; x_wconf 76' lang='lat' dir='ltr'><strong>infernales</strong></span> <span class='ocrx_word' id='word_1_312' title='bbox 936 3810 1120 3876; x_wconf 81' lang='lat' dir='ltr'><strong>effugit</strong></span> <span class='ocrx_word' id='word_1_313' title='bbox 1186 3814 1350 3867; x_wconf 84' lang='lat' dir='ltr'><strong>lacus.</strong></span> 
     </span>
     <span class='ocr_line' id='line_1_46' title="bbox 287 3879 1352 3950; baseline 0.012 -22"><span class='ocrx_word' id='word_1_314' title='bbox 287 3879 429 3929; x_wconf 84' lang='lat' dir='ltr'><strong>Vide</strong></span> <span class='ocrx_word' id='word_1_315' title='bbox 471 3881 584 3932; x_wconf 84' lang='lat' dir='ltr'><strong>cic.</strong></span> <span class='ocrx_word' id='word_1_316' title='bbox 617 3884 684 3933; x_wconf 90' lang='lat' dir='ltr'><strong>de</strong></span> <span class='ocrx_word' id='word_1_317' title='bbox 725 3886 905 3950; x_wconf 83' lang='lat' dir='ltr'><strong>Legib.</strong></span> <span class='ocrx_word' id='word_1_318' title='bbox 932 3903 971 3937; x_wconf 84' lang='lat'><strong>1.</strong></span> <span class='ocrx_word' id='word_1_319' title='bbox 996 3904 1048 3937; x_wconf 91' lang='lat' dir='ltr'><strong>n.</strong></span> <span class='ocrx_word' id='word_1_320' title='bbox 1070 3894 1121 3940; x_wconf 74' lang='lat'><strong>3.</strong></span> <span class='ocrx_word' id='word_1_321' title='bbox 1191 3891 1352 3941; x_wconf 82' lang='lat' dir='ltr'><strong>Ovid.</strong></span> 
     </span>
    </p>
   </div>
   <div class='ocr_carea' id='block_1_15' title="bbox 287 3950 1353 4030">
    <p class='ocr_par' dir='ltr' id='par_1_16' title="bbox 287 3950 1353 4030">
     <span class='ocr_line' id='line_1_47' title="bbox 287 3950 1353 4030; baseline 0.012 -26"><span class='ocrx_word' id='word_1_322' title='bbox 287 3956 435 4006; x_wconf 68' lang='lat' dir='ltr'><strong>Fast-</strong></span> <span class='ocrx_word' id='word_1_323' title='bbox 452 3971 518 4007; x_wconf 77' lang='grc' dir='ltr'><strong>ιι.</strong></span> <span class='ocrx_word' id='word_1_324' title='bbox 552 3950 680 4010; x_wconf 78' lang='lat' dir='ltr'><strong>‘Fit</strong></span> <span class='ocrx_word' id='word_1_325' title='bbox 715 3960 863 4026; x_wconf 70' lang='lat' dir='ltr'><strong>fugat</strong></span> <span class='ocrx_word' id='word_1_326' title='bbox 901 3964 1022 4015; x_wconf 83' lang='lat' dir='ltr'><strong>Rex</strong></span> <span class='ocrx_word' id='word_1_327' title='bbox 1058 3966 1239 4030; x_wconf 84' lang='lat' dir='ltr'><strong>patriis</strong></span> <span class='ocrx_word' id='word_1_328' title='bbox 1275 3982 1353 4017; x_wconf 88' lang='lat' dir='ltr'><strong>as·</strong></span> 
     </span>
    </p>
   </div>
   <div class='ocr_carea' id='block_1_16' title="bbox 287 4035 1349 4408">
    <p class='ocr_par' dir='ltr' id='par_1_17' title="bbox 287 4035 1349 4328">
     <span class='ocr_line' id='line_1_48' title="bbox 287 4035 1349 4103; baseline 0.009 -20"><span class='ocrx_word' id='word_1_329' title='bbox 287 4040 371 4084; x_wconf 88' lang='lat' dir='ltr'><strong>tra</strong></span> <span class='ocrx_word' id='word_1_330' title='bbox 409 4035 627 4098; x_wconf 86' lang='lat' dir='ltr'><strong>petebat</strong></span> <span class='ocrx_word' id='word_1_331' title='bbox 662 4039 1147 4103; x_wconf 85' lang='lat' dir='ltr'><strong>equis....Quirites</strong></span> <span class='ocrx_word' id='word_1_332' title='bbox 1168 4043 1349 4093; x_wconf 81' lang='lat' dir='ltr'><strong>Thura</strong></span> 
     </span>
     <span class='ocr_line' id='line_1_49' title="bbox 287 4106 1349 4182; baseline 0.011 -25"><span class='ocrx_word' id='word_1_333' title='bbox 287 4106 492 4170; x_wconf 72' lang='lat' dir='ltr'><strong>ferant;</strong></span> <span class='ocrx_word' id='word_1_334' title='bbox 530 4112 843 4179; x_wconf 85' lang='lat' dir='ltr'><strong>placentque</strong></span> <span class='ocrx_word' id='word_1_335' title='bbox 872 4130 1057 4166; x_wconf 85' lang='lat' dir='ltr'><strong>novum</strong></span> <span class='ocrx_word' id='word_1_336' title='bbox 1082 4116 1169 4182; x_wconf 92' lang='lat' dir='ltr'><strong>pia</strong></span> <span class='ocrx_word' id='word_1_337' title='bbox 1192 4119 1349 4169; x_wconf 85' lang='lat' dir='ltr'><strong>turba</strong></span> 
     </span>
     <span class='ocr_line' id='line_1_50' title="bbox 289 4185 1346 4255; baseline 0.009 -18"><span class='ocrx_word' id='word_1_338' title='bbox 289 4185 579 4237; x_wconf 84' lang='lat' dir='ltr'><strong>Quirinum.</strong></span> <span class='ocrx_word' id='word_1_339' title='bbox 595 4223 610 4236; x_wconf 89' lang='lat'>.</span> <span class='ocrx_word' id='word_1_340' title='bbox 627 4190 858 4255; x_wconf 80' lang='lat' dir='ltr'><strong>‚Templa</strong></span> <span class='ocrx_word' id='word_1_341' title='bbox 879 4195 997 4245; x_wconf 85' lang='lat' dir='ltr'><strong>Deo</strong></span> <span class='ocrx_word' id='word_1_342' title='bbox 1016 4192 1174 4245; x_wconf 80' lang='lat' dir='ltr'><strong>fiunt:</strong></span> <span class='ocrx_word' id='word_1_343' title='bbox 1197 4195 1346 4247; x_wconf 86' lang='lat' dir='ltr'><strong>collis</strong></span> 
     </span>
     <span class='ocr_line' id='line_1_51' title="bbox 291 4264 935 4328; baseline 0.011 -16"><span class='ocrx_word' id='word_1_344' title='bbox 291 4277 500 4328; x_wconf 82' lang='lat' dir='ltr'><strong>quoque</strong></span> <span class='ocrx_word' id='word_1_345' title='bbox 522 4264 694 4317; x_wconf 83' lang='lat' dir='ltr'><strong>dictus</strong></span> <span class='ocrx_word' id='word_1_346' title='bbox 718 4268 783 4317; x_wconf 90' lang='lat' dir='ltr'><strong>ab</strong></span> <span class='ocrx_word' id='word_1_347' title='bbox 805 4268 935 4320; x_wconf 89' lang='lat' dir='ltr'><strong>illo.’</strong></span> 
     </span>
    </p>

    <p class='ocr_par' dir='ltr' id='par_1_18' title="bbox 419 4345 950 4408">
     <span class='ocr_line' id='line_1_52' title="bbox 419 4345 950 4408; baseline 0.019 -16"><span class='ocrx_word' id='word_1_348' title='bbox 419 4345 598 4408; x_wconf 67' lang='lat' dir='ltr'><strong>Delph.</strong></span> <span class='ocrx_word' id='word_1_349' title='bbox 614 4351 662 4397; x_wconf 79' lang='lat' dir='ltr'><strong>et</strong></span> <span class='ocrx_word' id='word_1_350' title='bbox 688 4346 805 4399; x_wconf 69' lang='grc' dir='ltr'><strong>ναν.</strong></span> <span class='ocrx_word' id='word_1_351' title='bbox 820 4349 950 4403; x_wconf 72' lang='lat' dir='ltr'><strong>ctas.</strong></span> 
     </span>
    </p>
   </div>
   <div class='ocr_carea' id='block_1_17' title="bbox 1310 4352 1488 4403">
    <p class='ocr_par' dir='ltr' id='par_1_19' title="bbox 1310 4352 1488 4403">
     <span class='ocr_line' id='line_1_53' title="bbox 1310 4352 1488 4403; baseline 0.006 -1"><span class='ocrx_word' id='word_1_352' title='bbox 1310 4352 1488 4403; x_wconf 76' lang='lat' dir='ltr'><strong>Horat.</strong></span> 
     </span>
    </p>
   </div>
   <div class='ocr_carea' id='block_1_18' title="bbox 1425 2680 2493 4401">
    <p class='ocr_par' dir='ltr' id='par_1_20' title="bbox 1427 2680 2491 3353">
     <span class='ocr_line' id='line_1_54' title="bbox 1503 2680 2491 2734; baseline 0.005 -6"><span class='ocrx_word' id='word_1_353' title='bbox 1503 2682 1564 2729; x_wconf 88' lang='grc'><strong>17</strong></span> <span class='ocrx_word' id='word_1_354' title='bbox 1602 2680 1810 2730; x_wconf 77' lang='lat' dir='ltr'><strong>Gratum</strong></span> <span class='ocrx_word' id='word_1_355' title='bbox 1825 2683 2006 2731; x_wconf 76' lang='lat' dir='ltr'><strong>elocuto</strong></span> <span class='ocrx_word' id='word_1_356' title='bbox 2024 2681 2378 2732; x_wconf 69' lang='lat' dir='ltr'><strong>consiliantibus</strong></span> <span class='ocrx_word' id='word_1_357' title='bbox 2397 2685 2491 2734; x_wconf 75' lang='lat' dir='ltr'><strong>Ju-</strong></span> 
     </span>
     <span class='ocr_line' id='line_1_55' title="bbox 1433 2756 2491 2820; baseline 0.005 -17"><span class='ocrx_word' id='word_1_358' title='bbox 1433 2769 1552 2803; x_wconf 76' lang='lat' dir='ltr'><strong>none</strong></span> <span class='ocrx_word' id='word_1_359' title='bbox 1580 2756 1744 2820; x_wconf 72' lang='lat' dir='ltr'><strong>Divis]</strong></span> <span class='ocrx_word' id='word_1_360' title='bbox 1776 2758 1987 2810; x_wconf 86' lang='lat' dir='ltr'><strong>Junone·</strong></span> <span class='ocrx_word' id='word_1_361' title='bbox 2017 2758 2069 2808; x_wconf 90' lang='lat' dir='ltr'><strong>in</strong></span> <span class='ocrx_word' id='word_1_362' title='bbox 2109 2760 2336 2808; x_wconf 84' lang='lat' dir='ltr'><strong>Deorum</strong></span> <span class='ocrx_word' id='word_1_363' title='bbox 2369 2774 2491 2808; x_wconf 89' lang='lat' dir='ltr'><strong>con-</strong></span> 
     </span>
     <span class='ocr_line' id='line_1_56' title="bbox 1433 2832 2490 2897; baseline 0.003 -19"><span class='ocrx_word' id='word_1_364' title='bbox 1433 2832 1550 2882; x_wconf 87' lang='lat' dir='ltr'><strong>silio</strong></span> <span class='ocrx_word' id='word_1_365' title='bbox 1572 2834 1778 2883; x_wconf 86' lang='lat' dir='ltr'><strong>elocuta</strong></span> <span class='ocrx_word' id='word_1_366' title='bbox 1812 2849 1918 2884; x_wconf 86' lang='lat' dir='ltr'><strong>rem</strong></span> <span class='ocrx_word' id='word_1_367' title='bbox 1943 2834 2104 2885; x_wconf 88' lang='lat' dir='ltr'><strong>Marti</strong></span> <span class='ocrx_word' id='word_1_368' title='bbox 2135 2834 2352 2897; x_wconf 85' lang='lat' dir='ltr'><strong>aliisque</strong></span> <span class='ocrx_word' id='word_1_369' title='bbox 2375 2848 2490 2897; x_wconf 82' lang='lat' dir='ltr'><strong>gra-</strong></span> 
     </span>
     <span class='ocr_line' id='line_1_57' title="bbox 1434 2909 2488 2980; baseline 0.001 -23"><span class='ocrx_word' id='word_1_370' title='bbox 1434 2914 1569 2957; x_wconf 87' lang='lat' dir='ltr'><strong>tam:</strong></span> <span class='ocrx_word' id='word_1_371' title='bbox 1606 2909 1808 2959; x_wconf 88' lang='lat' dir='ltr'><strong>scilicet</strong></span> <span class='ocrx_word' id='word_1_372' title='bbox 1836 2925 1938 2959; x_wconf 91' lang='lat' dir='ltr'><strong>non</strong></span> <span class='ocrx_word' id='word_1_373' title='bbox 1976 2911 2247 2980; x_wconf 82' lang='lat' dir='ltr'><strong>prohibere</strong></span> <span class='ocrx_word' id='word_1_374' title='bbox 2282 2925 2338 2959; x_wconf 87' lang='lat' dir='ltr'><strong>se</strong></span> <span class='ocrx_word' id='word_1_375' title='bbox 2363 2924 2488 2975; x_wconf 90' lang='lat' dir='ltr'><strong>quo-</strong></span> 
     </span>
     <span class='ocr_line' id='line_1_58' title="bbox 1433 2984 2489 3038; baseline 0.002 -5"><span class='ocrx_word' id='word_1_376' title='bbox 1433 2984 1597 3035; x_wconf 90' lang='lat' dir='ltr'><strong>minus</strong></span> <span class='ocrx_word' id='word_1_377' title='bbox 1629 2986 2002 3037; x_wconf 79' lang='lat' dir='ltr'><strong>immortalibus</strong></span> <span class='ocrx_word' id='word_1_378' title='bbox 2035 2994 2369 3038; x_wconf 79' lang='lat' dir='ltr'><strong>accenseatur</strong></span> <span class='ocrx_word' id='word_1_379' title='bbox 2389 2987 2489 3035; x_wconf 87' lang='lat' dir='ltr'><strong>Ro-</strong></span> 
     </span>
     <span class='ocr_line' id='line_1_59' title="bbox 1430 3061 2489 3127; baseline 0.002 -18"><span class='ocrx_word' id='word_1_380' title='bbox 1430 3062 1614 3119; x_wconf 83' lang='lat' dir='ltr'><strong>mulus,</strong></span> <span class='ocrx_word' id='word_1_381' title='bbox 1661 3061 1800 3127; x_wconf 92' lang='lat' dir='ltr'><strong>quod</strong></span> <span class='ocrx_word' id='word_1_382' title='bbox 1845 3078 2030 3127; x_wconf 82' lang='lat' dir='ltr'><strong>graves</strong></span> <span class='ocrx_word' id='word_1_383' title='bbox 2088 3063 2189 3112; x_wconf 87' lang='lat' dir='ltr'><strong>iras</strong></span> <span class='ocrx_word' id='word_1_384' title='bbox 2243 3063 2489 3118; x_wconf 80' lang='lat' dir='ltr'><strong>adversus</strong></span> 
     </span>
     <span class='ocr_line' id='line_1_60' title="bbox 1429 3136 2489 3203; baseline 0.002 -19"><span class='ocrx_word' id='word_1_385' title='bbox 1429 3136 1683 3200; x_wconf 85' lang='lat' dir='ltr'><strong>Trojanos</strong></span> <span class='ocrx_word' id='word_1_386' title='bbox 1714 3153 1995 3202; x_wconf 88' lang='lat' dir='ltr'><strong>eorumque</strong></span> <span class='ocrx_word' id='word_1_387' title='bbox 2026 3144 2260 3203; x_wconf 86' lang='lat' dir='ltr'><strong>posteros</strong></span> <span class='ocrx_word' id='word_1_388' title='bbox 2283 3136 2489 3186; x_wconf 86' lang='lat' dir='ltr'><strong>Paridis</strong></span> 
     </span>
     <span class='ocr_line' id='line_1_61' title="bbox 1428 3211 2490 3280; baseline 0.003 -20"><span class='ocrx_word' id='word_1_389' title='bbox 1428 3226 1590 3262; x_wconf 85' lang='lat' dir='ltr'><strong>causa</strong></span> <span class='ocrx_word' id='word_1_390' title='bbox 1610 3211 1805 3264; x_wconf 88' lang='lat' dir='ltr'><strong>dudum</strong></span> <span class='ocrx_word' id='word_1_391' title='bbox 1838 3221 2119 3280; x_wconf 84' lang='lat' dir='ltr'><strong>conceptas</strong></span> <span class='ocrx_word' id='word_1_392' title='bbox 2154 3214 2269 3278; x_wconf 87' lang='lat' dir='ltr'><strong>ipsa</strong></span> <span class='ocrx_word' id='word_1_393' title='bbox 2290 3227 2355 3261; x_wconf 88' lang='lat' dir='ltr'><strong>ex</strong></span> <span class='ocrx_word' id='word_1_394' title='bbox 2380 3214 2490 3263; x_wconf 86' lang='lat' dir='ltr'><strong>ani-</strong></span> 
     </span>
     <span class='ocr_line' id='line_1_62' title="bbox 1427 3287 2003 3353; baseline 0.003 -17"><span class='ocrx_word' id='word_1_395' title='bbox 1427 3299 1511 3336; x_wconf 86' lang='lat' dir='ltr'><strong>mo</strong></span> <span class='ocrx_word' id='word_1_396' title='bbox 1538 3287 1650 3351; x_wconf 87' lang='lat' dir='ltr'><strong>jam</strong></span> <span class='ocrx_word' id='word_1_397' title='bbox 1675 3288 2003 3353; x_wconf 85' lang='lat' dir='ltr'><strong>deposuerat.</strong></span> 
     </span>
    </p>

    <p class='ocr_par' dir='ltr' id='par_1_21' title="bbox 1426 3363 2491 3791">
     <span class='ocr_line' id='line_1_63' title="bbox 1498 3363 2489 3430; baseline 0.001 -19"><span class='ocrx_word' id='word_1_398' title='bbox 1498 3363 1893 3430; x_wconf 79' lang='lat' dir='ltr'><strong>Consiliantibus]</strong></span> <span class='ocrx_word' id='word_1_399' title='bbox 1945 3364 2371 3414; x_wconf 86' lang='lat' dir='ltr'><strong>Deliberantibus</strong></span> <span class='ocrx_word' id='word_1_400' title='bbox 2421 3363 2489 3413; x_wconf 90' lang='lat' dir='ltr'><strong>de</strong></span> 
     </span>
     <span class='ocr_line' id='line_1_64' title="bbox 1428 3437 2490 3502; baseline 0.002 -15"><span class='ocrx_word' id='word_1_401' title='bbox 1428 3438 1732 3502; x_wconf 87' lang='lat' dir='ltr'><strong>recipiendo</strong></span> <span class='ocrx_word' id='word_1_402' title='bbox 1763 3441 1814 3489; x_wconf 89' lang='lat' dir='ltr'><strong>in</strong></span> <span class='ocrx_word' id='word_1_403' title='bbox 1840 3442 2025 3490; x_wconf 84' lang='lat' dir='ltr'><strong>coelum</strong></span> <span class='ocrx_word' id='word_1_404' title='bbox 2048 3440 2285 3499; x_wconf 87' lang='lat' dir='ltr'><strong>Romulo,</strong></span> <span class='ocrx_word' id='word_1_405' title='bbox 2317 3437 2490 3502; x_wconf 84' lang='lat' dir='ltr'><strong>deque</strong></span> 
     </span>
     <span class='ocr_line' id='line_1_65' title="bbox 1426 3505 2486 3578; baseline 0.002 -17"><span class='ocrx_word' id='word_1_406' title='bbox 1426 3511 1539 3563; x_wconf 84' lang='lat' dir='ltr'><strong>fato</strong></span> <span class='ocrx_word' id='word_1_407' title='bbox 1563 3513 1776 3578; x_wconf 84' lang='lat' dir='ltr'><strong>Imperii</strong></span> <span class='ocrx_word' id='word_1_408' title='bbox 1802 3516 2037 3564; x_wconf 87' lang='lat' dir='ltr'><strong>Romani.</strong></span> <span class='ocrx_word' id='word_1_409' title='bbox 2095 3516 2201 3564; x_wconf 90' lang='lat' dir='ltr'><strong>Cic.</strong></span> <span class='ocrx_word' id='word_1_410' title='bbox 2229 3514 2294 3562; x_wconf 90' lang='lat' dir='ltr'><strong>ad</strong></span> <span class='ocrx_word' id='word_1_411' title='bbox 2319 3505 2486 3564; x_wconf 63' lang='lat' dir='ltr'><strong>Attio.</strong></span> 
     </span>
     <span class='ocr_line' id='line_1_66' title="bbox 1427 3589 2491 3640; baseline 0.002 -3"><span class='ocrx_word' id='word_1_412' title='bbox 1427 3602 1523 3639; x_wconf 82' lang='lat' dir='ltr'><strong>xv.</strong></span> <span class='ocrx_word' id='word_1_413' title='bbox 1544 3594 1622 3639; x_wconf 88' lang='grc'><strong>10.</strong></span> <span class='ocrx_word' id='word_1_414' title='bbox 1656 3593 1672 3619; x_wconf 87' lang='lat'>‘</span> <span class='ocrx_word' id='word_1_415' title='bbox 1696 3589 1915 3640; x_wconf 87' lang='lat' dir='ltr'><strong>Difficili</strong></span> <span class='ocrx_word' id='word_1_416' title='bbox 1935 3590 2003 3639; x_wconf 86' lang='lat' dir='ltr'><strong>ad</strong></span> <span class='ocrx_word' id='word_1_417' title='bbox 2024 3590 2397 3639; x_wconf 86' lang='lat' dir='ltr'><strong>consiliandum</strong></span> <span class='ocrx_word' id='word_1_418' title='bbox 2420 3592 2491 3639; x_wconf 91' lang='lat' dir='ltr'><strong>le·</strong></span> 
     </span>
     <span class='ocr_line' id='line_1_67' title="bbox 1426 3665 2488 3727; baseline 0.002 -14"><span class='ocrx_word' id='word_1_419' title='bbox 1426 3666 1670 3727; x_wconf 84' lang='lat' dir='ltr'><strong>gatione.&#39;</strong></span> <span class='ocrx_word' id='word_1_420' title='bbox 1732 3665 1901 3715; x_wconf 89' lang='lat' dir='ltr'><strong>Tacit.</strong></span> <span class='ocrx_word' id='word_1_421' title='bbox 1923 3665 2197 3715; x_wconf 85' lang='lat' dir='ltr'><strong>Histor.11.</strong></span> <span class='ocrx_word' id='word_1_422' title='bbox 2225 3666 2240 3692; x_wconf 89' lang='lat'>‘</span> <span class='ocrx_word' id='word_1_423' title='bbox 2259 3665 2488 3715; x_wconf 80' lang='lat' dir='ltr'><strong>Rediere</strong></span> 
     </span>
     <span class='ocr_line' id='line_1_68' title="bbox 1428 3740 2296 3791; baseline -0.001 -2"><span class='ocrx_word' id='word_1_424' title='bbox 1428 3755 1607 3791; x_wconf 89' lang='lat' dir='ltr'><strong>omnes</strong></span> <span class='ocrx_word' id='word_1_425' title='bbox 1628 3743 1913 3791; x_wconf 85' lang='lat' dir='ltr'><strong>Bononiam</strong></span> <span class='ocrx_word' id='word_1_426' title='bbox 1937 3740 2296 3791; x_wconf 85' lang='lat' dir='ltr'><strong>consiliaturi.’</strong></span> 
     </span>
    </p>

    <p class='ocr_par' dir='ltr' id='par_1_22' title="bbox 1425 3817 2493 4401">
     <span class='ocr_line' id='line_1_69' title="bbox 1496 3817 2488 3881; baseline 0 -16"><span class='ocrx_word' id='word_1_427' title='bbox 1496 3819 1559 3865; x_wconf 82' lang='lat'><strong>18</strong></span> <span class='ocrx_word' id='word_1_428' title='bbox 1592 3817 1737 3881; x_wconf 73' lang='lat' dir='ltr'><strong>Ilion,</strong></span> <span class='ocrx_word' id='word_1_429' title='bbox 1762 3817 1914 3881; x_wconf 79' lang='lat' dir='ltr'><strong>Ilion]</strong></span> <span class='ocrx_word' id='word_1_430' title='bbox 1944 3817 2147 3866; x_wconf 87' lang='lat' dir='ltr'><strong>Motum</strong></span> <span class='ocrx_word' id='word_1_431' title='bbox 2185 3817 2339 3866; x_wconf 87' lang='lat' dir='ltr'><strong>animi</strong></span> <span class='ocrx_word' id='word_1_432' title='bbox 2370 3830 2488 3880; x_wconf 80' lang='lat' dir='ltr'><strong>gra-</strong></span> 
     </span>
     <span class='ocr_line' id='line_1_70' title="bbox 1426 3892 2486 3958; baseline 0.002 -17"><span class='ocrx_word' id='word_1_433' title='bbox 1426 3906 1546 3942; x_wconf 84' lang='lat' dir='ltr'><strong>vem</strong></span> <span class='ocrx_word' id='word_1_434' title='bbox 1582 3893 1780 3943; x_wconf 82' lang='lat' dir='ltr'><strong>indicat</strong></span> <span class='ocrx_word' id='word_1_435' title='bbox 1814 3892 2094 3958; x_wconf 81' lang='lat' dir='ltr'><strong>geminatio</strong></span> <span class='ocrx_word' id='word_1_436' title='bbox 2138 3894 2297 3950; x_wconf 81' lang='lat' dir='ltr'><strong>vocis,</strong></span> <span class='ocrx_word' id='word_1_437' title='bbox 2339 3900 2486 3943; x_wconf 81' lang='lat' dir='ltr'><strong>vete-</strong></span> 
     </span>
     <span class='ocr_line' id='line_1_71' title="bbox 1427 3970 2488 4035; baseline 0.004 -18"><span class='ocrx_word' id='word_1_438' title='bbox 1427 3984 1641 4034; x_wconf 85' lang='lat' dir='ltr'><strong>remque</strong></span> <span class='ocrx_word' id='word_1_439' title='bbox 1669 3970 1799 4020; x_wconf 84' lang='lat' dir='ltr'><strong>iram</strong></span> <span class='ocrx_word' id='word_1_440' title='bbox 1832 3970 2092 4035; x_wconf 84' lang='lat' dir='ltr'><strong>exprimit.</strong></span> <span class='ocrx_word' id='word_1_441' title='bbox 2160 3971 2329 4020; x_wconf 88' lang='lat' dir='ltr'><strong>Porro</strong></span> <span class='ocrx_word' id='word_1_442' title='bbox 2352 3970 2488 4021; x_wconf 81' lang='lat' dir='ltr'><strong>sicut</strong></span> 
     </span>
     <span class='ocr_line' id='line_1_72' title="bbox 1430 4044 2493 4112; baseline 0.002 -19"><span class='ocrx_word' id='word_1_443' title='bbox 1430 4060 1462 4094; x_wconf 88' lang='lat' dir='ltr'><strong>a</strong></span> <span class='ocrx_word' id='word_1_444' title='bbox 1486 4044 1621 4095; x_wconf 66' lang='lat' dir='ltr'><strong>Troe</strong></span> <span class='ocrx_word' id='word_1_445' title='bbox 1659 4048 1799 4111; x_wconf 85' lang='lat' dir='ltr'><strong>Rege</strong></span> <span class='ocrx_word' id='word_1_446' title='bbox 1833 4047 1995 4112; x_wconf 83' lang='lat' dir='ltr'><strong>Troja</strong></span> <span class='ocrx_word' id='word_1_447' title='bbox 2015 4053 2071 4096; x_wconf 85' lang='lat' dir='ltr'><strong>et</strong></span> <span class='ocrx_word' id='word_1_448' title='bbox 2101 4047 2283 4107; x_wconf 85' lang='lat' dir='ltr'><strong>Troas,</strong></span> <span class='ocrx_word' id='word_1_449' title='bbox 2315 4047 2388 4095; x_wconf 89' lang='lat' dir='ltr'><strong>sic</strong></span> <span class='ocrx_word' id='word_1_450' title='bbox 2418 4046 2493 4095; x_wconf 82' lang='lat' dir='ltr'><strong>ab</strong></span> 
     </span>
     <span class='ocr_line' id='line_1_73' title="bbox 1426 4118 2486 4185; baseline 0.002 -16"><span class='ocrx_word' id='word_1_451' title='bbox 1426 4118 1510 4170; x_wconf 87' lang='lat' dir='ltr'><strong>Ilo</strong></span> <span class='ocrx_word' id='word_1_452' title='bbox 1527 4121 1637 4185; x_wconf 87' lang='lat' dir='ltr'><strong>ejus</strong></span> <span class='ocrx_word' id='word_1_453' title='bbox 1658 4121 1764 4171; x_wconf 89' lang='lat' dir='ltr'><strong>filio</strong></span> <span class='ocrx_word' id='word_1_454' title='bbox 1785 4123 1940 4172; x_wconf 87' lang='lat' dir='ltr'><strong>Ilium</strong></span> <span class='ocrx_word' id='word_1_455' title='bbox 1972 4128 2029 4173; x_wconf 85' lang='lat' dir='ltr'><strong>et</strong></span> <span class='ocrx_word' id='word_1_456' title='bbox 2058 4123 2277 4173; x_wconf 84' lang='lat' dir='ltr'><strong>Ilienses</strong></span> <span class='ocrx_word' id='word_1_457' title='bbox 2298 4136 2486 4171; x_wconf 88' lang='lat' dir='ltr'><strong>nomen</strong></span> 
     </span>
     <span class='ocr_line' id='line_1_74' title="bbox 1428 4197 2487 4262; baseline 0.001 -17"><span class='ocrx_word' id='word_1_458' title='bbox 1428 4197 1602 4246; x_wconf 80' lang='lat' dir='ltr'><strong>sortiti</strong></span> <span class='ocrx_word' id='word_1_459' title='bbox 1621 4205 1774 4248; x_wconf 80' lang='lat' dir='ltr'><strong>sunt:</strong></span> <span class='ocrx_word' id='word_1_460' title='bbox 1809 4213 1924 4248; x_wconf 88' lang='lat' dir='ltr'><strong>cum</strong></span> <span class='ocrx_word' id='word_1_461' title='bbox 1948 4198 2033 4248; x_wconf 89' lang='lat' dir='ltr'><strong>hic</strong></span> <span class='ocrx_word' id='word_1_462' title='bbox 2053 4211 2169 4247; x_wconf 88' lang='lat' dir='ltr'><strong>eam</strong></span> <span class='ocrx_word' id='word_1_463' title='bbox 2190 4197 2487 4262; x_wconf 79' lang='lat' dir='ltr'><strong>ampliasset</strong></span> 
     </span>
     <span class='ocr_line' id='line_1_75' title="bbox 1425 4272 2484 4340; baseline -0.002 -18"><span class='ocrx_word' id='word_1_464' title='bbox 1425 4273 1630 4337; x_wconf 90' lang='lat' dir='ltr'><strong>urbem,</strong></span> <span class='ocrx_word' id='word_1_465' title='bbox 1650 4290 1803 4340; x_wconf 86' lang='lat' dir='ltr'><strong>quam</strong></span> <span class='ocrx_word' id='word_1_466' title='bbox 1825 4275 2025 4339; x_wconf 86' lang='lat' dir='ltr'><strong>priores</strong></span> <span class='ocrx_word' id='word_1_467' title='bbox 2047 4272 2384 4324; x_wconf 74' lang='lat' dir='ltr'><strong>condiderant</strong></span> <span class='ocrx_word' id='word_1_468' title='bbox 2404 4287 2484 4321; x_wconf 75' lang='lat' dir='ltr'><strong>re-</strong></span> 
     </span>
     <span class='ocr_line' id='line_1_76' title="bbox 2241 4354 2352 4401; baseline 0 0"><span class='ocrx_word' id='word_1_469' title='bbox 2241 4357 2273 4401; x_wconf 76' lang='lat'>2</span> <span class='ocrx_word' id='word_1_470' title='bbox 2307 4354 2352 4401; x_wconf 90' lang='grc' dir='ltr'>Β</span> 
     </span>
    </p>
   </div>
   <div class='ocr_carea' id='block_1_19' title="bbox 3026 3351 3029 4096">
    <p class='ocr_par' dir='ltr' id='par_1_23' title="bbox 3026 3351 3029 4096">
     <span class='ocr_line' id='line_1_77' title="bbox 3026 3351 3029 4096; baseline 0 0"><span class='ocrx_word' id='word_1_471' title='bbox 3026 3351 3029 4096; x_wconf 95' lang='lat' dir='ltr'><strong> </strong></span> 
     </span>
    </p>
   </div>
  </div>
 </body>
</html>
