3059 4909
957 397 1376 447 cARMmUM
1428 399 1578 447 mn.
1624 400 1671 450 1.
1717 385 1825 451 36.

2365 388 2493 489 227

1283 541 1501 593 NOTAE

200 684 207 689 .
288 615 587 687 bet-Strabo
608 635 701 688 lib.
728 649 828 686 vu.
851 642 901 689 7.
939 639 954 665 ‘
978 638 1052 688 Eo
1077 640 1347 704 tempore,'

1430 642 1627 693 struxit
1657 644 2001 696 exercitum?
2040 654 2096 697 et
2133 647 2271 712 quod
2293 646 2492 699 Ammi-

256 715 473 779 'inquit,
497 714 835 780 ‘Byrebistas
852 714 1106 766 Getarum
1131 716 1345 768 tenebat
1427 734 1510 769 an.
1556 720 1849 770 Marcellin.
1885 721 2128 774 Arabiam
2164 733 2317 775 vocat
2354 726 2493 777 ‘Ge-

284 791 587 875 imperium‚
611 791 854 842 adversus
876 806 1032 857 quem
1066 794 1246 866 Caesar
1267 794 1343 844 in·

1427 800 1598 846 tarum
1619 797 1921 849 desertum!

1064 1016 1262 1081 om:
1331 1016 1713 1085 xxxvl.

286 1168 591 1221 Gratulatur
631 1167 794 1220 amico
829 1184 922 1219 sno
960 1167 1136 1220 Plotio
1160 1167 1401 1221 Numidae
1428 1168 1496 1220 ob
1529 1170 1752 1219 reditum
1793 1170 1845 1219 in
1881 1170 2120 1234 patriam.
2186 1169 2481 1220 Verisimile

344 1258 425 1301 est
447 1266 566 1301 eum
590 1249 750 1301 fuisse
770 1250 1168 1315 Pompeianum,
1189 1243 1244 1301 et
1260 1249 1484 1315 Augusti
1503 1250 1674 1315 gratia
1698 1251 1763 1301 ab
1783 1251 1939 1302 exilio
1961 1252 2176 1306 rediisse
2200 1268 2216 1314 ς
2251 1250 2316 1302 ob
2337 1258 2503 1303 enor-‘

340 1348 474 1383 mem
495 1331 706 1383 Horatii
726 1332 977 1383 laetitiam.

634 1518 934 1630 Plateam,
959 1521 1029 1618 ei
1055 1553 1247 1624 vituli

539 1389 647 1513 ΕἸῙ·
676 1448 865 1518 thure
893 1409 964 1513 (gt
989 1400 1386 1654 fidibffsiur

628 1726 783 1842 Qui
795 1781 971 1827 nunc
1006 1724 1343 1845 Hesperia

539 1863 733 1931 Caris
761 1865 971 1930 multa
999 1863 1372 1941 sodalibus„

852 1641 857 1646 .
1266 1517 1396 1652 pan
1442 1551 1603 1618 uine
1630 1497 1857 1644 debito

540 1629 885 1723 Cisstodess
915 1637 1234 1723 Numidffi
1268 1572 1453 1721 Defs
1472 1676 1490 1694 ·
1829 1652 1835 1659 '

1401 1389 1433 1441 t

1389 1455 1464 1513 at
1860 1490 1897 1540 l

1411 1704 1620 1843 gipes
1647 1711 1734 1823 ab
1756 1703 2008 1823 iilum*

2431 1865 2475 1925 5

629 1968 820 2035 Nulli
849 1968 1051 2055 plura
1081 1974 1307 2033 tamen
1335 1965 1579 2031 dividit
1609 1966 1841 2030 oscula

338 2156 411 2204 Et
430 2155 588 2218 thure,
607 2159 655 2206 et
672 2155 862 2221 Lyricis
879 2155 1183 2213 carminibus,
1204 2160 1254 2204 et
1273 2154 1430 2206 debito
1457 2166 1622 2202 cruore
1648 2150 1790 2200 vituli
1810 2165 1835 2200 e

275 2222 594 2272 mator-ibus
616 2222 853 2285 Numidae,
866 2221 1064 2285 quijam
1077 2221 1322 2271 incolumis
1338 2221 1397 2270 ab
1411 2224 1626 2269 extrema
1644 2217 1831 2266 rediens

1911 2214 2111 2278 ispania,
2126 2211 2317 2261 dilectis
2338 2209 2477 2260 sociis

276 2288 737 2353 meula-plurimu,at
756 2287 937 2337 nemini
952 2289 1092 2352 plura
1107 2302 1246 2351 quum
1263 2286 1398 2336 suavi
1415 2285 1597 2335 Lumioe
1609 2282 1842 2348 partitur,
1859 2282 2132 2331 recordatus
2150 2276 2476 2329 adolescentiae

1197 2414 1255 2433 Ν
1261 2411 1560 2433 ‘mooe‘

343 2495 461 2547 Ode
486 2497 688 2548 decima
709 2498 931 2561 septima
953 2496 1094 2547 Libri
1119 2496 1262 2547 tertii
1287 2495 1338 2545 in
1361 2494 1460 2545 Ed.
1479 2493 1667 2543 Sanad.
1713 2492 1793 2542 De
1812 2491 1972 2541 reditu
1988 2487 2238 2552 Pomponii
2254 2485 2480 2535 Numidoe

277 2562 580 2613 inscribitur
605 2566 656 2612 in
676 2564 797 2614 edd.
816 2569 948 2613 vett.
968 2568 1025 2612 et
1047 2563 1121 2611 sic
1144 2562 1316 2611 Schol.
1381 2560 1485 2610 Sed
1516 2559 1771 2623 Cruquius
1793 2571 1858 2606 ex
1894 2562 2085 2604 vetust.
2116 2551 2305 2603 Bland.
2334 2550 2482 2625 resti-

279 2628 400 2691 tnit,
418 2630 496 2677 De
517 2629 677 2684 'reditu
698 2628 871 2689 Plotii,
893 2629 977 2677 vel
1000 2627 1190 2678 Plautii
1215 2626 1459 2677 Numidoe.
1531 2622 1819 2688 Pomponia
1836 2635 1962 2684 gens
1987 2631 2273 2682 cognomen
2300 2615 2480 2664 Numi-

279 2692 360 2743 ‹1ae
383 2708 488 2744 non
505 2693 806 2746 babuit.-—2
839 2694 1064 2744 Veteres
1087 2692 1328 2758 quaedam
1350 2689 1665 2742 membranae
1692 2689 1876 2738 Pacare
1891 2702 1907 2734 .·
1943 2685 2034 2735 sed
2055 2685 2170 2733 baec
2195 2682 2299 2732 duo
2322 2678 2483 2730 vei-bn

1270 2828 1493 2880 NOTAE

340 2932 574 2982 Metram
597 2929 734 2979 idem
749 2928 885 2995 quod
908 2943 1066 2993 supra
1088 2927 1208 2979 Ode
1226 2941 1316 2978 ιιι.

342 3007 431 3057 Ad
473 3008 721 3070 Plotium,
755 3007 859 3070 vel,
901 3014 960 3056 ut
993 3005 1108 3055 aliis
1143 3006 1340 3069 placet,

278 3086 646 3150 Pomponium,
681 3084 987 3141 inscribitur
1037 3083 1157 3134 Ode
1208 3085 1337 3135 baec.

280 3163 499 3213 Numida
522 3176 646 3212 vero
667 3161 1020 3226 cognominari
1043 3161 1248 3211 videtur
1271 3161 1339 3210 ab

276 3240 366 3291 illa
405 3240 617 3303 regione
656 3237 856 3289 Africae
891 3240 1072 3305 Libyae
1103 3238 1339 3288 interiori

279 3324 334 3367 et
367 3315 702 3370 Mauritania
736 3314 976 3380 finitima,
996 3315 1048 3364 in
1071 3329 1173 3381 qua
1205 3313 1339 3363 mili·

278 3401 502 3445 taverat.
1010 3413 1015 3416 ’

342 3476 369 3520 1
423 3472 494 3520 Et
535 3470 675 3539 thure
717 3475 766 3520 et
803 3468 990 3535 fidibus
1024 3468 1189 3529 juvat,
1230 3467 1338 3531 ξω]

277 3550 497 3615 AEquum
532 3558 615 3600 est
647 3564 850 3599 sacrum
885 3548 1002 3599 Diis
1034 3546 1229 3610 facere,
1251 3548 1341 3596 ad-

276 3626 477 3690 hibitis,
502 3641 569 3674 ex
602 3638 745 3674 more
769 3624 956 3687 veteri,
979 3623 1128 3673 thure
1152 3629 1209 3674 et
1232 3637 1341 3672 mu-

277 3705 404 3766 sica,
452 3702 775 3765 vitulumque
817 3707 1048 3749 mactare
1099 3698 1234 3759 Diis,
1276 3713 1341 3748 ex

279 3789 402 3832 voto
427 3794 521 3844 pro
544 3776 685 3828 felici
720 3776 892 3827 reditu
925 3773 1067 3825 facto
1091 3774 1154 3823 ab
1177 3774 1343 3823 amico

279 3865 460 3908 nostro
486 3855 732 3906 Numida.

343 3940 374 3985 3
414 3930 670 3994 Custodes]
710 3931 977 3981 Castorem
1001 3934 1057 3977 et
1079 3925 1344 3976 Pollucem

281 4010 647 4076 navigationis,
668 4009 754 4058 vel
775 4005 1094 4057 Mercurium
1119 4001 1347 4068 peregri·

284 4089 549 4144 nationis,‘
577 4084 848 4150 praesides.
912 4081 1066 4131 Unde
1117 4082 1201 4130 hic
1248 4078 1345 4127 sub

284 4168 490 4218 nomine
525 4162 722 4215 Εὐοδίαν
754 4151 1046 4222 colebatur,
1079 4164 1214 4207 teste
1238 4154 1348 4204 He-

287 4246 480 4318 sychio.
710 4299 717 4304 „

347 4329 382 4377 4
416 4322 513 4385 Qui
544 4335 668 4372 nunc
702 4315 939 4383 Hesperia
967 4326 1123 4380 sospes
1153 4310 1212 4363 ab
1232 4310 1352 4364 ulti-

1421 2928 1522 2993 ma]
1554 2926 1657 2980 Qui
1682 2925 1848 2975 salvus
1881 2919 2037 2971 rediit
2070 2934 2103 2969 a
2134 2917 2273 2968 bell‘o
2296 2915 2485 2965 Canta-

1421 3005 1587 3055 brico.
1641 3003 1707 3052 In
1729 3016 1792 3051 ea
1815 2997 2082 3062 Hispaniae
2105 2995 2315 3058 regione
2345 2991 2498 3041 Oce-‘

1421 3098 1519 3132 ano
1555 3076 1979 3143 Septemtrionali
2018 3074 2254 3138 proxima
2275 3069 2340 3117 ab
2379 3067 2485 3117 Au·

1421 3158 1562 3222 gusti
1586 3155 1804 3206 ducibus
1837 3161 2041 3217 gestum
2072 3159 2154 3199 est
2188 3147 2293 3195 non
2322 3145 2482 3194 semel

1419 3250 1516 3285 nec
1544 3232 1691 3283 valde
1716 3230 1945 3281 feliciter
1966 3226 2172 3277 bellum.
2234 3222 2354 3275 Quo
2376 3235 2481 3268 ma-

1421 3312 1499 3375 gis
1539 3311 1745 3370 mirum,
1769 3306 1890 3356 inde
1923 3303 2170 3368 sospitem
2202 3297 2485 3348 Numidam

1420 3388 1639 3438 rediisse
1684 3382 1920 3447 Hesperia
1960 3380 2019 3430 ab
2062 3378 2245 3429 ultima.
2326 3373 2482 3425 Quod

1419 3464 1589 3526 addit,
1633 3463 1821 3524 ultimo,
1859 3456 2167 3522 Hispaniam
2211 3453 2351 3504 clare
2392 3451 2482 3499 de-

1421 3544 1619 3606 signatz
1645 3540 1772 3590 alias
1794 3537 1929 3587 enim
1946 3534 2100 3585 Italia
2121 3544 2325 3598 quoque
2345 3527 2499 3601 Hes-k

1423 3620 1572 3683 peria
1592 3616 1817 3674 dicitur;
1840 3619 1900 3662 nt
1921 3623 2079 3674 supra
2096 3605 2274 3656 notavi
2291 3605 2355 3654 ad
2376 3603 2484 3654 Od.

1422 3693 1634 3745 xxvm.
1659 3705 1734 3739 vs.
1758 3691 1841 3739 26.
1888 3685 2024 3734 Vide
2048 3683 2122 3732 ibi
2146 3682 2269 3731 Not.
2292 3678 2485 3730 Strabo

1422 3769 1510 3820 lib.
1546 3783 1583 3817 1.
1622 3763 1849 3828 Hispani
1885 3760 1951 3809 ad
1991 3757 2341 3809 Occidentem
2371 3769 2485 3804 ver-

1426 3853 1559 3910 gunt
1583 3843 1824 3904 maxime,
1858 3836 2071 3901 μάλιστα
2110 3831 2365 3896 Ἔστι-ἐρισι,
2411 3833 2487 3880 in-

1462 3924 1553 3973 uit.
2065 3920 2116 3958 ο

1426 3939 1457 3989 q
1488 4004 1523 4049 6
1557 3995 1755 4047 Dividit
1796 3993 1975 4058 oscula]
2019 3987 2341 4043 Quotidiaua
2378 3986 2489 4051 qul·

1428 4077 1545 4127 dem
1571 4073 1736 4125 obviis
1758 4068 2097 4121 familiaribus
2120 4066 2400 4116 dabantur:
2436 4071 2493 4112 at

1429 4152 1695 4220 praecipue
1729 4150 1811 4200 vel
1848 4143 2313 4214 proficiscentibus,
2347 4141 2428 4190 vel
2462 4153 2501 4188 e

1431 4228 1849 4297 peregrinatione
1873 4222 2227 4275 redeuntibus.
2286 4219 2399 4269 Cic.
2429 4218 2496 4267 E-

1432 4308 1554 4375 pist.
1576 4307 1722 4356 Fam.
1747 4315 1866 4356 xvi.
1886 4305 1968 4352 27.
1996 4302 2074 4352 ita
2106 4296 2289 4349 scribit
2320 4292 2497 4347 Tironi

1926 2148 2003 2198 αει
2025 2129 2169 2198 mare
2188 2142 2475 2195 Numinilms
2571 2147 2588 2164 ·
