<?xml version="1.0" encoding="UTF-8"?>
<!DOCTYPE html PUBLIC "-//W3C//DTD XHTML 1.0 Transitional//EN"
    "http://www.w3.org/TR/xhtml1/DTD/xhtml1-transitional.dtd">
<html xmlns="http://www.w3.org/1999/xhtml" xml:lang="en" lang="en">
 <head>
  <title>
</title>
<meta http-equiv="Content-Type" content="text/html;charset=utf-8" />
  <meta name='ocr-system' content='tesseract 3.04.00' />
  <meta name='ocr-capabilities' content='ocr_page ocr_carea ocr_par ocr_line ocrx_word'/>
</head>
<body>
  <div class='ocr_page' id='page_1' title='image "./quintihoratiifl00unkngoog_0525.png"; bbox 0 0 3059 4909; ppageno 0'>
   <div class='ocr_carea' id='block_1_1' title="bbox 1000 419 1915 484">
    <p class='ocr_par' dir='ltr' id='par_1_1' title="bbox 1000 419 1915 484">
     <span class='ocr_line' id='line_1_1' title="bbox 1000 419 1915 484; baseline 0.001 -3"><span class='ocrx_word' id='word_1_1' title='bbox 1000 430 1413 483; x_wconf 70' lang='lat' dir='ltr'><strong>oAanuM</strong></span> <span class='ocrx_word' id='word_1_2' title='bbox 1465 433 1608 483; x_wconf 77' lang='lat' dir='ltr'><strong>mn.</strong></span> <span class='ocrx_word' id='word_1_3' title='bbox 1653 433 1767 483; x_wconf 79' lang='grc' dir='ltr'>ιιι.</span> <span class='ocrx_word' id='word_1_4' title='bbox 1809 419 1915 484; x_wconf 80' lang='grc'><strong>27.</strong></span> 
     </span>
    </p>
   </div>
   <div class='ocr_carea' id='block_1_2' title="bbox 2391 416 2520 484">
    <p class='ocr_par' dir='ltr' id='par_1_2' title="bbox 2391 416 2520 484">
     <span class='ocr_line' id='line_1_2' title="bbox 2391 416 2520 484; baseline -0.008 0"><span class='ocrx_word' id='word_1_5' title='bbox 2391 416 2520 484; x_wconf 79' lang='grc'><strong>515</strong></span> 
     </span>
    </p>
   </div>
   <div class='ocr_carea' id='block_1_3' title="bbox 677 576 1949 663">
    <p class='ocr_par' dir='ltr' id='par_1_3' title="bbox 677 576 1949 663">
     <span class='ocr_line' id='line_1_3' title="bbox 677 576 1949 663; baseline 0.001 -22"><span class='ocrx_word' id='word_1_6' title='bbox 677 576 1064 659; x_wconf 79' lang='lat' dir='ltr'><strong>Antequam</strong></span> <span class='ocrx_word' id='word_1_7' title='bbox 1094 584 1347 644; x_wconf 84' lang='lat' dir='ltr'><strong>stantes</strong></span> <span class='ocrx_word' id='word_1_8' title='bbox 1377 582 1638 662; x_wconf 76' lang='lat' dir='ltr'><strong>&#39;repetat</strong></span> <span class='ocrx_word' id='word_1_9' title='bbox 1668 578 1949 663; x_wconf 85' lang='lat' dir='ltr'><strong>paludes</strong></span> 
     </span>
    </p>
   </div>
   <div class='ocr_carea' id='block_1_4' title="bbox 336 744 2527 814">
    <p class='ocr_par' dir='ltr' id='par_1_4' title="bbox 336 744 2527 814">
     <span class='ocr_line' id='line_1_4' title="bbox 336 744 2527 814; baseline 0.004 -25"><span class='ocrx_word' id='word_1_10' title='bbox 336 744 539 790; x_wconf 66' lang='lat' dir='ltr'><strong>metuam</strong></span> <span class='ocrx_word' id='word_1_11' title='bbox 556 753 714 803; x_wconf 67' lang='lat' dir='ltr'><strong>augur</strong></span> <span class='ocrx_word' id='word_1_12' title='bbox 739 745 1006 806; x_wconf 76' lang='lat' dir='ltr'><strong>proevidens</strong></span> <span class='ocrx_word' id='word_1_13' title='bbox 1030 744 1241 807; x_wconf 72' lang='lat' dir='ltr'><strong>futuro?</strong></span> <span class='ocrx_word' id='word_1_14' title='bbox 1290 746 1579 810; x_wconf 69' lang='lat' dir='ltr'><strong>Priusquam</strong></span> <span class='ocrx_word' id='word_1_15' title='bbox 1606 749 1792 801; x_wconf 63' lang='lat' dir='ltr'><strong>micul«</strong></span> <span class='ocrx_word' id='word_1_16' title='bbox 1816 750 1991 812; x_wconf 71' lang='lat' dir='ltr'><strong>pluvie</strong></span> <span class='ocrx_word' id='word_1_17' title='bbox 2004 750 2239 812; x_wconf 77' lang='lat' dir='ltr'><strong>proxima·</strong></span> <span class='ocrx_word' id='word_1_18' title='bbox 2256 748 2527 814; x_wconf 71' lang='lat' dir='ltr'><strong>prmntia</strong></span> 
     </span>
    </p>
   </div>
   <div class='ocr_carea' id='block_1_5' title="bbox 1257 891 1619 913">
    <p class='ocr_par' dir='ltr' id='par_1_5' title="bbox 1257 891 1619 913">
     <span class='ocr_line' id='line_1_5' title="bbox 1257 891 1619 913; baseline 0.006 -2"><span class='ocrx_word' id='word_1_19' title='bbox 1257 891 1315 911; x_wconf 53' lang='lat' dir='ltr'><strong>‘O</strong></span> <span class='ocrx_word' id='word_1_20' title='bbox 1320 891 1619 913; x_wconf 61' lang='lat' dir='ltr'><strong>O‘mMO</strong></span> 
     </span>
    </p>
   </div>
   <div class='ocr_carea' id='block_1_6' title="bbox 337 986 2521 1055">
    <p class='ocr_par' dir='ltr' id='par_1_6' title="bbox 337 986 2521 1055">
     <span class='ocr_line' id='line_1_6' title="bbox 337 986 2521 1055; baseline 0.002 -21"><span class='ocrx_word' id='word_1_21' title='bbox 337 986 535 1050; x_wconf 86' lang='lat' dir='ltr'><strong>tiquiss.</strong></span> <span class='ocrx_word' id='word_1_22' title='bbox 570 987 728 1052; x_wconf 87' lang='lat' dir='ltr'><strong>Cruq.</strong></span> <span class='ocrx_word' id='word_1_23' title='bbox 758 987 1068 1054; x_wconf 74' lang='lat' dir='ltr'><strong>(quanquam</strong></span> <span class='ocrx_word' id='word_1_24' title='bbox 1103 1003 1219 1039; x_wconf 91' lang='lat' dir='ltr'><strong>cum</strong></span> <span class='ocrx_word' id='word_1_25' title='bbox 1252 988 1454 1053; x_wconf 86' lang='lat' dir='ltr'><strong>litura),</strong></span> <span class='ocrx_word' id='word_1_26' title='bbox 1486 1004 1603 1040; x_wconf 91' lang='lat' dir='ltr'><strong>cnm</strong></span> <span class='ocrx_word' id='word_1_27' title='bbox 1639 1004 1930 1055; x_wconf 84' lang='lat' dir='ltr'><strong>superascr.</strong></span> <span class='ocrx_word' id='word_1_28' title='bbox 1962 991 1978 1018; x_wconf 92' lang='lat'>‘</span> <span class='ocrx_word' id='word_1_29' title='bbox 2002 989 2127 1039; x_wconf 79' lang='lat' dir='ltr'><strong>alias</strong></span> <span class='ocrx_word' id='word_1_30' title='bbox 2161 988 2306 1052; x_wconf 49' lang='grc' dir='ltr'><strong>Μαί</strong></span> <span class='ocrx_word' id='word_1_31' title='bbox 2341 989 2521 1039; x_wconf 88' lang='lat' dir='ltr'><strong>Lamb.</strong></span> 
     </span>
    </p>
   </div>
   <div class='ocr_carea' id='block_1_7' title="bbox 335 1050 2619 1116">
    <p class='ocr_par' dir='ltr' id='par_1_7' title="bbox 335 1050 2619 1116">
     <span class='ocr_line' id='line_1_7' title="bbox 335 1050 2619 1116; baseline 0.002 -15"><span class='ocrx_word' id='word_1_32' title='bbox 335 1050 575 1101; x_wconf 76' lang='lat' dir='ltr'><strong>Tor-rent.</strong></span> <span class='ocrx_word' id='word_1_33' title='bbox 599 1060 652 1102; x_wconf 91' lang='lat' dir='ltr'><strong>et</strong></span> <span class='ocrx_word' id='word_1_34' title='bbox 678 1054 854 1103; x_wconf 85' lang='lat' dir='ltr'><strong>Bentl.</strong></span> <span class='ocrx_word' id='word_1_35' title='bbox 878 1068 910 1103; x_wconf 95' lang='lat' dir='ltr'><strong>e</strong></span> <span class='ocrx_word' id='word_1_36' title='bbox 932 1053 1037 1103; x_wconf 86' lang='lat' dir='ltr'><strong>suis</strong></span> <span class='ocrx_word' id='word_1_37' title='bbox 1057 1054 1210 1104; x_wconf 82' lang='lat' dir='ltr'><strong>codd.</strong></span> <span class='ocrx_word' id='word_1_38' title='bbox 1233 1055 1507 1104; x_wconf 86' lang='lat' dir='ltr'><strong>Pulmanni</strong></span> <span class='ocrx_word' id='word_1_39' title='bbox 1530 1056 1802 1106; x_wconf 85' lang='lat' dir='ltr'><strong>Gemblac.</strong></span> <span class='ocrx_word' id='word_1_40' title='bbox 1829 1060 1877 1105; x_wconf 88' lang='lat'><strong>1.</strong></span> <span class='ocrx_word' id='word_1_41' title='bbox 1917 1067 2047 1104; x_wconf 88' lang='lat' dir='ltr'><strong>nnus</strong></span> <span class='ocrx_word' id='word_1_42' title='bbox 2072 1055 2273 1103; x_wconf 85' lang='lat' dir='ltr'><strong>Bersm.</strong></span> <span class='ocrx_word' id='word_1_43' title='bbox 2313 1054 2456 1116; x_wconf 82' lang='lat' dir='ltr'><strong>Lips.</strong></span> <span class='ocrx_word' id='word_1_44' title='bbox 2483 1058 2531 1106; x_wconf 50' lang='lat'><strong>12.</strong></span> <span class='ocrx_word' id='word_1_45' title='bbox 2612 1073 2619 1078; x_wconf 95' lang='lat'>·</span> 
     </span>
    </p>
   </div>
   <div class='ocr_carea' id='block_1_8' title="bbox 334 1115 2535 1700">
    <p class='ocr_par' dir='ltr' id='par_1_8' title="bbox 334 1115 2535 1700">
     <span class='ocr_line' id='line_1_8' title="bbox 338 1115 2527 1182; baseline 0.001 -19"><span class='ocrx_word' id='word_1_46' title='bbox 338 1117 389 1163; x_wconf 76' lang='lat'><strong>8.</strong></span> <span class='ocrx_word' id='word_1_47' title='bbox 413 1115 636 1181; x_wconf 84' lang='lat' dir='ltr'><strong>Franeq.</strong></span> <span class='ocrx_word' id='word_1_48' title='bbox 652 1117 878 1168; x_wconf 82' lang='lat' dir='ltr'><strong>Helmst.</strong></span> <span class='ocrx_word' id='word_1_49' title='bbox 904 1119 1081 1169; x_wconf 81' lang='lat' dir='ltr'><strong>Basili.</strong></span> <span class='ocrx_word' id='word_1_50' title='bbox 1107 1124 1252 1169; x_wconf 77' lang='grc'><strong>1527.</strong></span> <span class='ocrx_word' id='word_1_51' title='bbox 1277 1123 1356 1170; x_wconf 82' lang='lat' dir='ltr'><strong>sl.</strong></span> <span class='ocrx_word' id='word_1_52' title='bbox 1379 1125 1460 1169; x_wconf 78' lang='lat'><strong>56.</strong></span> <span class='ocrx_word' id='word_1_53' title='bbox 1482 1124 1565 1169; x_wconf 94' lang='grc'><strong>80.</strong></span> <span class='ocrx_word' id='word_1_54' title='bbox 1610 1122 1804 1170; x_wconf 86' lang='lat' dir='ltr'><strong>Venet.</strong></span> <span class='ocrx_word' id='word_1_55' title='bbox 1831 1124 1976 1169; x_wconf 80' lang='lat'><strong>1590.</strong></span> <span class='ocrx_word' id='word_1_56' title='bbox 2035 1119 2228 1168; x_wconf 86' lang='lat' dir='ltr'><strong>Muret.</strong></span> <span class='ocrx_word' id='word_1_57' title='bbox 2263 1117 2527 1182; x_wconf 79' lang='lat' dir='ltr'><strong>H.Steph.</strong></span> 
     </span>
     <span class='ocr_line' id='line_1_9' title="bbox 338 1179 2528 1248; baseline 0.001 -20"><span class='ocrx_word' id='word_1_58' title='bbox 338 1179 492 1230; x_wconf 85' lang='lat' dir='ltr'><strong>Fabr.</strong></span> <span class='ocrx_word' id='word_1_59' title='bbox 516 1181 698 1232; x_wconf 84' lang='lat' dir='ltr'><strong>Heius.</strong></span> <span class='ocrx_word' id='word_1_60' title='bbox 720 1182 849 1232; x_wconf 84' lang='lat' dir='ltr'><strong>Fab.</strong></span> <span class='ocrx_word' id='word_1_61' title='bbox 869 1183 1029 1248; x_wconf 86' lang='lat' dir='ltr'><strong>Rutg.</strong></span> <span class='ocrx_word' id='word_1_62' title='bbox 1050 1184 1227 1233; x_wconf 86' lang='lat' dir='ltr'><strong>Burm.</strong></span> <span class='ocrx_word' id='word_1_63' title='bbox 1250 1186 1443 1235; x_wconf 85' lang='lat' dir='ltr'><strong>Dacer.</strong></span> <span class='ocrx_word' id='word_1_64' title='bbox 1462 1185 1640 1233; x_wconf 89' lang='lat' dir='ltr'><strong>Bentl.</strong></span> <span class='ocrx_word' id='word_1_65' title='bbox 1660 1183 1792 1234; x_wconf 90' lang='lat' dir='ltr'><strong>Cun.</strong></span> <span class='ocrx_word' id='word_1_66' title='bbox 1805 1184 1926 1235; x_wconf 88' lang='lat' dir='ltr'><strong>San.</strong></span> <span class='ocrx_word' id='word_1_67' title='bbox 1945 1183 2065 1235; x_wconf 86' lang='lat' dir='ltr'><strong>Jon.</strong></span> <span class='ocrx_word' id='word_1_68' title='bbox 2084 1183 2100 1210; x_wconf 92' lang='lat'>‘</span> <span class='ocrx_word' id='word_1_69' title='bbox 2120 1184 2350 1233; x_wconf 76' lang='lat' dir='ltr'><strong>Praestat</strong></span> <span class='ocrx_word' id='word_1_70' title='bbox 2370 1184 2528 1232; x_wconf 89' lang='lat' dir='ltr'><strong>etiam</strong></span> 
     </span>
     <span class='ocr_line' id='line_1_10' title="bbox 335 1245 2532 1312; baseline 0.001 -17"><span class='ocrx_word' id='word_1_71' title='bbox 335 1245 413 1311; x_wconf 69' lang='lat' dir='ltr'><strong>etti</strong></span> <span class='ocrx_word' id='word_1_72' title='bbox 433 1245 498 1311; x_wconf 74' lang='lat' dir='ltr'><strong>ad</strong></span> <span class='ocrx_word' id='word_1_73' title='bbox 520 1247 855 1311; x_wconf 81' lang='lat' dir='ltr'><strong>sententiam,</strong></span> <span class='ocrx_word' id='word_1_74' title='bbox 879 1263 943 1310; x_wconf 78' lang='lat' dir='ltr'><strong>ex</strong></span> <span class='ocrx_word' id='word_1_75' title='bbox 968 1260 1132 1312; x_wconf 88' lang='lat' dir='ltr'><strong>eoque</strong></span> <span class='ocrx_word' id='word_1_76' title='bbox 1155 1248 1306 1311; x_wconf 73' lang='lat' dir='ltr'><strong>facile</strong></span> <span class='ocrx_word' id='word_1_77' title='bbox 1329 1257 1518 1299; x_wconf 67' lang='lat' dir='ltr'><strong>ceterae</strong></span> <span class='ocrx_word' id='word_1_78' title='bbox 1545 1249 1823 1298; x_wconf 82' lang='lat' dir='ltr'><strong>varietates</strong></span> <span class='ocrx_word' id='word_1_79' title='bbox 1844 1248 2010 1298; x_wconf 81' lang='lat' dir='ltr'><strong>ortae.&#39;</strong></span> <span class='ocrx_word' id='word_1_80' title='bbox 2032 1249 2169 1298; x_wconf 71' lang='lat' dir='ltr'><strong>sani.</strong></span> <span class='ocrx_word' id='word_1_81' title='bbox 2238 1249 2366 1297; x_wconf 83' lang='lat' dir='ltr'><strong>Mox</strong></span> <span class='ocrx_word' id='word_1_82' title='bbox 2383 1262 2458 1297; x_wconf 83' lang='lat' dir='ltr'><strong>vs.</strong></span> <span class='ocrx_word' id='word_1_83' title='bbox 2482 1252 2532 1298; x_wconf 82' lang='grc'><strong>7.</strong></span> 
     </span>
     <span class='ocr_line' id='line_1_11' title="bbox 336 1311 2532 1378; baseline 0.001 -21"><span class='ocrx_word' id='word_1_84' title='bbox 336 1318 455 1375; x_wconf 84' lang='lat' dir='ltr'><strong>post</strong></span> <span class='ocrx_word' id='word_1_85' title='bbox 491 1325 673 1376; x_wconf 72' lang='lat' dir='ltr'><strong>auspex</strong></span> <span class='ocrx_word' id='word_1_86' title='bbox 706 1311 1127 1377; x_wconf 76' lang='lat' dir='ltr'><strong>interrogationis</strong></span> <span class='ocrx_word' id='word_1_87' title='bbox 1166 1313 1368 1378; x_wconf 87' lang='lat' dir='ltr'><strong>signum</strong></span> <span class='ocrx_word' id='word_1_88' title='bbox 1410 1315 1602 1364; x_wconf 86' lang='lat' dir='ltr'><strong>habent</strong></span> <span class='ocrx_word' id='word_1_89' title='bbox 1636 1312 1853 1365; x_wconf 89' lang='lat' dir='ltr'><strong>Ascens.</strong></span> <span class='ocrx_word' id='word_1_90' title='bbox 1878 1313 2056 1364; x_wconf 81' lang='lat' dir='ltr'><strong>Bosill.</strong></span> <span class='ocrx_word' id='word_1_91' title='bbox 2085 1312 2262 1362; x_wconf 82' lang='lat' dir='ltr'><strong>Lamb.</strong></span> <span class='ocrx_word' id='word_1_92' title='bbox 2283 1312 2401 1375; x_wconf 88' lang='lat' dir='ltr'><strong>(sed</strong></span> <span class='ocrx_word' id='word_1_93' title='bbox 2428 1325 2532 1361; x_wconf 91' lang='lat' dir='ltr'><strong>non</strong></span> 
     </span>
     <span class='ocr_line' id='line_1_12' title="bbox 335 1374 2530 1443; baseline 0.002 -21"><span class='ocrx_word' id='word_1_94' title='bbox 335 1374 552 1437; x_wconf 77' lang='lat' dir='ltr'><strong>primus,</strong></span> <span class='ocrx_word' id='word_1_95' title='bbox 581 1384 642 1425; x_wconf 89' lang='lat' dir='ltr'><strong>ut</strong></span> <span class='ocrx_word' id='word_1_96' title='bbox 662 1378 811 1426; x_wconf 87' lang='lat' dir='ltr'><strong>Torr.</strong></span> <span class='ocrx_word' id='word_1_97' title='bbox 833 1377 1159 1443; x_wconf 75' lang='lat' dir='ltr'><strong>criminatur)</strong></span> <span class='ocrx_word' id='word_1_98' title='bbox 1183 1377 1342 1441; x_wconf 87' lang='lat' dir='ltr'><strong>Cruq.</strong></span> <span class='ocrx_word' id='word_1_99' title='bbox 1380 1378 1564 1427; x_wconf 85' lang='lat' dir='ltr'><strong>Heius.</strong></span> <span class='ocrx_word' id='word_1_100' title='bbox 1601 1379 1758 1428; x_wconf 85' lang='lat' dir='ltr'><strong>Fabr.</strong></span> <span class='ocrx_word' id='word_1_101' title='bbox 1793 1378 1974 1441; x_wconf 86' lang='lat' dir='ltr'><strong>Steph.</strong></span> <span class='ocrx_word' id='word_1_102' title='bbox 2013 1377 2139 1427; x_wconf 86' lang='lat' dir='ltr'><strong>Fab.</strong></span> <span class='ocrx_word' id='word_1_103' title='bbox 2179 1378 2336 1440; x_wconf 84' lang='lat' dir='ltr'><strong>Rutg.</strong></span> <span class='ocrx_word' id='word_1_104' title='bbox 2373 1377 2530 1426; x_wconf 87' lang='lat' dir='ltr'><strong>Baxt.</strong></span> 
     </span>
     <span class='ocr_line' id='line_1_13' title="bbox 337 1438 2533 1508; baseline 0.001 -21"><span class='ocrx_word' id='word_1_105' title='bbox 337 1438 500 1488; x_wconf 84' lang='lat' dir='ltr'><strong>Gesn.</strong></span> <span class='ocrx_word' id='word_1_106' title='bbox 534 1441 701 1491; x_wconf 82' lang='lat' dir='ltr'><strong>Zeun.</strong></span> <span class='ocrx_word' id='word_1_107' title='bbox 734 1442 918 1492; x_wconf 88' lang='lat' dir='ltr'><strong>Comb.</strong></span> <span class='ocrx_word' id='word_1_108' title='bbox 960 1442 1131 1493; x_wconf 79' lang='lat' dir='ltr'><strong>Bond‘.</strong></span> <span class='ocrx_word' id='word_1_109' title='bbox 1174 1443 1438 1493; x_wconf 80' lang='lat' dir='ltr'><strong>Scbrevel.</strong></span> <span class='ocrx_word' id='word_1_110' title='bbox 1478 1444 1665 1508; x_wconf 74' lang='lat' dir='ltr'><strong>Delpli.</strong></span> <span class='ocrx_word' id='word_1_111' title='bbox 1703 1444 1769 1493; x_wconf 86' lang='lat' dir='ltr'><strong>al.</strong></span> <span class='ocrx_word' id='word_1_112' title='bbox 1856 1443 1929 1492; x_wconf 91' lang='lat' dir='ltr'><strong>At</strong></span> <span class='ocrx_word' id='word_1_113' title='bbox 1968 1442 2159 1492; x_wconf 90' lang='lat' dir='ltr'><strong>nudum</strong></span> <span class='ocrx_word' id='word_1_114' title='bbox 2199 1456 2396 1490; x_wconf 76' lang='lat' dir='ltr'><strong>comma</strong></span> <span class='ocrx_word' id='word_1_115' title='bbox 2441 1455 2533 1505; x_wconf 84' lang='lat' dir='ltr'><strong>po·</strong></span> 
     </span>
     <span class='ocr_line' id='line_1_14' title="bbox 335 1504 2533 1572; baseline 0.001 -20"><span class='ocrx_word' id='word_1_116' title='bbox 335 1504 561 1555; x_wconf 87' lang='lat' dir='ltr'><strong>nendum</strong></span> <span class='ocrx_word' id='word_1_117' title='bbox 605 1520 854 1556; x_wconf 73' lang='lat' dir='ltr'><strong>censuere</strong></span> <span class='ocrx_word' id='word_1_118' title='bbox 899 1507 1164 1559; x_wconf 79' lang='lat' dir='ltr'><strong>Passerat.</strong></span> <span class='ocrx_word' id='word_1_119' title='bbox 1197 1508 1392 1558; x_wconf 74' lang='grc' dir='ltr'>Μαι-ει.</span> <span class='ocrx_word' id='word_1_120' title='bbox 1436 1507 1664 1572; x_wconf 84' lang='lat' dir='ltr'><strong>Xyland.</strong></span> <span class='ocrx_word' id='word_1_121' title='bbox 1713 1515 1770 1558; x_wconf 90' lang='lat' dir='ltr'><strong>et</strong></span> <span class='ocrx_word' id='word_1_122' title='bbox 1821 1509 2059 1557; x_wconf 84' lang='lat' dir='ltr'><strong>Torrent.</strong></span> <span class='ocrx_word' id='word_1_123' title='bbox 2109 1516 2165 1555; x_wconf 88' lang='lat' dir='ltr'><strong>et</strong></span> <span class='ocrx_word' id='word_1_124' title='bbox 2213 1507 2290 1556; x_wconf 86' lang='lat' dir='ltr'><strong>sic</strong></span> <span class='ocrx_word' id='word_1_125' title='bbox 2338 1508 2533 1557; x_wconf 89' lang='lat' dir='ltr'><strong>Dacer.</strong></span> 
     </span>
     <span class='ocr_line' id='line_1_15' title="bbox 336 1567 2532 1635; baseline 0.001 -19"><span class='ocrx_word' id='word_1_126' title='bbox 336 1567 498 1619; x_wconf 83' lang='lat' dir='ltr'><strong>Zurk.</strong></span> <span class='ocrx_word' id='word_1_127' title='bbox 535 1571 726 1635; x_wconf 84' lang='lat' dir='ltr'><strong>Despr.</strong></span> <span class='ocrx_word' id='word_1_128' title='bbox 762 1572 940 1621; x_wconf 88' lang='lat' dir='ltr'><strong>Bentl.</strong></span> <span class='ocrx_word' id='word_1_129' title='bbox 980 1572 1111 1622; x_wconf 89' lang='lat' dir='ltr'><strong>Cnn.</strong></span> <span class='ocrx_word' id='word_1_130' title='bbox 1148 1572 1342 1623; x_wconf 90' lang='lat' dir='ltr'><strong>Sanad.</strong></span> <span class='ocrx_word' id='word_1_131' title='bbox 1372 1572 1552 1624; x_wconf 86' lang='lat' dir='ltr'><strong>Jones.</strong></span> <span class='ocrx_word' id='word_1_132' title='bbox 1599 1573 1741 1635; x_wconf 83' lang='lat' dir='ltr'><strong>Jani,</strong></span> <span class='ocrx_word' id='word_1_133' title='bbox 1793 1570 2022 1634; x_wconf 79' lang='lat' dir='ltr'><strong>Francis,</strong></span> <span class='ocrx_word' id='word_1_134' title='bbox 2068 1572 2280 1621; x_wconf 71' lang='lat' dir='ltr'><strong>Mitscli.</strong></span> <span class='ocrx_word' id='word_1_135' title='bbox 2320 1571 2532 1634; x_wconf 89' lang='lat' dir='ltr'><strong>Bipont.</strong></span> 
     </span>
     <span class='ocr_line' id='line_1_16' title="bbox 334 1634 2535 1700; baseline 0 -16"><span class='ocrx_word' id='word_1_136' title='bbox 334 1634 557 1686; x_wconf 83' lang='lat' dir='ltr'><strong>Wetzel.</strong></span> <span class='ocrx_word' id='word_1_137' title='bbox 598 1634 798 1687; x_wconf 77' lang='lat' dir='ltr'><strong>Wakef.</strong></span> <span class='ocrx_word' id='word_1_138' title='bbox 835 1644 891 1688; x_wconf 91' lang='lat' dir='ltr'><strong>et</strong></span> <span class='ocrx_word' id='word_1_139' title='bbox 925 1634 1086 1686; x_wconf 84' lang='lat' dir='ltr'><strong>Kidd.</strong></span> <span class='ocrx_word' id='word_1_140' title='bbox 1152 1639 1286 1689; x_wconf 86' lang='lat' dir='ltr'><strong>‘Est</strong></span> <span class='ocrx_word' id='word_1_141' title='bbox 1318 1643 1490 1687; x_wconf 81' lang='lat' dir='ltr'><strong>autem</strong></span> <span class='ocrx_word' id='word_1_142' title='bbox 1534 1644 1590 1687; x_wconf 90' lang='lat' dir='ltr'><strong>et</strong></span> <span class='ocrx_word' id='word_1_143' title='bbox 1631 1652 1830 1688; x_wconf 87' lang='lat' dir='ltr'><strong>comma</strong></span> <span class='ocrx_word' id='word_1_144' title='bbox 1861 1636 2188 1687; x_wconf 88' lang='lat' dir='ltr'><strong>inserendum</strong></span> <span class='ocrx_word' id='word_1_145' title='bbox 2238 1643 2357 1700; x_wconf 87' lang='lat' dir='ltr'><strong>post</strong></span> <span class='ocrx_word' id='word_1_146' title='bbox 2402 1636 2535 1685; x_wconf 78' lang='lat' dir='ltr'><strong>time-</strong></span> 
     </span>
    </p>
   </div>
   <div class='ocr_carea' id='block_1_9' title="bbox 1327 1783 1541 1837">
    <p class='ocr_par' dir='ltr' id='par_1_9' title="bbox 1327 1783 1541 1837">
     <span class='ocr_line' id='line_1_17' title="bbox 1327 1783 1541 1837; baseline -0.019 0"><span class='ocrx_word' id='word_1_147' title='bbox 1327 1783 1541 1837; x_wconf 60' lang='lat' dir='ltr'>NOTAE</span> 
     </span>
    </p>
   </div>
   <div class='ocr_carea' id='block_1_10' title="bbox 329 1879 1408 3156">
    <p class='ocr_par' dir='ltr' id='par_1_10' title="bbox 329 1879 1408 3156">
     <span class='ocr_line' id='line_1_18' title="bbox 331 1879 1389 1942; baseline 0.001 -13"><span class='ocrx_word' id='word_1_148' title='bbox 331 1879 454 1929; x_wconf 86' lang='lat' dir='ltr'><strong>Non</strong></span> <span class='ocrx_word' id='word_1_149' title='bbox 479 1883 563 1927; x_wconf 89' lang='lat' dir='ltr'><strong>est</strong></span> <span class='ocrx_word' id='word_1_150' title='bbox 597 1879 731 1942; x_wconf 88' lang='lat' dir='ltr'><strong>quod</strong></span> <span class='ocrx_word' id='word_1_151' title='bbox 766 1879 974 1929; x_wconf 84' lang='lat' dir='ltr'><strong>timeam</strong></span> <span class='ocrx_word' id='word_1_152' title='bbox 1000 1879 1113 1942; x_wconf 87' lang='lat' dir='ltr'><strong>tibi,</strong></span> <span class='ocrx_word' id='word_1_153' title='bbox 1138 1880 1389 1941; x_wconf 78' lang='lat' dir='ltr'><strong>Galatea3</strong></span> 
     </span>
     <span class='ocr_line' id='line_1_19' title="bbox 330 1954 1393 2018; baseline 0.001 -13"><span class='ocrx_word' id='word_1_154' title='bbox 330 1968 447 2005; x_wconf 91' lang='lat' dir='ltr'><strong>cum</strong></span> <span class='ocrx_word' id='word_1_155' title='bbox 470 1954 613 2003; x_wconf 87' lang='lat' dir='ltr'><strong>nullo</strong></span> <span class='ocrx_word' id='word_1_156' title='bbox 634 1954 702 2004; x_wconf 90' lang='lat' dir='ltr'><strong>sis</strong></span> <span class='ocrx_word' id='word_1_157' title='bbox 725 1956 940 2005; x_wconf 85' lang='lat' dir='ltr'><strong>crimine</strong></span> <span class='ocrx_word' id='word_1_158' title='bbox 957 1956 1230 2018; x_wconf 85' lang='lat' dir='ltr'><strong>obstricta,</strong></span> <span class='ocrx_word' id='word_1_159' title='bbox 1249 1954 1393 2007; x_wconf 77' lang='lat' dir='ltr'><strong>felici</strong></span> 
     </span>
     <span class='ocr_line' id='line_1_20' title="bbox 331 2030 1390 2096; baseline 0.004 -16"><span class='ocrx_word' id='word_1_160' title='bbox 331 2031 477 2081; x_wconf 83' lang='lat' dir='ltr'><strong>exitu</strong></span> <span class='ocrx_word' id='word_1_161' title='bbox 503 2036 634 2081; x_wconf 89' lang='lat' dir='ltr'><strong>utet</strong></span> <span class='ocrx_word' id='word_1_162' title='bbox 651 2033 880 2096; x_wconf 85' lang='lat' dir='ltr'><strong>auspicio</strong></span> <span class='ocrx_word' id='word_1_163' title='bbox 898 2030 1062 2083; x_wconf 85' lang='lat' dir='ltr'><strong>fluent</strong></span> <span class='ocrx_word' id='word_1_164' title='bbox 1083 2033 1178 2084; x_wconf 88' lang='lat' dir='ltr'><strong>tibi</strong></span> <span class='ocrx_word' id='word_1_165' title='bbox 1196 2036 1390 2084; x_wconf 85' lang='lat' dir='ltr'><strong>omnia:</strong></span> 
     </span>
     <span class='ocr_line' id='line_1_21' title="bbox 330 2106 1392 2174; baseline 0.005 -18"><span class='ocrx_word' id='word_1_166' title='bbox 330 2121 428 2157; x_wconf 90' lang='lat' dir='ltr'><strong>nec</strong></span> <span class='ocrx_word' id='word_1_167' title='bbox 474 2120 578 2156; x_wconf 87' lang='lat' dir='ltr'><strong>non</strong></span> <span class='ocrx_word' id='word_1_168' title='bbox 621 2106 845 2158; x_wconf 83' lang='lat' dir='ltr'><strong>faustum</strong></span> <span class='ocrx_word' id='word_1_169' title='bbox 892 2108 986 2159; x_wconf 87' lang='lat' dir='ltr'><strong>tibi</strong></span> <span class='ocrx_word' id='word_1_170' title='bbox 1030 2110 1301 2174; x_wconf 88' lang='lat' dir='ltr'><strong>augurium</strong></span> <span class='ocrx_word' id='word_1_171' title='bbox 1336 2118 1392 2161; x_wconf 92' lang='lat' dir='ltr'><strong>et</strong></span> 
     </span>
     <span class='ocr_line' id='line_1_22' title="bbox 329 2185 1393 2252; baseline 0.004 -18"><span class='ocrx_word' id='word_1_172' title='bbox 329 2198 427 2248; x_wconf 87' lang='lat' dir='ltr'><strong>ego</strong></span> <span class='ocrx_word' id='word_1_173' title='bbox 449 2185 709 2249; x_wconf 85' lang='lat' dir='ltr'><strong>precabor</strong></span> <span class='ocrx_word' id='word_1_174' title='bbox 736 2186 982 2250; x_wconf 81' lang='lat' dir='ltr'><strong>navigare</strong></span> <span class='ocrx_word' id='word_1_175' title='bbox 1016 2189 1248 2252; x_wconf 87' lang='lat' dir='ltr'><strong>cupienti</strong></span> <span class='ocrx_word' id='word_1_176' title='bbox 1274 2196 1288 2237; x_wconf 69' lang='grc' dir='ltr'>ὲ</span> <span class='ocrx_word' id='word_1_177' title='bbox 1324 2188 1393 2238; x_wconf 88' lang='lat' dir='ltr'><strong>sis</strong></span> 
     </span>
     <span class='ocr_line' id='line_1_23' title="bbox 330 2259 1398 2337; baseline 0.002 -25"><span class='ocrx_word' id='word_1_178' title='bbox 330 2261 526 2337; x_wconf 71' lang='lat' dir='ltr'><strong>ubique</strong></span> <span class='ocrx_word' id='word_1_179' title='bbox 549 2259 696 2313; x_wconf 82' lang='lat' dir='ltr'><strong>felix.</strong></span> <span class='ocrx_word' id='word_1_180' title='bbox 762 2264 918 2316; x_wconf 84' lang='lat' dir='ltr'><strong>Quod</strong></span> <span class='ocrx_word' id='word_1_181' title='bbox 946 2266 989 2314; x_wconf 91' lang='lat' dir='ltr'><strong>si</strong></span> <span class='ocrx_word' id='word_1_182' title='bbox 1014 2266 1171 2317; x_wconf 89' lang='lat' dir='ltr'><strong>liceat</strong></span> <span class='ocrx_word' id='word_1_183' title='bbox 1194 2266 1398 2329; x_wconf 88' lang='lat' dir='ltr'><strong>aperire</strong></span> 
     </span>
     <span class='ocr_line' id='line_1_24' title="bbox 330 2338 1402 2404; baseline 0.005 -18"><span class='ocrx_word' id='word_1_184' title='bbox 330 2338 468 2402; x_wconf 89' lang='lat' dir='ltr'><strong>quod</strong></span> <span class='ocrx_word' id='word_1_185' title='bbox 499 2338 686 2399; x_wconf 88' lang='lat' dir='ltr'><strong>sentio,</strong></span> <span class='ocrx_word' id='word_1_186' title='bbox 703 2341 880 2390; x_wconf 90' lang='lat' dir='ltr'><strong>malim</strong></span> <span class='ocrx_word' id='word_1_187' title='bbox 903 2349 1068 2404; x_wconf 88' lang='lat' dir='ltr'><strong>certe,</strong></span> <span class='ocrx_word' id='word_1_188' title='bbox 1083 2357 1199 2393; x_wconf 89' lang='lat' dir='ltr'><strong>cum</strong></span> <span class='ocrx_word' id='word_1_189' title='bbox 1216 2341 1402 2391; x_wconf 89' lang='lat' dir='ltr'><strong>Erudi-</strong></span> 
     </span>
     <span class='ocr_line' id='line_1_25' title="bbox 333 2407 1398 2482; baseline 0.004 -19"><span class='ocrx_word' id='word_1_190' title='bbox 333 2414 403 2464; x_wconf 88' lang='lat' dir='ltr'><strong>tis</strong></span> <span class='ocrx_word' id='word_1_191' title='bbox 435 2407 724 2475; x_wconf 78' lang='lat' dir='ltr'><strong>nonnullis,</strong></span> <span class='ocrx_word' id='word_1_192' title='bbox 763 2413 1181 2482; x_wconf 65' lang='lat' dir='ltr'><strong>interrogationis</strong></span> <span class='ocrx_word' id='word_1_193' title='bbox 1222 2426 1398 2468; x_wconf 90' lang='lat' dir='ltr'><strong>notam</strong></span> 
     </span>
     <span class='ocr_line' id='line_1_26' title="bbox 331 2494 1408 2558; baseline 0.005 -19"><span class='ocrx_word' id='word_1_194' title='bbox 331 2505 656 2558; x_wconf 73' lang='lat' dir='ltr'><strong>expungere,</strong></span> <span class='ocrx_word' id='word_1_195' title='bbox 693 2499 768 2558; x_wconf 85' lang='lat' dir='ltr'><strong>et,</strong></span> <span class='ocrx_word' id='word_1_196' title='bbox 815 2494 1117 2544; x_wconf 84' lang='lat' dir='ltr'><strong>continuato</strong></span> <span class='ocrx_word' id='word_1_197' title='bbox 1157 2508 1309 2543; x_wconf 87' lang='lat' dir='ltr'><strong>sensu</strong></span> <span class='ocrx_word' id='word_1_198' title='bbox 1351 2501 1408 2544; x_wconf 86' lang='lat' dir='ltr'><strong>et</strong></span> 
     </span>
     <span class='ocr_line' id='line_1_27' title="bbox 331 2568 1401 2635; baseline 0.003 -18"><span class='ocrx_word' id='word_1_199' title='bbox 331 2568 597 2626; x_wconf 84' lang='lat' dir='ltr'><strong>oratione,</strong></span> <span class='ocrx_word' id='word_1_200' title='bbox 632 2569 860 2634; x_wconf 87' lang='lat' dir='ltr'><strong>jungere</strong></span> <span class='ocrx_word' id='word_1_201' title='bbox 904 2584 1021 2620; x_wconf 88' lang='lat' dir='ltr'><strong>cum</strong></span> <span class='ocrx_word' id='word_1_202' title='bbox 1067 2570 1401 2635; x_wconf 85' lang='lat' dir='ltr'><strong>sequentibus</strong></span> 
     </span>
     <span class='ocr_line' id='line_1_28' title="bbox 331 2645 1404 2717; baseline 0.005 -24"><span class='ocrx_word' id='word_1_203' title='bbox 331 2645 429 2717; x_wconf 67' lang='lat' dir='ltr'><strong>libe</strong></span> <span class='ocrx_word' id='word_1_204' title='bbox 448 2658 609 2715; x_wconf 77' lang='lat' dir='ltr'><strong>sensu</strong></span> <span class='ocrx_word' id='word_1_205' title='bbox 629 2661 644 2695; x_wconf 75' lang='lat' dir='ltr'><strong>t</strong></span> <span class='ocrx_word' id='word_1_206' title='bbox 664 2647 774 2712; x_wconf 83' lang='lat' dir='ltr'><strong>Ego</strong></span> <span class='ocrx_word' id='word_1_207' title='bbox 797 2647 1068 2706; x_wconf 73' lang='lat' dir='ltr'><strong>Horatius,</strong></span> <span class='ocrx_word' id='word_1_208' title='bbox 1088 2650 1130 2697; x_wconf 88' lang='lat' dir='ltr'><strong>si</strong></span> <span class='ocrx_word' id='word_1_209' title='bbox 1150 2650 1234 2698; x_wconf 91' lang='lat' dir='ltr'><strong>cui</strong></span> <span class='ocrx_word' id='word_1_210' title='bbox 1255 2649 1404 2698; x_wconf 86' lang='lat' dir='ltr'><strong>time·</strong></span> 
     </span>
     <span class='ocr_line' id='line_1_29' title="bbox 331 2718 1402 2789; baseline 0.002 -18"><span class='ocrx_word' id='word_1_211' title='bbox 331 2721 400 2771; x_wconf 92' lang='lat' dir='ltr'><strong>bo</strong></span> <span class='ocrx_word' id='word_1_212' title='bbox 423 2718 625 2785; x_wconf 76' lang='lat' dir='ltr'><strong>auspex</strong></span> <span class='ocrx_word' id='word_1_213' title='bbox 651 2722 913 2787; x_wconf 82' lang='lat' dir='ltr'><strong>providus,</strong></span> <span class='ocrx_word' id='word_1_214' title='bbox 947 2724 1034 2789; x_wconf 89' lang='lat' dir='ltr'><strong>(nt</strong></span> <span class='ocrx_word' id='word_1_215' title='bbox 1069 2722 1163 2774; x_wconf 85' lang='lat' dir='ltr'><strong>tibi</strong></span> <span class='ocrx_word' id='word_1_216' title='bbox 1195 2724 1402 2788; x_wconf 82' lang='lat' dir='ltr'><strong>naviga·</strong></span> 
     </span>
     <span class='ocr_line' id='line_1_30' title="bbox 332 2797 1400 2869; baseline 0.002 -20"><span class='ocrx_word' id='word_1_217' title='bbox 332 2806 468 2849; x_wconf 71' lang='lat' dir='ltr'><strong>turae</strong></span> <span class='ocrx_word' id='word_1_218' title='bbox 513 2797 689 2860; x_wconf 85' lang='lat' dir='ltr'><strong>timeo,</strong></span> <span class='ocrx_word' id='word_1_219' title='bbox 731 2799 999 2865; x_wconf 82' lang='lat' dir='ltr'><strong>Galatea,)</strong></span> <span class='ocrx_word' id='word_1_220' title='bbox 1034 2800 1154 2850; x_wconf 84' lang='lat' dir='ltr'><strong>bule</strong></span> <span class='ocrx_word' id='word_1_221' title='bbox 1206 2802 1400 2869; x_wconf 82' lang='lat' dir='ltr'><strong>‘prece</strong></span> 
     </span>
     <span class='ocr_line' id='line_1_31' title="bbox 330 2874 1402 2928; baseline 0.004 -4"><span class='ocrx_word' id='word_1_222' title='bbox 330 2874 598 2925; x_wconf 76' lang='lat' dir='ltr'><strong>suscitabo</strong></span> <span class='ocrx_word' id='word_1_223' title='bbox 636 2875 861 2924; x_wconf 81' lang='lat' dir='ltr'><strong>oscinem</strong></span> <span class='ocrx_word' id='word_1_224' title='bbox 895 2876 962 2926; x_wconf 90' lang='lat' dir='ltr'><strong>ab</strong></span> <span class='ocrx_word' id='word_1_225' title='bbox 990 2883 1109 2928; x_wconf 88' lang='lat' dir='ltr'><strong>ortu</strong></span> <span class='ocrx_word' id='word_1_226' title='bbox 1132 2877 1265 2927; x_wconf 89' lang='lat' dir='ltr'><strong>Solis</strong></span> <span class='ocrx_word' id='word_1_227' title='bbox 1289 2892 1402 2928; x_wconf 91' lang='lat' dir='ltr'><strong>cor·</strong></span> 
     </span>
     <span class='ocr_line' id='line_1_32' title="bbox 330 2950 1401 3015; baseline 0.005 -16"><span class='ocrx_word' id='word_1_228' title='bbox 330 2950 492 3013; x_wconf 82' lang='lat' dir='ltr'><strong>vum‚’</strong></span> <span class='ocrx_word' id='word_1_229' title='bbox 515 2964 618 3015; x_wconf 89' lang='lat' dir='ltr'><strong>quo</strong></span> <span class='ocrx_word' id='word_1_230' title='bbox 641 2951 972 3003; x_wconf 81' lang='lat' dir='ltr'><strong>deterreatur</strong></span> <span class='ocrx_word' id='word_1_231' title='bbox 995 2969 1025 3004; x_wconf 91' lang='lat' dir='ltr'><strong>a</strong></span> <span class='ocrx_word' id='word_1_232' title='bbox 1048 2955 1401 3005; x_wconf 83' lang='lat' dir='ltr'><strong>conscenden-</strong></span> 
     </span>
     <span class='ocr_line' id='line_1_33' title="bbox 333 3026 1397 3094; baseline 0.003 -18"><span class='ocrx_word' id='word_1_233' title='bbox 333 3026 401 3077; x_wconf 89' lang='lat' dir='ltr'><strong>do</strong></span> <span class='ocrx_word' id='word_1_234' title='bbox 435 3028 589 3089; x_wconf 88' lang='lat' dir='ltr'><strong>mari,</strong></span> <span class='ocrx_word' id='word_1_235' title='bbox 628 3027 726 3077; x_wconf 81' lang='lat' dir='ltr'><strong>isto</strong></span> <span class='ocrx_word' id='word_1_236' title='bbox 765 3029 969 3079; x_wconf 89' lang='lat' dir='ltr'><strong>scilicet</strong></span> <span class='ocrx_word' id='word_1_237' title='bbox 1001 3030 1135 3080; x_wconf 90' lang='lat' dir='ltr'><strong>malo</strong></span> <span class='ocrx_word' id='word_1_238' title='bbox 1169 3031 1397 3094; x_wconf 87' lang='lat' dir='ltr'><strong>augurio.</strong></span> 
     </span>
     <span class='ocr_line' id='line_1_34' title="bbox 338 3105 956 3156; baseline -0.003 -1"><span class='ocrx_word' id='word_1_239' title='bbox 338 3105 476 3155; x_wconf 84' lang='lat' dir='ltr'><strong>Vide</strong></span> <span class='ocrx_word' id='word_1_240' title='bbox 502 3118 622 3153; x_wconf 86' lang='lat' dir='ltr'><strong>mox</strong></span> <span class='ocrx_word' id='word_1_241' title='bbox 645 3106 956 3156; x_wconf 84' lang='lat' dir='ltr'><strong>annotanda.</strong></span> 
     </span>
    </p>
   </div>
   <div class='ocr_carea' id='block_1_11' title="bbox 333 3183 1410 4318">
    <p class='ocr_par' dir='ltr' id='par_1_11' title="bbox 333 3183 1410 4318">
     <span class='ocr_line' id='line_1_35' title="bbox 398 3183 1401 3251; baseline 0.001 -17"><span class='ocrx_word' id='word_1_242' title='bbox 398 3189 429 3234; x_wconf 90' lang='grc'><strong>8</strong></span> <span class='ocrx_word' id='word_1_243' title='bbox 453 3183 677 3249; x_wconf 77' lang='lat' dir='ltr'><strong>Auspex]</strong></span> <span class='ocrx_word' id='word_1_244' title='bbox 715 3183 768 3234; x_wconf 89' lang='lat' dir='ltr'><strong>Is</strong></span> <span class='ocrx_word' id='word_1_245' title='bbox 790 3186 1058 3248; x_wconf 84' lang='lat' dir='ltr'><strong>augurium</strong></span> <span class='ocrx_word' id='word_1_246' title='bbox 1082 3193 1297 3251; x_wconf 89' lang='lat' dir='ltr'><strong>captans</strong></span> <span class='ocrx_word' id='word_1_247' title='bbox 1321 3199 1401 3235; x_wconf 89' lang='lat' dir='ltr'><strong>se·</strong></span> 
     </span>
     <span class='ocr_line' id='line_1_36' title="bbox 333 3260 1404 3325; baseline 0 -15"><span class='ocrx_word' id='word_1_248' title='bbox 333 3260 499 3310; x_wconf 83' lang='lat' dir='ltr'><strong>debat</strong></span> <span class='ocrx_word' id='word_1_249' title='bbox 516 3262 693 3325; x_wconf 88' lang='lat' dir='ltr'><strong>capite</strong></span> <span class='ocrx_word' id='word_1_250' title='bbox 712 3263 883 3313; x_wconf 85' lang='lat' dir='ltr'><strong>velato</strong></span> <span class='ocrx_word' id='word_1_251' title='bbox 900 3278 916 3314; x_wconf 72' lang='grc' dir='ltr'><strong>ι</strong></span> <span class='ocrx_word' id='word_1_252' title='bbox 939 3263 1123 3313; x_wconf 88' lang='lat' dir='ltr'><strong>lituum</strong></span> <span class='ocrx_word' id='word_1_253' title='bbox 1140 3262 1253 3313; x_wconf 90' lang='lat' dir='ltr'><strong>sine</strong></span> <span class='ocrx_word' id='word_1_254' title='bbox 1266 3262 1404 3312; x_wconf 93' lang='lat' dir='ltr'><strong>nodo</strong></span> 
     </span>
     <span class='ocr_line' id='line_1_37' title="bbox 334 3335 1403 3403; baseline 0.002 -17"><span class='ocrx_word' id='word_1_255' title='bbox 334 3343 521 3386; x_wconf 87' lang='lat' dir='ltr'><strong>tenens</strong></span> <span class='ocrx_word' id='word_1_256' title='bbox 556 3335 833 3400; x_wconf 84' lang='lat' dir='ltr'><strong>aduncum,</strong></span> <span class='ocrx_word' id='word_1_257' title='bbox 874 3353 976 3403; x_wconf 89' lang='lat' dir='ltr'><strong>quo</strong></span> <span class='ocrx_word' id='word_1_258' title='bbox 1009 3339 1126 3390; x_wconf 87' lang='lat' dir='ltr'><strong>coeli</strong></span> <span class='ocrx_word' id='word_1_259' title='bbox 1160 3339 1403 3402; x_wconf 83' lang='lat' dir='ltr'><strong>regiones</strong></span> 
     </span>
     <span class='ocr_line' id='line_1_38' title="bbox 334 3415 1403 3481; baseline 0.003 -18"><span class='ocrx_word' id='word_1_260' title='bbox 334 3420 390 3463; x_wconf 86' lang='lat' dir='ltr'><strong>et</strong></span> <span class='ocrx_word' id='word_1_261' title='bbox 429 3421 578 3464; x_wconf 88' lang='lat' dir='ltr'><strong>certa</strong></span> <span class='ocrx_word' id='word_1_262' title='bbox 614 3415 780 3477; x_wconf 85' lang='lat' dir='ltr'><strong>spatia</strong></span> <span class='ocrx_word' id='word_1_263' title='bbox 828 3416 1064 3479; x_wconf 87' lang='lat' dir='ltr'><strong>notabat,</strong></span> <span class='ocrx_word' id='word_1_264' title='bbox 1109 3417 1295 3481; x_wconf 89' lang='lat' dir='ltr'><strong>quibus</strong></span> <span class='ocrx_word' id='word_1_265' title='bbox 1330 3416 1403 3466; x_wconf 87' lang='lat' dir='ltr'><strong>vi·</strong></span> 
     </span>
     <span class='ocr_line' id='line_1_39' title="bbox 339 3487 1408 3554; baseline 0.003 -17"><span class='ocrx_word' id='word_1_266' title='bbox 339 3487 515 3537; x_wconf 86' lang='lat' dir='ltr'><strong>denda</strong></span> <span class='ocrx_word' id='word_1_267' title='bbox 559 3488 625 3537; x_wconf 87' lang='lat' dir='ltr'><strong>ad</strong></span> <span class='ocrx_word' id='word_1_268' title='bbox 673 3503 728 3537; x_wconf 90' lang='lat' dir='ltr'><strong>se</strong></span> <span class='ocrx_word' id='word_1_269' title='bbox 771 3490 1033 3553; x_wconf 86' lang='lat' dir='ltr'><strong>pertinere</strong></span> <span class='ocrx_word' id='word_1_270' title='bbox 1081 3489 1408 3554; x_wconf 78' lang='lat' dir='ltr'><strong>designabat,</strong></span> 
     </span>
     <span class='ocr_line' id='line_1_40' title="bbox 338 3559 1404 3617; baseline 0.003 -7"><span class='ocrx_word' id='word_1_271' title='bbox 338 3565 442 3612; x_wconf 69' lang='grc' dir='ltr'><strong>ὅτε.</strong></span> <span class='ocrx_word' id='word_1_272' title='bbox 489 3561 645 3612; x_wconf 84' lang='lat' dir='ltr'><strong>Alex.</strong></span> <span class='ocrx_word' id='word_1_273' title='bbox 671 3559 737 3612; x_wconf 89' lang='lat' dir='ltr'><strong>ab</strong></span> <span class='ocrx_word' id='word_1_274' title='bbox 762 3562 915 3614; x_wconf 85' lang='lat' dir='ltr'><strong>Alex.</strong></span> <span class='ocrx_word' id='word_1_275' title='bbox 940 3570 1061 3613; x_wconf 83' lang='lat' dir='ltr'><strong>ante</strong></span> <span class='ocrx_word' id='word_1_276' title='bbox 1092 3565 1183 3614; x_wconf 87' lang='lat' dir='ltr'><strong>cit.</strong></span> <span class='ocrx_word' id='word_1_277' title='bbox 1234 3565 1404 3617; x_wconf 81' lang='lat' dir='ltr'><strong>Quam</strong></span> 
     </span>
     <span class='ocr_line' id='line_1_41' title="bbox 338 3639 1405 3705; baseline 0.002 -18"><span class='ocrx_word' id='word_1_278' title='bbox 338 3653 464 3689; x_wconf 84' lang='lat' dir='ltr'><strong>vero</strong></span> <span class='ocrx_word' id='word_1_279' title='bbox 489 3640 668 3689; x_wconf 90' lang='lat' dir='ltr'><strong>mundi</strong></span> <span class='ocrx_word' id='word_1_280' title='bbox 692 3647 895 3705; x_wconf 86' lang='lat' dir='ltr'><strong>partem</strong></span> <span class='ocrx_word' id='word_1_281' title='bbox 920 3639 1194 3705; x_wconf 84' lang='lat' dir='ltr'><strong>spectabat</strong></span> <span class='ocrx_word' id='word_1_282' title='bbox 1211 3642 1405 3705; x_wconf 89' lang='lat' dir='ltr'><strong>augur?</strong></span> 
     </span>
     <span class='ocr_line' id='line_1_42' title="bbox 337 3715 1403 3781; baseline 0.001 -16"><span class='ocrx_word' id='word_1_283' title='bbox 337 3716 464 3765; x_wconf 84' lang='lat' dir='ltr'><strong>hinc</strong></span> <span class='ocrx_word' id='word_1_284' title='bbox 501 3718 636 3766; x_wconf 89' lang='lat' dir='ltr'><strong>enim</strong></span> <span class='ocrx_word' id='word_1_285' title='bbox 672 3717 867 3781; x_wconf 86' lang='lat' dir='ltr'><strong>pendet</strong></span> <span class='ocrx_word' id='word_1_286' title='bbox 903 3719 1179 3767; x_wconf 88' lang='lat' dir='ltr'><strong>multarum</strong></span> <span class='ocrx_word' id='word_1_287' title='bbox 1214 3715 1403 3767; x_wconf 79' lang='lat' dir='ltr'><strong>solutio</strong></span> 
     </span>
     <span class='ocr_line' id='line_1_43' title="bbox 339 3780 1404 3856; baseline 0.002 -15"><span class='ocrx_word' id='word_1_288' title='bbox 339 3793 714 3856; x_wconf 62' lang='lat' dir='ltr'><strong>questionumz</strong></span> <span class='ocrx_word' id='word_1_289' title='bbox 769 3793 1006 3842; x_wconf 88' lang='lat' dir='ltr'><strong>nimirum</strong></span> <span class='ocrx_word' id='word_1_290' title='bbox 1068 3780 1192 3841; x_wconf 76' lang='lat' dir='ltr'><strong>nbi‘</strong></span> <span class='ocrx_word' id='word_1_291' title='bbox 1217 3792 1404 3843; x_wconf 83' lang='lat' dir='ltr'><strong>dextra</strong></span> 
     </span>
     <span class='ocr_line' id='line_1_44' title="bbox 339 3866 1407 3932; baseline 0 -16"><span class='ocrx_word' id='word_1_292' title='bbox 339 3880 484 3932; x_wconf 87' lang='lat' dir='ltr'><strong>pars,</strong></span> <span class='ocrx_word' id='word_1_293' title='bbox 500 3869 586 3918; x_wconf 86' lang='lat' dir='ltr'><strong>nbi</strong></span> <span class='ocrx_word' id='word_1_294' title='bbox 611 3869 744 3919; x_wconf 79' lang='lat' dir='ltr'><strong>laeva</strong></span> <span class='ocrx_word' id='word_1_295' title='bbox 767 3866 1151 3928; x_wconf 79' lang='lat' dir='ltr'><strong>constituenda3</strong></span> <span class='ocrx_word' id='word_1_296' title='bbox 1175 3866 1407 3931; x_wconf 85' lang='lat' dir='ltr'><strong>adeoque</strong></span> 
     </span>
     <span class='ocr_line' id='line_1_45' title="bbox 341 3942 1408 4010; baseline -0.001 -18"><span class='ocrx_word' id='word_1_297' title='bbox 341 3943 482 4010; x_wconf 83' lang='lat' dir='ltr'><strong>quod</strong></span> <span class='ocrx_word' id='word_1_298' title='bbox 506 3943 656 4009; x_wconf 81' lang='lat' dir='ltr'><strong>felix,</strong></span> <span class='ocrx_word' id='word_1_299' title='bbox 675 3944 813 4010; x_wconf 89' lang='lat' dir='ltr'><strong>quod</strong></span> <span class='ocrx_word' id='word_1_300' title='bbox 837 3942 1021 3994; x_wconf 80' lang='lat' dir='ltr'><strong>infelix</strong></span> <span class='ocrx_word' id='word_1_301' title='bbox 1040 3956 1209 3994; x_wconf 88' lang='lat' dir='ltr'><strong>omen.</strong></span> <span class='ocrx_word' id='word_1_302' title='bbox 1246 3942 1408 3993; x_wconf 84' lang='lat' dir='ltr'><strong>Primi</strong></span> 
     </span>
     <span class='ocr_line' id='line_1_46' title="bbox 341 4020 1410 4084; baseline 0.001 -15"><span class='ocrx_word' id='word_1_303' title='bbox 341 4020 499 4070; x_wconf 85' lang='lat' dir='ltr'><strong>Rom.</strong></span> <span class='ocrx_word' id='word_1_304' title='bbox 534 4034 757 4084; x_wconf 80' lang='lat' dir='ltr'><strong>augures</strong></span> <span class='ocrx_word' id='word_1_305' title='bbox 792 4020 1063 4070; x_wconf 89' lang='lat' dir='ltr'><strong>Orientem</strong></span> <span class='ocrx_word' id='word_1_306' title='bbox 1103 4025 1410 4084; x_wconf 83' lang='lat' dir='ltr'><strong>spectarunt</strong></span> 
     </span>
     <span class='ocr_line' id='line_1_47' title="bbox 340 4096 1410 4149; baseline -0.001 -2"><span class='ocrx_word' id='word_1_307' title='bbox 340 4097 411 4148; x_wconf 77' lang='lat' dir='ltr'><strong>ab</strong></span> <span class='ocrx_word' id='word_1_308' title='bbox 434 4096 656 4148; x_wconf 85' lang='lat' dir='ltr'><strong>Albanis</strong></span> <span class='ocrx_word' id='word_1_309' title='bbox 687 4104 744 4149; x_wconf 86' lang='lat' dir='ltr'><strong>et</strong></span> <span class='ocrx_word' id='word_1_310' title='bbox 775 4097 975 4148; x_wconf 81' lang='lat' dir='ltr'><strong>Latinis</strong></span> <span class='ocrx_word' id='word_1_311' title='bbox 999 4097 1194 4147; x_wconf 82' lang='lat' dir='ltr'><strong>edocti.</strong></span> <span class='ocrx_word' id='word_1_312' title='bbox 1246 4097 1410 4147; x_wconf 87' lang='lat' dir='ltr'><strong>Patet</strong></span> 
     </span>
     <span class='ocr_line' id='line_1_48' title="bbox 343 4174 1408 4241; baseline 0 -17"><span class='ocrx_word' id='word_1_313' title='bbox 343 4188 412 4224; x_wconf 83' lang='lat' dir='ltr'><strong>ex</strong></span> <span class='ocrx_word' id='word_1_314' title='bbox 446 4174 631 4241; x_wconf 84' lang='lat' dir='ltr'><strong>virgil.</strong></span> <span class='ocrx_word' id='word_1_315' title='bbox 652 4174 855 4225; x_wconf 84' lang='lat' dir='ltr'><strong>AEneid.</strong></span> <span class='ocrx_word' id='word_1_316' title='bbox 878 4188 1000 4225; x_wconf 86' lang='lat' dir='ltr'><strong>vm.</strong></span> <span class='ocrx_word' id='word_1_317' title='bbox 1023 4179 1106 4225; x_wconf 80' lang='grc'><strong>68.</strong></span> <span class='ocrx_word' id='word_1_318' title='bbox 1129 4180 1185 4225; x_wconf 89' lang='lat' dir='ltr'><strong>et</strong></span> <span class='ocrx_word' id='word_1_319' title='bbox 1203 4174 1408 4225; x_wconf 84' lang='lat' dir='ltr'><strong>AEneid.</strong></span> 
     </span>
     <span class='ocr_line' id='line_1_49' title="bbox 346 4244 1410 4318; baseline 0.005 -19"><span class='ocrx_word' id='word_1_320' title='bbox 346 4264 455 4300; x_wconf 79' lang='lat' dir='ltr'><strong>xn-</strong></span> <span class='ocrx_word' id='word_1_321' title='bbox 480 4254 596 4306; x_wconf 81' lang='lat'><strong>172.</strong></span> <span class='ocrx_word' id='word_1_322' title='bbox 650 4251 880 4304; x_wconf 84' lang='lat' dir='ltr'><strong>Subinde</strong></span> <span class='ocrx_word' id='word_1_323' title='bbox 919 4244 1063 4318; x_wconf 62' lang='lat' dir='ltr'><strong>vcro,</strong></span> <span class='ocrx_word' id='word_1_324' title='bbox 1096 4266 1161 4303; x_wconf 85' lang='lat' dir='ltr'><strong>ex</strong></span> <span class='ocrx_word' id='word_1_325' title='bbox 1184 4252 1410 4304; x_wconf 83' lang='lat' dir='ltr'><strong>Etrusca</strong></span> 
     </span>
    </p>
   </div>
   <div class='ocr_carea' id='block_1_12' title="bbox 1472 1878 2552 4319">
    <p class='ocr_par' dir='ltr' id='par_1_12' title="bbox 1472 1878 2551 3630">
     <span class='ocr_line' id='line_1_50' title="bbox 1472 1878 2536 1944; baseline -0.003 -15"><span class='ocrx_word' id='word_1_326' title='bbox 1472 1880 1770 1944; x_wconf 86' lang='lat' dir='ltr'><strong>disciplina,</strong></span> <span class='ocrx_word' id='word_1_327' title='bbox 1835 1881 1898 1931; x_wconf 90' lang='lat' dir='ltr'><strong>ad</strong></span> <span class='ocrx_word' id='word_1_328' title='bbox 1966 1879 2242 1931; x_wconf 85' lang='lat' dir='ltr'><strong>Meridiem</strong></span> <span class='ocrx_word' id='word_1_329' title='bbox 2297 1878 2536 1928; x_wconf 81' lang='lat' dir='ltr'><strong>conversi</strong></span> 
     </span>
     <span class='ocr_line' id='line_1_51' title="bbox 1472 1955 2536 2021; baseline -0.002 -14"><span class='ocrx_word' id='word_1_330' title='bbox 1472 1971 1623 2007; x_wconf 86' lang='lat' dir='ltr'><strong>omen</strong></span> <span class='ocrx_word' id='word_1_331' title='bbox 1647 1956 1921 2021; x_wconf 85' lang='lat' dir='ltr'><strong>capiebant</strong></span> <span class='ocrx_word' id='word_1_332' title='bbox 1955 1965 2010 2008; x_wconf 88' lang='lat' dir='ltr'><strong>et</strong></span> <span class='ocrx_word' id='word_1_333' title='bbox 2044 1958 2344 2021; x_wconf 84' lang='lat' dir='ltr'><strong>auspicium.</strong></span> <span class='ocrx_word' id='word_1_334' title='bbox 2402 1955 2536 2005; x_wconf 86' lang='lat' dir='ltr'><strong>Vide</strong></span> 
     </span>
     <span class='ocr_line' id='line_1_52' title="bbox 1472 2032 2535 2084; baseline -0.002 -1"><span class='ocrx_word' id='word_1_335' title='bbox 1472 2035 1691 2084; x_wconf 85' lang='lat' dir='ltr'><strong>Varron.</strong></span> <span class='ocrx_word' id='word_1_336' title='bbox 1738 2034 1826 2084; x_wconf 90' lang='lat' dir='ltr'><strong>lib.</strong></span> <span class='ocrx_word' id='word_1_337' title='bbox 1866 2049 1943 2084; x_wconf 79' lang='lat' dir='ltr'><strong>vr.</strong></span> <span class='ocrx_word' id='word_1_338' title='bbox 1982 2034 2119 2084; x_wconf 89' lang='lat' dir='ltr'><strong>Plin.</strong></span> <span class='ocrx_word' id='word_1_339' title='bbox 2159 2048 2219 2082; x_wconf 84' lang='lat' dir='ltr'><strong>n.</strong></span> <span class='ocrx_word' id='word_1_340' title='bbox 2264 2037 2346 2082; x_wconf 78' lang='lat'><strong>54.</strong></span> <span class='ocrx_word' id='word_1_341' title='bbox 2402 2032 2535 2084; x_wconf 77' lang='lat' dir='ltr'><strong>Quae</strong></span> 
     </span>
     <span class='ocr_line' id='line_1_53' title="bbox 1472 2109 2537 2162; baseline -0.004 -1"><span class='ocrx_word' id='word_1_342' title='bbox 1472 2125 1589 2161; x_wconf 89' lang='lat' dir='ltr'><strong>cum</strong></span> <span class='ocrx_word' id='word_1_343' title='bbox 1614 2111 1685 2161; x_wconf 83' lang='lat' dir='ltr'><strong>ita</strong></span> <span class='ocrx_word' id='word_1_344' title='bbox 1724 2111 1831 2162; x_wconf 87' lang='lat' dir='ltr'><strong>sint</strong></span> <span class='ocrx_word' id='word_1_345' title='bbox 1863 2118 2009 2161; x_wconf 89' lang='lat' dir='ltr'><strong>ortus</strong></span> <span class='ocrx_word' id='word_1_346' title='bbox 2047 2110 2178 2160; x_wconf 86' lang='lat' dir='ltr'><strong>Solis</strong></span> <span class='ocrx_word' id='word_1_347' title='bbox 2215 2118 2327 2159; x_wconf 85' lang='lat' dir='ltr'><strong>erat</strong></span> <span class='ocrx_word' id='word_1_348' title='bbox 2359 2109 2433 2159; x_wconf 88' lang='lat' dir='ltr'><strong>eis</strong></span> <span class='ocrx_word' id='word_1_349' title='bbox 2470 2109 2537 2158; x_wconf 88' lang='lat' dir='ltr'><strong>ad</strong></span> 
     </span>
     <span class='ocr_line' id='line_1_54' title="bbox 1472 2186 2538 2250; baseline -0.001 -14"><span class='ocrx_word' id='word_1_350' title='bbox 1472 2188 1680 2248; x_wconf 81' lang='lat' dir='ltr'><strong>laevam,</strong></span> <span class='ocrx_word' id='word_1_351' title='bbox 1723 2201 1938 2237; x_wconf 87' lang='lat' dir='ltr'><strong>occasus</strong></span> <span class='ocrx_word' id='word_1_352' title='bbox 1982 2187 2046 2236; x_wconf 87' lang='lat' dir='ltr'><strong>ad</strong></span> <span class='ocrx_word' id='word_1_353' title='bbox 2093 2186 2364 2236; x_wconf 82' lang='lat' dir='ltr'><strong>dextram:</strong></span> <span class='ocrx_word' id='word_1_354' title='bbox 2413 2200 2538 2250; x_wconf 89' lang='lat' dir='ltr'><strong>ergo</strong></span> 
     </span>
     <span class='ocr_line' id='line_1_55' title="bbox 1476 2262 2538 2329; baseline -0.002 -17"><span class='ocrx_word' id='word_1_355' title='bbox 1476 2263 1618 2329; x_wconf 89' lang='lat' dir='ltr'><strong>quod</strong></span> <span class='ocrx_word' id='word_1_356' title='bbox 1658 2277 1777 2313; x_wconf 83' lang='lat' dir='ltr'><strong>mox</strong></span> <span class='ocrx_word' id='word_1_357' title='bbox 1799 2266 1872 2314; x_wconf 87' lang='lat' dir='ltr'><strong>ait</strong></span> <span class='ocrx_word' id='word_1_358' title='bbox 1897 2264 2168 2327; x_wconf 68' lang='lat' dir='ltr'><strong>Horatius,</strong></span> <span class='ocrx_word' id='word_1_359' title='bbox 2198 2265 2214 2291; x_wconf 90' lang='lat'>‘</span> <span class='ocrx_word' id='word_1_360' title='bbox 2238 2277 2448 2312; x_wconf 87' lang='lat' dir='ltr'><strong>corvum</strong></span> <span class='ocrx_word' id='word_1_361' title='bbox 2472 2262 2538 2310; x_wconf 89' lang='lat' dir='ltr'><strong>ab</strong></span> 
     </span>
     <span class='ocr_line' id='line_1_56' title="bbox 1477 2336 2538 2403; baseline -0.001 -15"><span class='ocrx_word' id='word_1_362' title='bbox 1477 2346 1597 2389; x_wconf 89' lang='lat' dir='ltr'><strong>ortu</strong></span> <span class='ocrx_word' id='word_1_363' title='bbox 1626 2339 1760 2389; x_wconf 87' lang='lat' dir='ltr'><strong>Solis</strong></span> <span class='ocrx_word' id='word_1_364' title='bbox 1797 2339 2060 2403; x_wconf 81' lang='lat' dir='ltr'><strong>oscinem,’</strong></span> <span class='ocrx_word' id='word_1_365' title='bbox 2104 2341 2364 2389; x_wconf 87' lang='lat' dir='ltr'><strong>sinistrum</strong></span> <span class='ocrx_word' id='word_1_366' title='bbox 2406 2336 2538 2387; x_wconf 83' lang='lat' dir='ltr'><strong>infe·</strong></span> 
     </span>
     <span class='ocr_line' id='line_1_57' title="bbox 1473 2406 2538 2481; baseline -0.001 -16"><span class='ocrx_word' id='word_1_367' title='bbox 1473 2417 1652 2481; x_wconf 86' lang='lat' dir='ltr'><strong>lixque</strong></span> <span class='ocrx_word' id='word_1_368' title='bbox 1671 2418 1942 2480; x_wconf 84' lang='lat' dir='ltr'><strong>angurium</strong></span> <span class='ocrx_word' id='word_1_369' title='bbox 1958 2417 2189 2467; x_wconf 84' lang='lat' dir='ltr'><strong>denotat.</strong></span> <span class='ocrx_word' id='word_1_370' title='bbox 2222 2406 2376 2466; x_wconf 67' lang='lat' dir='ltr'><strong>A&#39;dde</strong></span> <span class='ocrx_word' id='word_1_371' title='bbox 2402 2415 2538 2479; x_wconf 86' lang='lat' dir='ltr'><strong>quod</strong></span> 
     </span>
     <span class='ocr_line' id='line_1_58' title="bbox 1478 2492 2542 2557; baseline -0.003 -14"><span class='ocrx_word' id='word_1_372' title='bbox 1478 2494 1634 2557; x_wconf 85' lang='lat' dir='ltr'><strong>vulgo</strong></span> <span class='ocrx_word' id='word_1_373' title='bbox 1658 2493 1976 2557; x_wconf 80' lang='lat' dir='ltr'><strong>putabantur</strong></span> <span class='ocrx_word' id='word_1_374' title='bbox 2000 2494 2229 2557; x_wconf 85' lang='lat' dir='ltr'><strong>auspicia</strong></span> <span class='ocrx_word' id='word_1_375' title='bbox 2250 2492 2391 2541; x_wconf 88' lang='lat' dir='ltr'><strong>corvi</strong></span> <span class='ocrx_word' id='word_1_376' title='bbox 2413 2492 2542 2541; x_wconf 81' lang='lat' dir='ltr'><strong>dex-</strong></span> 
     </span>
     <span class='ocr_line' id='line_1_59' title="bbox 1479 2564 2540 2629; baseline -0.004 -8"><span class='ocrx_word' id='word_1_377' title='bbox 1479 2571 1549 2621; x_wconf 88' lang='lat' dir='ltr'><strong>tri</strong></span> <span class='ocrx_word' id='word_1_378' title='bbox 1592 2564 1781 2629; x_wconf 80' lang='lat' dir='ltr'><strong>fausta,</strong></span> <span class='ocrx_word' id='word_1_379' title='bbox 1831 2570 1951 2619; x_wconf 81' lang='lat' dir='ltr'><strong>laevi</strong></span> <span class='ocrx_word' id='word_1_380' title='bbox 2005 2570 2259 2619; x_wconf 83' lang='lat' dir='ltr'><strong>infelicia:</strong></span> <span class='ocrx_word' id='word_1_381' title='bbox 2318 2568 2540 2618; x_wconf 86' lang='lat' dir='ltr'><strong>cornicis</strong></span> 
     </span>
     <span class='ocr_line' id='line_1_60' title="bbox 1478 2644 2542 2697; baseline -0.001 -2"><span class='ocrx_word' id='word_1_382' title='bbox 1478 2653 1680 2696; x_wconf 86' lang='lat' dir='ltr'><strong>contra.</strong></span> <span class='ocrx_word' id='word_1_383' title='bbox 1720 2647 1893 2697; x_wconf 85' lang='lat' dir='ltr'><strong>Plaut.</strong></span> <span class='ocrx_word' id='word_1_384' title='bbox 1928 2646 2136 2697; x_wconf 87' lang='lat' dir='ltr'><strong>Asinar.</strong></span> <span class='ocrx_word' id='word_1_385' title='bbox 2176 2644 2312 2695; x_wconf 88' lang='lat' dir='ltr'><strong>infra</strong></span> <span class='ocrx_word' id='word_1_386' title='bbox 2347 2644 2542 2694; x_wconf 88' lang='lat' dir='ltr'><strong>citand.</strong></span> 
     </span>
     <span class='ocr_line' id='line_1_61' title="bbox 1480 2721 2541 2774; baseline -0.002 -3"><span class='ocrx_word' id='word_1_387' title='bbox 1480 2723 1620 2772; x_wconf 87' lang='lat' dir='ltr'><strong>Item</strong></span> <span class='ocrx_word' id='word_1_388' title='bbox 1644 2721 1817 2773; x_wconf 90' lang='lat' dir='ltr'><strong>Aulul.</strong></span> <span class='ocrx_word' id='word_1_389' title='bbox 1838 2724 1990 2774; x_wconf 89' lang='lat' dir='ltr'><strong>Scen.</strong></span> <span class='ocrx_word' id='word_1_390' title='bbox 2024 2727 2106 2773; x_wconf 81' lang='grc'><strong>20.</strong></span> <span class='ocrx_word' id='word_1_391' title='bbox 2157 2724 2171 2751; x_wconf 87' lang='lat'>‘</span> <span class='ocrx_word' id='word_1_392' title='bbox 2199 2724 2317 2773; x_wconf 87' lang='lat' dir='ltr'><strong>Non</strong></span> <span class='ocrx_word' id='word_1_393' title='bbox 2342 2730 2541 2771; x_wconf 89' lang='lat' dir='ltr'><strong>temere</strong></span> 
     </span>
     <span class='ocr_line' id='line_1_62' title="bbox 1482 2797 2542 2865; baseline -0.002 -17"><span class='ocrx_word' id='word_1_394' title='bbox 1482 2807 1565 2848; x_wconf 88' lang='lat' dir='ltr'><strong>est</strong></span> <span class='ocrx_word' id='word_1_395' title='bbox 1587 2800 1720 2865; x_wconf 87' lang='lat' dir='ltr'><strong>quod</strong></span> <span class='ocrx_word' id='word_1_396' title='bbox 1747 2814 1933 2850; x_wconf 84' lang='lat' dir='ltr'><strong>corvus</strong></span> <span class='ocrx_word' id='word_1_397' title='bbox 1957 2807 2135 2851; x_wconf 87' lang='lat' dir='ltr'><strong>cantat</strong></span> <span class='ocrx_word' id='word_1_398' title='bbox 2171 2800 2290 2848; x_wconf 86' lang='lat' dir='ltr'><strong>mihi</strong></span> <span class='ocrx_word' id='word_1_399' title='bbox 2316 2812 2452 2847; x_wconf 91' lang='lat' dir='ltr'><strong>nunc</strong></span> <span class='ocrx_word' id='word_1_400' title='bbox 2476 2797 2542 2846; x_wconf 90' lang='lat' dir='ltr'><strong>ab</strong></span> 
     </span>
     <span class='ocr_line' id='line_1_63' title="bbox 1481 2873 2544 2941; baseline -0.005 -16"><span class='ocrx_word' id='word_1_401' title='bbox 1481 2877 1618 2926; x_wconf 80' lang='lat' dir='ltr'><strong>laeva</strong></span> <span class='ocrx_word' id='word_1_402' title='bbox 1652 2877 1846 2941; x_wconf 86' lang='lat' dir='ltr'><strong>manu,’</strong></span> <span class='ocrx_word' id='word_1_403' title='bbox 1883 2881 1983 2928; x_wconf 88' lang='lat' dir='ltr'><strong>&amp;c.</strong></span> <span class='ocrx_word' id='word_1_404' title='bbox 2037 2876 2150 2927; x_wconf 90' lang='lat' dir='ltr'><strong>Cic.</strong></span> <span class='ocrx_word' id='word_1_405' title='bbox 2187 2877 2253 2924; x_wconf 87' lang='lat' dir='ltr'><strong>de</strong></span> <span class='ocrx_word' id='word_1_406' title='bbox 2290 2873 2461 2924; x_wconf 80' lang='lat' dir='ltr'><strong>Divin.</strong></span> <span class='ocrx_word' id='word_1_407' title='bbox 2498 2877 2544 2923; x_wconf 86' lang='lat'><strong>1.</strong></span> 
     </span>
     <span class='ocr_line' id='line_1_64' title="bbox 1479 2952 2544 3019; baseline -0.005 -14"><span class='ocrx_word' id='word_1_408' title='bbox 1479 2955 1496 2982; x_wconf 85' lang='lat'>‘</span> <span class='ocrx_word' id='word_1_409' title='bbox 1523 2952 1662 3005; x_wconf 81' lang='lat' dir='ltr'><strong>Quid</strong></span> <span class='ocrx_word' id='word_1_410' title='bbox 1691 2968 1877 3019; x_wconf 83' lang='lat' dir='ltr'><strong>augur,</strong></span> <span class='ocrx_word' id='word_1_411' title='bbox 1900 2969 1991 3003; x_wconf 90' lang='lat' dir='ltr'><strong>cur</strong></span> <span class='ocrx_word' id='word_1_412' title='bbox 2010 2969 2039 3004; x_wconf 85' lang='lat' dir='ltr'><strong>a</strong></span> <span class='ocrx_word' id='word_1_413' title='bbox 2060 2953 2246 3003; x_wconf 82' lang='lat' dir='ltr'><strong>dextra</strong></span> <span class='ocrx_word' id='word_1_414' title='bbox 2273 2965 2478 3013; x_wconf 71' lang='lat' dir='ltr'><strong>corvus,</strong></span> <span class='ocrx_word' id='word_1_415' title='bbox 2513 2965 2544 3000; x_wconf 79' lang='lat' dir='ltr'><strong>a</strong></span> 
     </span>
     <span class='ocr_line' id='line_1_65' title="bbox 1481 3028 2544 3080; baseline -0.003 -2"><span class='ocrx_word' id='word_1_416' title='bbox 1481 3031 1690 3079; x_wconf 87' lang='lat' dir='ltr'><strong>sinistra</strong></span> <span class='ocrx_word' id='word_1_417' title='bbox 1712 3030 1892 3080; x_wconf 87' lang='lat' dir='ltr'><strong>cornix</strong></span> <span class='ocrx_word' id='word_1_418' title='bbox 1914 3029 2077 3080; x_wconf 85' lang='lat' dir='ltr'><strong>faciat</strong></span> <span class='ocrx_word' id='word_1_419' title='bbox 2099 3040 2263 3079; x_wconf 83' lang='lat' dir='ltr'><strong>ratum</strong></span> <span class='ocrx_word' id='word_1_420' title='bbox 2283 3028 2329 3078; x_wconf 82' lang='lat'><strong>?&#39;</strong></span> <span class='ocrx_word' id='word_1_421' title='bbox 2367 3028 2438 3077; x_wconf 90' lang='lat' dir='ltr'><strong>Et</strong></span> <span class='ocrx_word' id='word_1_422' title='bbox 2456 3041 2544 3075; x_wconf 90' lang='lat' dir='ltr'><strong>an-</strong></span> 
     </span>
     <span class='ocr_line' id='line_1_66' title="bbox 1483 3104 2545 3178; baseline -0.001 -23"><span class='ocrx_word' id='word_1_423' title='bbox 1483 3113 1605 3156; x_wconf 89' lang='lat' dir='ltr'><strong>tea:</strong></span> <span class='ocrx_word' id='word_1_424' title='bbox 1643 3109 1660 3136; x_wconf 91' lang='lat'>‘</span> <span class='ocrx_word' id='word_1_425' title='bbox 1685 3107 1951 3178; x_wconf 78' lang='lat' dir='ltr'><strong>Panaetius</strong></span> <span class='ocrx_word' id='word_1_426' title='bbox 2001 3106 2219 3171; x_wconf 83' lang='lat' dir='ltr'><strong>requirit</strong></span> <span class='ocrx_word' id='word_1_427' title='bbox 2261 3104 2545 3169; x_wconf 82' lang='lat' dir='ltr'><strong>Jupiterne</strong></span> 
     </span>
     <span class='ocr_line' id='line_1_67' title="bbox 1482 3179 2545 3245; baseline -0.004 -11"><span class='ocrx_word' id='word_1_428' title='bbox 1482 3185 1739 3234; x_wconf 85' lang='lat' dir='ltr'><strong>cornicem</strong></span> <span class='ocrx_word' id='word_1_429' title='bbox 1781 3198 1811 3232; x_wconf 90' lang='lat' dir='ltr'><strong>a</strong></span> <span class='ocrx_word' id='word_1_430' title='bbox 1846 3185 1994 3245; x_wconf 77' lang='lat' dir='ltr'><strong>laeva,</strong></span> <span class='ocrx_word' id='word_1_431' title='bbox 2037 3198 2249 3233; x_wconf 85' lang='lat' dir='ltr'><strong>corvum</strong></span> <span class='ocrx_word' id='word_1_432' title='bbox 2288 3198 2317 3231; x_wconf 89' lang='lat' dir='ltr'><strong>a</strong></span> <span class='ocrx_word' id='word_1_433' title='bbox 2355 3179 2545 3231; x_wconf 82' lang='lat' dir='ltr'><strong>dextra</strong></span> 
     </span>
     <span class='ocr_line' id='line_1_68' title="bbox 1480 3258 2542 3324; baseline -0.002 -15"><span class='ocrx_word' id='word_1_434' title='bbox 1480 3274 1670 3309; x_wconf 85' lang='lat' dir='ltr'><strong>canere</strong></span> <span class='ocrx_word' id='word_1_435' title='bbox 1684 3258 1964 3324; x_wconf 89' lang='lat' dir='ltr'><strong>jussisset.’</strong></span> <span class='ocrx_word' id='word_1_436' title='bbox 1995 3261 2065 3310; x_wconf 88' lang='lat' dir='ltr'><strong>Et</strong></span> <span class='ocrx_word' id='word_1_437' title='bbox 2083 3258 2150 3308; x_wconf 91' lang='lat' dir='ltr'><strong>de</strong></span> <span class='ocrx_word' id='word_1_438' title='bbox 2175 3259 2353 3308; x_wconf 81' lang='lat' dir='ltr'><strong>Divin.</strong></span> <span class='ocrx_word' id='word_1_439' title='bbox 2373 3270 2436 3306; x_wconf 85' lang='lat' dir='ltr'><strong>n.</strong></span> <span class='ocrx_word' id='word_1_440' title='bbox 2458 3260 2542 3307; x_wconf 88' lang='grc'><strong>81.</strong></span> 
     </span>
     <span class='ocr_line' id='line_1_69' title="bbox 1477 3332 2548 3396; baseline -0.005 -9"><span class='ocrx_word' id='word_1_441' title='bbox 1477 3337 1494 3367; x_wconf 86' lang='lat'>‘</span> <span class='ocrx_word' id='word_1_442' title='bbox 1522 3337 1630 3387; x_wconf 90' lang='lat' dir='ltr'><strong>Cur</strong></span> <span class='ocrx_word' id='word_1_443' title='bbox 1662 3337 1774 3387; x_wconf 85' lang='lat' dir='ltr'><strong>aliis</strong></span> <span class='ocrx_word' id='word_1_444' title='bbox 1811 3352 1841 3385; x_wconf 98' lang='lat' dir='ltr'><strong>a</strong></span> <span class='ocrx_word' id='word_1_445' title='bbox 1877 3336 2087 3396; x_wconf 85' lang='lat' dir='ltr'><strong>dextra,</strong></span> <span class='ocrx_word' id='word_1_446' title='bbox 2120 3335 2230 3384; x_wconf 86' lang='lat' dir='ltr'><strong>aliis</strong></span> <span class='ocrx_word' id='word_1_447' title='bbox 2254 3349 2287 3383; x_wconf 89' lang='lat' dir='ltr'><strong>a</strong></span> <span class='ocrx_word' id='word_1_448' title='bbox 2307 3336 2436 3382; x_wconf 82' lang='lat' dir='ltr'><strong>laeva</strong></span> <span class='ocrx_word' id='word_1_449' title='bbox 2455 3332 2548 3382; x_wconf 84' lang='lat' dir='ltr'><strong>da·</strong></span> 
     </span>
     <span class='ocr_line' id='line_1_70' title="bbox 1482 3408 2545 3473; baseline -0.004 -12"><span class='ocrx_word' id='word_1_450' title='bbox 1482 3418 1593 3462; x_wconf 91' lang='lat' dir='ltr'><strong>tum</strong></span> <span class='ocrx_word' id='word_1_451' title='bbox 1630 3418 1714 3461; x_wconf 88' lang='lat' dir='ltr'><strong>est</strong></span> <span class='ocrx_word' id='word_1_452' title='bbox 1748 3411 1946 3471; x_wconf 83' lang='lat' dir='ltr'><strong>avibus,</strong></span> <span class='ocrx_word' id='word_1_453' title='bbox 1983 3416 2041 3459; x_wconf 91' lang='lat' dir='ltr'><strong>ut</strong></span> <span class='ocrx_word' id='word_1_454' title='bbox 2066 3418 2232 3459; x_wconf 83' lang='lat' dir='ltr'><strong>ratum</strong></span> <span class='ocrx_word' id='word_1_455' title='bbox 2256 3408 2545 3473; x_wconf 86' lang='lat' dir='ltr'><strong>auspicium</strong></span> 
     </span>
     <span class='ocr_line' id='line_1_71' title="bbox 1481 3484 2548 3552; baseline -0.006 -13"><span class='ocrx_word' id='word_1_456' title='bbox 1481 3488 1659 3539; x_wconf 83' lang='lat' dir='ltr'><strong>facere</strong></span> <span class='ocrx_word' id='word_1_457' title='bbox 1713 3486 1972 3552; x_wconf 85' lang='lat' dir='ltr'><strong>possint?&#39;</strong></span> <span class='ocrx_word' id='word_1_458' title='bbox 2034 3486 2231 3534; x_wconf 89' lang='lat' dir='ltr'><strong>Verum</strong></span> <span class='ocrx_word' id='word_1_459' title='bbox 2283 3484 2548 3533; x_wconf 83' lang='lat' dir='ltr'><strong>enimvero</strong></span> 
     </span>
     <span class='ocr_line' id='line_1_72' title="bbox 1481 3556 2551 3630; baseline -0.009 -14"><span class='ocrx_word' id='word_1_460' title='bbox 1481 3574 1497 3596; x_wconf 75' lang='lat'>⁸</span> <span class='ocrx_word' id='word_1_461' title='bbox 1521 3580 1709 3630; x_wconf 86' lang='lat' dir='ltr'><strong>magna</strong></span> <span class='ocrx_word' id='word_1_462' title='bbox 1732 3565 1885 3629; x_wconf 77' lang='lat' dir='ltr'><strong>liujus</strong></span> <span class='ocrx_word' id='word_1_463' title='bbox 1909 3561 2284 3613; x_wconf 83' lang='lat' dir='ltr'><strong>observationis</strong></span> <span class='ocrx_word' id='word_1_464' title='bbox 2315 3556 2551 3619; x_wconf 81' lang='lat' dir='ltr'><strong>vanitas,&#39;</strong></span> 
     </span>
    </p>

    <p class='ocr_par' dir='ltr' id='par_1_13' title="bbox 1481 3633 2552 4319">
     <span class='ocr_line' id='line_1_73' title="bbox 1519 3633 2547 3707; baseline -0.008 -16"><span class='ocrx_word' id='word_1_465' title='bbox 1519 3648 1542 3691; x_wconf 89' lang='lat' dir='ltr'><strong>t</strong></span> <span class='ocrx_word' id='word_1_466' title='bbox 1567 3643 1640 3693; x_wconf 91' lang='lat' dir='ltr'><strong>ait</strong></span> <span class='ocrx_word' id='word_1_467' title='bbox 1661 3642 1775 3707; x_wconf 87' lang='lat' dir='ltr'><strong>ipse</strong></span> <span class='ocrx_word' id='word_1_468' title='bbox 1797 3640 1936 3690; x_wconf 86' lang='lat' dir='ltr'><strong>Plin.</strong></span> <span class='ocrx_word' id='word_1_469' title='bbox 1970 3653 2088 3688; x_wconf 87' lang='lat' dir='ltr'><strong>mox</strong></span> <span class='ocrx_word' id='word_1_470' title='bbox 2122 3637 2212 3686; x_wconf 84' lang='lat' dir='ltr'><strong>cit.</strong></span> <span class='ocrx_word' id='word_1_471' title='bbox 2251 3637 2323 3685; x_wconf 90' lang='lat' dir='ltr'><strong>Et</strong></span> <span class='ocrx_word' id='word_1_472' title='bbox 2345 3634 2455 3685; x_wconf 89' lang='lat' dir='ltr'><strong>Cic.</strong></span> <span class='ocrx_word' id='word_1_473' title='bbox 2478 3633 2547 3683; x_wconf 89' lang='lat' dir='ltr'><strong>de</strong></span> 
     </span>
     <span class='ocr_line' id='line_1_74' title="bbox 1481 3658 2549 3769; baseline -0.008 -2"><span class='ocrx_word' id='word_1_474' title='bbox 1481 3658 1658 3768; x_wconf 52' lang='grc' dir='ltr'>ἱίνίιι.</span> <span class='ocrx_word' id='word_1_475' title='bbox 1678 3732 1744 3769; x_wconf 84' lang='lat' dir='ltr'><strong>u.</strong></span> <span class='ocrx_word' id='word_1_476' title='bbox 1768 3722 1849 3768; x_wconf 80' lang='grc'><strong>82.</strong></span> <span class='ocrx_word' id='word_1_477' title='bbox 1898 3719 1915 3745; x_wconf 83' lang='lat'><strong><em>⁴</em></strong></span> <span class='ocrx_word' id='word_1_478' title='bbox 1938 3717 2070 3769; x_wconf 80' lang='lat' dir='ltr'><strong>Quae</strong></span> <span class='ocrx_word' id='word_1_479' title='bbox 2103 3718 2272 3763; x_wconf 86' lang='lat' dir='ltr'><strong>autem</strong></span> <span class='ocrx_word' id='word_1_480' title='bbox 2308 3718 2389 3761; x_wconf 87' lang='lat' dir='ltr'><strong>est</strong></span> <span class='ocrx_word' id='word_1_481' title='bbox 2409 3710 2549 3759; x_wconf 87' lang='lat' dir='ltr'><strong>inter</strong></span> 
     </span>
     <span class='ocr_line' id='line_1_75' title="bbox 1485 3791 2549 3860; baseline -0.008 -17"><span class='ocrx_word' id='word_1_482' title='bbox 1485 3795 1724 3860; x_wconf 82' lang='lat' dir='ltr'><strong>Augures</strong></span> <span class='ocrx_word' id='word_1_483' title='bbox 1739 3794 2050 3845; x_wconf 80' lang='lat' dir='ltr'><strong>conveniens</strong></span> <span class='ocrx_word' id='word_1_484' title='bbox 2064 3799 2117 3841; x_wconf 92' lang='lat' dir='ltr'><strong>et</strong></span> <span class='ocrx_word' id='word_1_485' title='bbox 2136 3791 2252 3853; x_wconf 88' lang='lat' dir='ltr'><strong>conj</strong></span> <span class='ocrx_word' id='word_1_486' title='bbox 2260 3794 2410 3838; x_wconf 89' lang='lat' dir='ltr'><strong>uncta</strong></span> <span class='ocrx_word' id='word_1_487' title='bbox 2425 3800 2549 3836; x_wconf 90' lang='lat' dir='ltr'><strong>con-</strong></span> 
     </span>
     <span class='ocr_line' id='line_1_76' title="bbox 1487 3867 2550 3933; baseline -0.008 -14"><span class='ocrx_word' id='word_1_488' title='bbox 1487 3871 1715 3920; x_wconf 87' lang='lat' dir='ltr'><strong>stantia?</strong></span> <span class='ocrx_word' id='word_1_489' title='bbox 1760 3870 1846 3920; x_wconf 86' lang='lat' dir='ltr'><strong>Ad</strong></span> <span class='ocrx_word' id='word_1_490' title='bbox 1870 3870 2033 3919; x_wconf 87' lang='lat' dir='ltr'><strong>nostri</strong></span> <span class='ocrx_word' id='word_1_491' title='bbox 2056 3867 2253 3933; x_wconf 84' lang='lat' dir='ltr'><strong>augurii</strong></span> <span class='ocrx_word' id='word_1_492' title='bbox 2276 3869 2550 3915; x_wconf 89' lang='lat' dir='ltr'><strong>consuetu-</strong></span> 
     </span>
     <span class='ocr_line' id='line_1_77' title="bbox 1488 3939 2551 3995; baseline -0.004 -1"><span class='ocrx_word' id='word_1_493' title='bbox 1488 3945 1659 3995; x_wconf 89' lang='lat' dir='ltr'><strong>dinem</strong></span> <span class='ocrx_word' id='word_1_494' title='bbox 1701 3946 1836 3995; x_wconf 83' lang='lat' dir='ltr'><strong>dixit</strong></span> <span class='ocrx_word' id='word_1_495' title='bbox 1879 3945 2106 3994; x_wconf 81' lang='lat' dir='ltr'><strong>Ennius:</strong></span> <span class='ocrx_word' id='word_1_496' title='bbox 2162 3951 2178 3974; x_wconf 82' lang='grc'><em>·</em></span> <span class='ocrx_word' id='word_1_497' title='bbox 2204 3943 2333 3993; x_wconf 89' lang='lat' dir='ltr'><strong>Cum</strong></span> <span class='ocrx_word' id='word_1_498' title='bbox 2380 3939 2551 3991; x_wconf 90' lang='lat' dir='ltr'><strong>tonuit</strong></span> 
     </span>
     <span class='ocr_line' id='line_1_78' title="bbox 1488 4016 2551 4084; baseline -0.005 -14"><span class='ocrx_word' id='word_1_499' title='bbox 1488 4022 1674 4070; x_wconf 79' lang='lat' dir='ltr'><strong>laevum</strong></span> <span class='ocrx_word' id='word_1_500' title='bbox 1703 4022 1837 4071; x_wconf 89' lang='lat' dir='ltr'><strong>bene</strong></span> <span class='ocrx_word' id='word_1_501' title='bbox 1861 4027 2174 4084; x_wconf 84' lang='lat' dir='ltr'><strong>tempestate</strong></span> <span class='ocrx_word' id='word_1_502' title='bbox 2209 4016 2425 4069; x_wconf 85' lang='lat' dir='ltr'><strong>serena.’</strong></span> <span class='ocrx_word' id='word_1_503' title='bbox 2476 4016 2551 4066; x_wconf 90' lang='lat' dir='ltr'><strong>At</strong></span> 
     </span>
     <span class='ocr_line' id='line_1_79' title="bbox 1490 4095 2552 4161; baseline -0.007 -12"><span class='ocrx_word' id='word_1_504' title='bbox 1490 4098 1799 4149; x_wconf 86' lang='lat' dir='ltr'><strong>Homericus</strong></span> <span class='ocrx_word' id='word_1_505' title='bbox 1823 4098 1958 4161; x_wconf 88' lang='lat' dir='ltr'><strong>Ajax</strong></span> <span class='ocrx_word' id='word_1_506' title='bbox 1984 4096 2121 4161; x_wconf 89' lang='lat' dir='ltr'><strong>apud</strong></span> <span class='ocrx_word' id='word_1_507' title='bbox 2146 4095 2401 4146; x_wconf 85' lang='lat' dir='ltr'><strong>Achillem</strong></span> <span class='ocrx_word' id='word_1_508' title='bbox 2427 4108 2552 4159; x_wconf 89' lang='lat' dir='ltr'><strong>que·</strong></span> 
     </span>
     <span class='ocr_line' id='line_1_80' title="bbox 1490 4170 2548 4234; baseline -0.007 -10"><span class='ocrx_word' id='word_1_509' title='bbox 1490 4189 1609 4225; x_wconf 88' lang='lat' dir='ltr'><strong>rens</strong></span> <span class='ocrx_word' id='word_1_510' title='bbox 1646 4173 1711 4224; x_wconf 90' lang='lat' dir='ltr'><strong>de</strong></span> <span class='ocrx_word' id='word_1_511' title='bbox 1749 4170 2027 4223; x_wconf 84' lang='lat' dir='ltr'><strong>ferocitate</strong></span> <span class='ocrx_word' id='word_1_512' title='bbox 2059 4171 2416 4234; x_wconf 87' lang='lat' dir='ltr'><strong>Trojanorum,</strong></span> <span class='ocrx_word' id='word_1_513' title='bbox 2459 4183 2548 4217; x_wconf 87' lang='lat' dir='ltr'><strong>ne-</strong></span> 
     </span>
     <span class='ocr_line' id='line_1_81' title="bbox 1488 4245 2550 4319; baseline -0.008 -15"><span class='ocrx_word' id='word_1_514' title='bbox 1488 4253 1594 4304; x_wconf 90' lang='lat' dir='ltr'><strong>scio</strong></span> <span class='ocrx_word' id='word_1_515' title='bbox 1630 4249 1754 4319; x_wconf 88' lang='lat' dir='ltr'><strong>quid</strong></span> <span class='ocrx_word' id='word_1_516' title='bbox 1783 4249 1880 4302; x_wconf 88' lang='lat' dir='ltr'><strong>boc</strong></span> <span class='ocrx_word' id='word_1_517' title='bbox 1919 4249 2070 4300; x_wconf 90' lang='lat' dir='ltr'><strong>modo</strong></span> <span class='ocrx_word' id='word_1_518' title='bbox 2107 4249 2343 4299; x_wconf 81' lang='lat' dir='ltr'><strong>nuntiat:</strong></span> <span class='ocrx_word' id='word_1_519' title='bbox 2379 4248 2393 4275; x_wconf 88' lang='lat'>‘</span> <span class='ocrx_word' id='word_1_520' title='bbox 2420 4245 2550 4296; x_wconf 76' lang='lat' dir='ltr'><strong>Pro·</strong></span> 
     </span>
    </p>
   </div>
  </div>
 </body>
</html>
