3059 4909
996 417 1413 470 cinam-zum
1466 421 1615 472 ms.
1663 423 1711 472 1.
1755 408 1860 472 86.

592 566 748 632 Neu
779 574 1065 651 promtae
1096 567 1336 633 modus
1378 568 1750 652 amphorae,

679 670 834 736 Neu
865 690 1112 741 morem
1144 672 1213 736 in
1242 671 1507 737 Salium
1536 674 1626 739 sit
1655 674 1922 758 requies
1948 673 2194 759 pedum
2222 695 2241 758 ;

588 772 750 839 Neu
782 774 970 839 multi
1004 774 1314 840 Damalis
1342 776 1510 841 meri

671 877 963 943 Bassum
986 876 1303 945 Threicia
1334 881 1560 945 vincat
1587 878 1927 964 amystide
1953 899 1976 960 3

328 1072 586 1134 (trecensu
619 1090 734 1126 neve
750 1080 933 1143 prolato
953 1080 1067 1130 codo
1087 1083 1312 1143 parcatur
1325 1094 1348 1137 ,·
1368 1089 1517 1144 aequ
1535 1079 1605 1130 sit
1615 1080 1786 1143 pedu-s
1807 1080 2003 1130 cessatio
2019 1080 2086 1129 ud
2101 1080 2251 1130 &am
2270 1078 2528 1130 Saliorum.

326 1135 459 1189 Neve
472 1140 695 1192 Damalis
709 1144 909 1207 plurimi
938 1146 1042 1195 vini
1074 1145 1217 1196 bibax
1237 1150 1384 1195 certet
1404 1159 1511 1194 cum
1535 1146 1687 1195 Basso
1702 1146 1882 1210 poculis
1906 1146 2164 1198 Thracibus
2178 1162 2195 1196 .-
2230 1161 2344 1197 neve
2366 1144 2526 1196 convi-

1245 1306 1304 1326 ⁴0

324 1417 413 1468 alii
437 1419 591 1471 codd.
625 1436 741 1472 cum
783 1425 997 1477 Locber.
1022 1431 1078 1476 et
1110 1425 1324 1476 Venett.
1359 1426 1466 1476 Nec
1501 1432 1737 1489 ρωπίας
1771 1424 1923 1477 Harl.
1956 1429 2007 1475 2.
2045 1428 2095 1475 8.
2132 1428 2183 1474 4.
2223 1429 2271 1474 6.
2306 1421 2524 1474 Ascens.

324 1486 506 1546 ceteri,
545 1486 655 1538 Neu
670 1495 1023 1553 ,πωπω-12
1058 1490 1208 1541 Harl.
1230 1496 1279 1541 1.
1298 1498 1347 1543 5.
1380 1493 1525 1556 Lips.
1562 1492 1779 1544 Locher.
1803 1491 2015 1541 Venett.
2041 1491 2108 1540 al.
2138 1490 2243 1540 Nec
2263 1504 2526 1539 morem.—

326 1552 386 1598 18
421 1550 592 1604 Iidem
625 1554 779 1604 codd.
815 1563 872 1606 et
907 1555 1127 1608 Ascens.
1166 1560 1270 1608 Nec
1289 1558 1465 1616 arulfi,-
1501 1556 1648 1607 Harl.
1670 1561 1719 1606 2.
1742 1561 1792 1607 3.
1812 1561 1861 1607 4.
1883 1562 1934 1607 6.
1964 1555 2179 1621 aliique,
2224 1556 2333 1606 Neu
2370 1555 2530 1608 multi.

318 1614 335 1641 ‘
354 1614 539 1668 Metuo
563 1632 628 1668 ne
649 1619 746 1671 boc
767 1637 860 1672 neu
882 1624 1274 1687 transponendis
1300 1622 1529 1674 versibus
1551 1624 1875 1673 occasionem
1897 1621 2122 1672 dederit.
2185 1620 2376 1670 Melius
2391 1622 2529 1669 enim

321 1686 377 1729 ct
400 1682 575 1746 aptius
594 1696 748 1746 esset,
766 1688 812 1737 si
835 1696 957 1751 post
980 1703 1056 1739 vs.
1074 1693 1155 1739 lo.
1178 1696 1523 1753 sequerentur
1542 1702 1618 1737 vs.
1640 1692 1716 1738 15.
1732 1692 1813 1738 16.
1849 1688 1974 1752 quia
1997 1696 2122 1737 tnnc
2147 1687 2261 1737 idea
2286 1699 2530 1735 versuum

323 1748 401 1794 13.
421 1751 501 1799 14.
536 1754 763 1802 naturali
785 1754 1173 1805 continuatione
1197 1755 1342 1803 ducit
1361 1753 1427 1803 ad
1453 1767 1526 1803 vs.
1554 1757 1733 1803 17-20.
1801 1753 1917 1803 Nisi
1942 1760 2130 1817 putare
2155 1753 2425 1813 malumus,
2448 1761 2527 1804 tn-

322 1810 423 1860 lem
446 1816 893 1877 perturbationem
916 1820 1150 1870 idearum
1175 1820 1391 1882 lyricum
1424 1818 1633 1883 poetam
1668 1818 1891 1868 decere!
1921 1820 2056 1867 duni.
2123 1818 2267 1867 Idem
2294 1816 2453 1866 sentit
2472 1816 2527 1868 J.

324 1875 658 1933 valen—18
693 1882 780 1935 Ab
807 1884 904 1937 boc
928 1900 1080 1936 versu
1112 1899 1248 1935 nova
1270 1884 1388 1936 Ode
1409 1884 1595 1949 incipit
1619 1885 1671 1934 in
1696 1884 1794 1934 Ed.
1819 1883 2072 1945 sivriaco,
2103 1883 2190 1933 ubi
2224 1883 2418 1944 legitur
2441 1882 2529 1932 da-

1325 2047 1540 2100 NorAE

317 2162 486 2226 plenoe
519 2161 947 2226 significationem
978 2167 1198 2230 laetitiae,
1234 2167 1380 2230 large
1525 2169 1588 2214 13
1626 2165 1738 2214 Neu
1757 2164 1898 2213 malti
1919 2161 2144 2213 Damalis
2160 2160 2281 2212 meri
2301 2159 2529 2222 Bassum,

315 2235 602 2291 bibendum
617 2243 723 2305 ait;
758 2244 909 2294 simul
932 2251 986 2295 et
1010 2254 1242 2296 veterum
1266 2254 1380 2295 tan·
1457 2240 1563 2307 ξω]
1606 2240 1691 2292 Ad
1734 2241 2029 2291 convivium
2078 2239 2245 2289 amica
2283 2236 2530 2289 Numidae

317 2316 396 2378 git
434 2330 650 2376 morem,
673 2334 777 2385 quo
808 2321 1001 2372 amicos
1035 2324 1117 2371 vel
1149 2321 1380 2387 proficis·
1457 2319 1697 2370 Damalis
1728 2318 1964 2368 invitata.
1985 2329 2105 2367 cnm
2137 2330 2272 2366 novo
2295 2315 2371 2364 sic
2391 2327 2532 2364 ama·

314 2398 521 2455 centes,
565 2394 648 2444 vel
681 2410 712 2445 c
749 2399 1167 2462 peregrinatione
1206 2414 1391 2450 rever-¹
1462 2402 1577 2446 tore
1619 2403 1947 2455 consuescat,
1989 2401 2050 2444 ut
2096 2393 2303 2443 relicta·
2335 2390 2529 2441 veteris

315 2475 493 2522 tentes
536 2472 772 2523 convivio
816 2476 1167 2541 excipiebant.
1247 2477 1380 2529 Qnae
1463 2472 1616 2522 amici
1658 2470 2029 2532 familiaritate,
2070 2469 2222 2520 Bassi
2265 2467 2533 2531 videlicet,

313 2546 526 2611 quidem
550 2550 720 2613 epulae
746 2551 1057 2605 dicebantur
1094 2555 1301 2606 viaticae
1325 2561 1382 2606 et
1461 2565 1566 2600 non
1590 2549 1811 2614 amplius
1832 2564 1948 2600 cum
1967 2563 2030 2598 eo
2048 2554 2217 2599 certet
2243 2545 2530 2596 bibacitate

316 2622 643 2677 adventitiae.
1464 2628 1643 2677 vinosa
1665 2625 1869 2691 quidem
1889 2625 2092 2675 mulier.

382 2704 447 2750 12
482 2700 595 2752 Neu
622 2706 871 2756 moremini
892 2705 1076 2758 Salium
1103 2709 1173 2758 sit
1197 2710 1383 2773 requies

314 2776 509 2843 pedm]
557 2780 672 2846 Nec
714 2782 1021 2835 omittantur
1055 2786 1284 2851 tripudia
1326 2795 1381 2837 et

318 2854 620 2905 saltationes
647 2856 711 2907 iis
738 2857 952 2920 similes,
987 2877 1110 2928 quas
1133 2871 1381 2914 exercent

316 2929 445 2979 Salii
462 2929 656 2982 Martis
670 2933 980 2987 Sacerdotes
995 2952 1027 2988 a
1037 2938 1213 2990 Numa
1226 2939 1380 2989 Pom·

320 3007 446 3070 pilio
486 3009 732 3075 instituti,
774 3027 984 3064 numero
1021 3015 1320 3080 duodecim,
1351 3031 1382 3066 e

319 3085 553 3138 Patricio
578 3103 768 3153 genere
784 3105 798 3140 ε
825 3107 856 3141 a
871 3091 1019 3143 Tullo
1035 3093 1227 3143 deinde
1243 3094 1382 3143 Hos-

316 3164 429 3215 tilio
450 3165 724 3230 duplicati.
790 3168 886 3233 Hi,
914 3185 1063 3222 aenea
1085 3172 1249 3236 galea,
1272 3173 1382 3222 bal·

319 3241 460 3306 theo,
483 3257 546 3293 ac
579 3244 792 3297 thorace
832 3248 1038 3311 armati,
1079 3264 1174 3313 per
1203 3250 1380 3301 urbem

315 3317 652 3383 incedebant,
670 3322 850 3386 gradu
880 3327 1187 3389 composito,
1221 3333 1383 3393 atque

318 3395 385 3445 ad
410 3396 556 3447 tibias
586 3398 820 3470 modulos
846 3399 1207 3453 subsilientem
1246 3404 1381 3455 unde

319 3486 524 3524 nomen.
558 3473 719 3525 Sacra
735 3476 825 3526 illa
845 3478 1008 3528 coenis
1023 3493 1226 3545 quoqne
1250 3495 1386 3533 snm·

318 3550 500 3613 tuosis,
513 3553 775 3613 cantibus,
786 3560 843 3604 et
853 3557 1156 3620 symphonia
1168 3558 1385 3623 opipare

318 3628 673 3679 celebrabant.
740 3629 880 3680 Vide
917 3631 1070 3695 plura
1100 3631 1238 3697 apud
1274 3635 1388 3685 Liv.

319 3719 359 3754 1.
383 3708 467 3755 20.
504 3705 615 3757 Jul.
636 3705 774 3758 Poll.
799 3721 876 3758 iv.
902 3712 981 3759 14.
1015 3711 1238 3760 maxime
1260 3727 1387 3763 vero

316 3781 474 3833 Alex.
514 3781 584 3832 ab
624 3782 781 3834 Alex.
821 3798 861 3834 1.
899 3788 984 3837 26.
1013 3788 1112 3836 &c.
1163 3788 1389 3853 Dionys.

320 3857 593 3908 Halicarn.
630 3859 721 3910 lib.
745 3874 809 3910 11.
834 3861 911 3911 sic
931 3861 1126 3913 babet:
1159 3863 1175 3891 ‘
1201 3864 1274 3914 Hi
1298 3879 1387 3914 au-

321 3939 427 3984 tem
464 3933 591 3984 Salii
630 3949 807 3986 omnes
844 3938 1122 3988 saltatores
1158 3947 1298 4003 suut,
1332 3946 1388 3991 et

317 4009 621 4063 laudatores
647 4020 962 4066 armatorum
994 4016 1263 4082 Deorum‚’
1289 4020 1387 4070 &c.

319 4087 487 4138 Varro
526 4089 593 4142 de
628 4091 780 4155 Ling.
813 4092 929 4142 Lat.
964 4093 1055 4144 lib.
1079 4109 1159 4144 tv.
1193 4097 1269 4147 sic
1300 4097 1385 4147 ba·

319 4164 445 4215 bet=
481 4168 498 4194 ‘
525 4166 654 4217 Salii
689 4182 724 4216 a
755 4168 1014 4233 saltando,
1034 4172 1173 4237 quod
1207 4172 1385 4227 facere

318 4242 374 4292 in
397 4243 613 4293 comitio
648 4245 928 4309 quotannis
949 4246 1002 4300 in
1022 4249 1184 4301 sacris
1211 4252 1381 4305 solent

320 4325 378 4371 ct
394 4318 624 4372 debent?

1528 2705 1682 2755 Multi
1703 2704 1845 2769 meri]
1867 2701 1979 2754 Cic.
1998 2703 2145 2753 Fam.
2165 2713 2244 2751 ιι.
2264 2703 2348 2751 26.
2368 2699 2387 2727 ‘
2407 2697 2529 2747 Non

1461 2782 1614 2832 multi
1631 2781 1736 2832 cibi
1754 2781 2011 2846 hospitem
2028 2778 2275 2843 accipies,
2293 2776 2382 2827 sed
2400 2773 2531 2824 mui-

1464 2860 1501 2911 ti
1514 2858 1670 2925 joci-⁹
1702 2857 1809 2909 Alii
1828 2860 1902 2908 sic
1923 2860 2367 2921 interpretantur:
2396 2853 2531 2903 Bas·

1463 2953 1551 2987 sus
1588 2942 1642 2987 et
1681 2935 1914 2987 Damalis
1950 2938 2153 2984 certent
2186 2931 2408 2996 poculis,
2426 2943 2530 2980 nec

1464 3015 1519 3064 iu
1542 3013 1954 3079 pergraecatione
1970 3012 2090 3061 hnic
2112 3010 2201 3060 ilie
2224 3007 2399 3059 cedat.

1531 3095 1595 3142 14
1627 3088 1859 3152 Bassum]
1895 3088 1948 3139 Is
1982 3086 2122 3138 forte
2159 3092 2242 3135 est
2274 3082 2530 3133 iambicus

1462 3168 1553 3218 ille
1592 3166 1762 3217 Poeta
1800 3165 1865 3215 ad
1902 3179 2053 3230 quem
2093 3169 2174 3213 est
2207 3160 2455 3226 Propert.
2485 3167 2529 3210 t.

1463 3246 1613 3310 Eleg.
1631 3245 1681 3296 4.
1713 3251 1770 3295 et
1803 3242 2138 3293 Ov‘id.'1'rist.
2160 3249 2241 3289 iv.
2278 3239 2423 3301 Eleg.
2450 3237 2530 3286 lo.

1460 3323 1568 3374 Ubi
1607 3322 1744 3373 male
1775 3322 1959 3372 Battus
1988 3320 2215 3384 legitur3
2249 3317 2441 3367 Bassus
2475 3327 2531 3364 e·

1460 3401 1569 3450 nim
1608 3391 1833 3450 vocatur
1865 3396 2003 3462 apud
2040 3395 2355 3459 antiquiores
2405 3392 2528 3441 vitae

1465 3477 1645 3528 Ovidii
1668 3477 1980 3543 scriptores:
2005 3473 2158 3524 testis
2181 3472 2432 3534 Scaliger.

1536 3555 1756 3606 Threicia
1775 3552 2035 3618 amystide]
2074 3549 2173 3599 Vel
2207 3547 2395 3611 poculo
2424 3545 2531 3594 val-

1466 3631 1534 3681 de
1570 3631 1787 3696 capaci3
1823 3631 1906 3678 vel
1932 3625 2145 3677 bibendi
2178 3635 2366 3687 genera
2392 3619 2532 3685 apud

1466 3708 1703 3759 Thracas
1733 3714 1790 3758 et
1823 3705 2046 3769 Scythas
2069 3702 2262 3751 usitato
2284 3695 2535 3760 ἀπνευστὶ,

1468 3786 1580 3835 sine
1620 3783 1981 3849 respiratione,
2022 3775 2217 3841 ἀμυστὶ,
2254 3776 2432 3824 hiante
2476 3780 2533 3823 et

1468 3869 1688 3926 patente
1709 3875 1801 3912 ore
1823 3866 1880 3909 et
1901 3858 2037 3908 rictu
2054 3875 2069 3906 ι
2105 3854 2242 3906 unde
2263 3849 2536 3914 ἀμυστίζειν

1469 3938 1662 3988 dicitur
1702 3938 1745 3987 is
1777 3936 1865 4003 qui
1902 3936 1976 3985 sic
2011 3933 2186 3983 vinum
2222 3929 2532 3995 ingurgitat,

1465 4020 1613 4083 largo
1651 4019 1855 4082 haustu,
1899 4013 2121 4077 ductim,
2159 4007 2435 4061 confertim
2475 4013 2533 4056 et

1465 4095 1776 4156 confestim3
1829 4107 1933 4143 non
1979 4096 2152 4141 antem
2200 4083 2535 4145 sorbillando,

1468 4175 1553 4225 vel
1569 4175 1713 4226 lento
1734 4173 1915 4223 ductu.
1947 4169 2083 4219 Vide
2102 4163 2371 4218 Plutarch.
2387 4163 2535 4228 Sym-

1465 4269 1585 4319 pos.
1619 4254 1751 4305 Coel.
1774 4266 1851 4304 tv.
1884 4254 1970 4302 26.
2006 4255 2063 4299 et
2099 4259 2194 4299 xv.
2217 4250 2266 4296 6.
2304 4241 2528 4294 Turneb.

1466 4343 1635 4382 xvm.
1653 4334 1737 4383 27.
