3059 4909
1237 351 1659 404 PRAEFATm.
1958 324 1971 332 '
2529 332 2576 396 9

366 499 523 566 culo
546 503 772 566 nostro
817 502 924 563 est
970 497 1334 581 amiquior,
1377 496 1690 580 idemque
1735 489 1926 560 odas
1954 511 2189 559 omnes
2228 491 2468 560 Poetae
2495 511 2580 557 eo

364 604 516 686 ipso
544 601 797 678 ordine,
822 620 967 685 qno
988 599 1317 667 habentur
1358 599 1426 665 in
1454 599 1647 664 libris
1677 597 1943 675 nostris,
1963 596 2328 662 recenset?
2400 593 2582 664 Ροδ-

362 710 499 770 tam
527 702 800 787 quidem
822 701 1055 796 11)st
1086 702 1304 785 primo
1344 701 1559 766 libros
1598 705 1732 780 tres
1762 699 2172 779 carminum,
2201 698 2447 765 deinde
2476 700 2582 765 in-

363 808 643 874 tervallo
697 807 896 888 longo
962 804 1381 888 interposito.
1434 809 1747 887 quartum
1804 801 2126 881 edidisse,
2182 807 2418 867 auctor
2473 808 2583 868 est

365 908 730 978 Suetonius
772 910 845 974 in
875 906 1079 990 Vita3
1124 908 1241 974 cui
1283 907 1379 973 rei
1423 908 1625 992 plane
1669 904 2021 974 Sanadoni
2062 905 2438 972 institutum
2475 923 2582 970 re·-

362 1019 646 1098 Pssgssat·
1405 1057 1409 1061 »

452 1114 594 1204 Sed
623 1133 849 1198 operae
882 1113 1168 1198 pretium
1202 1117 1328 1191 est,
1358 1114 1422 1178 h.
1449 1132 1508 1178 e.
1541 1112 1870 1182 studiosis
1897 1111 2200 1192 Horatii,
2228 1111 2346 1196 qui
2374 1110 2587 1177 Bent-

364 1217 661 1284 leianum
684 1216 1041 1300 exemplar
1078 1216 1168 1281 ad
1211 1236 1449 1284 manus
1489 1237 1625 1282 non
1671 1217 1950 1295 habent,
1978 1213 2587 1295 accommodatum,

367 1319 532 1404 poni
559 1321 909 1406 posthanc
941 1318 1416 1388 Praefationem
1441 1318 1667 1388 locum
1691 1320 2021 1402 integrum
2045 1340 2136 1388 ex
2168 1315 2588 1388 Praefatione

367 1426 497 1494 viri
535 1426 787 1508 magni,
814 1443 956 1509 que
984 1430 1295 1508 tempora
1320 1421 1639 1490 librorum
1668 1421 1952 1494 Horatii
1971 1423 2285 1504 ordinat3
2327 1420 2589 1505 dequo

366 1528 497 1596 hoc
528 1533 702 1604 certe
740 1527 1141 1596 confirmare
1185 1545 1492 1611 possum,
1538 1547 1667 1606 me,
1714 1527 1871 1596 dum
1914 1544 2238 1594 recenseo
2283 1522 2590 1607 singulas

366 1630 693 1715 Eclngas,
732 1631 1092 1715 diligenter
1138 1632 1518 1712 attendisse,
1582 1632 1644 1698 si
1697 1631 1867 1717 quid
1919 1637 2107 1700 esset
2165 1626 2591 1698 Bentleiauis

371 1738 745 1819 temporum
796 1734 1173 1809 rationibus
1217 1735 1598 1814 adversum,
1644 1754 1770 1804 nec
1820 1733 2345 1822 deprehendisse
2375 1731 2594 1816 ‚quic-

370 1857 600 1920 quam,
643 1837 831 1921 quod
861 1843 1275 1901 momentum
1319 1838 1597 1922 aliquod
1622 1837 1710 1903 ad
1740 1856 1891 1902 eam
1918 1835 2350 1903 evertendam
2379 1834 2594 1899 habe-

370 1946 493 2018 ret,
519 1940 685 2005 licet
712 1939 1121 2023 quibusdam
1166 1939 1441 2022 Eclogis
1482 1959 1626 2005 non
1655 1939 2099 2023 improbabili
2127 1940 2387 2004 ratione
2417 1937 2593 2002 forte

370 2049 630 2127 tempus
675 2042 883 2106 etiam
927 2040 1140 2118 aliud,
1188 2043 1530 2107 recentius
1577 2042 1977 2126 praesertim,
2037 2042 2258 2126 possit
2316 2038 2590 2105 ascribi.

374 2144 483 2209 De
517 2145 848 2209 Saeculari
879 2142 1189 2209 Carmine
1233 2165 1359 2212 suo
1403 2146 1559 2212 loco
1607 2146 1782 2211 satis
1824 2141 2100 2224 dictum,
2145 2152 2216 2209 et
2241 2143 2592 2216 laudatum

372 2247 706 2330 ingenium
734 2247 1111 2312 Sanadoni.
1201 2246 1436 2313 Possit
1461 2249 1711 2334 aliquis
1756 2248 2014 2314 Drama
2040 2248 2223 2313 velut
2252 2236 2597 2331 quoddam

371 2371 503 2415 non
557 2350 858 2415 absimile
909 2356 1268 2415 contexere
1315 2370 1408 2416 ex
1449 2352 1560 2432 iis,
1611 2371 1767 2436 quae
1809 2353 1878 2416 in
1932 2350 2284 2416 Canidiam
2334 2347 2598 2431 scripta

375 2459 552 2530 sunt,
596 2452 656 2515 si
688 2452 929 2536 jungat
961 2468 1011 2515 1.
1042 2451 1191 2518 Sat.
1223 2451 1288 2517 8.
1363 2454 1587 2537 Epod.
1617 2475 1683 2520 v.
1730 2461 1803 2519 et
1835 2470 2028 2518 xvn.
2059 2453 2346 2537 deniqne
2379 2467 2429 2514 ι.
2461 2449 2597 2515 Od.
2725 2517 2730 2527 ,

373 2555 480 2620 16.
509 2556 626 2640 qui
653 2556 803 2638 ipse
835 2553 1002 2619 ordo
1041 2573 1132 2619 ex
1183 2563 1574 2638 argumento
1615 2555 1888 2621 elucens
1931 2554 2207 2640 pulchre
2254 2550 2596 2618 Bentleia-
2705 2553 2709 2557 ’

372 2678 533 2725 nam
559 2657 644 2723 de
671 2658 1087 2743 temporibus
1114 2657 1515 2743 hypothesin
1546 2658 1916 2725 confirmat.

463 2760 642 2840 Quae
670 2760 896 2827 adhuc
939 2760 1311 2845 disputavi,
1355 2780 1440 2827 ea
1482 2761 1571 2826 ad
1618 2760 1805 2828 illam
1848 2759 1985 2825 fere
2033 2764 2289 2845 partem
2321 2756 2598 2824 consilii

374 2866 507 2929 mei
529 2866 878 2948 pertinent,
908 2862 1092 2947 quod
1122 2863 1330 2929 statui
1368 2882 1797 2941 conservare,
1842 2867 2174 2946 quantum
2204 2862 2275 2925 in
2313 2878 2423 2925 me
2463 2866 2598 2938 est,

381 2968 656 3033 Horatii
688 2966 914 3044 verba,
957 2967 1391 3049 ordinemque
1435 2964 1871 3044 Poematum,
1920 2973 1991 3030 ut
2036 2983 2123 3029 ea
2167 2982 2260 3027 ex
2302 2963 2599 3046 antiquis

373 3071 564 3136 libris
596 3069 684 3135 ad
713 3088 841 3135 nos
871 3087 1261 3151 pervenere.
1351 3067 1434 3133 In
1463 3065 1817 3134 Varietate
1861 3067 2240 3144 Lectionis,
2269 3084 2475 3149 quam
2500 3065 2601 3131 al-

378 3181 591 3239 teram
622 3172 846 3237 dotem
893 3169 1235 3236 Editionis
1280 3177 1537 3238 nostrae
1588 3169 1896 3234 volebam
1939 3187 2116 3246 esse,
2145 3166 2419 3232 modum
2461 3186 2600 3231 ser-

378 3296 538 3342 vare
562 3296 715 3340 eum
742 3273 928 3339 volui
964 3273 1305 3356 equidem,
1345 3293 1546 3356 quem
1583 3274 1911 3357 optimum
1940 3271 2104 3335 mihi
2134 3268 2343 3334 videri
2387 3288 2599 3353 supra

293 3425 297 3430 «
380 3380 703 3446 indicavi.
792 3376 1148 3453 Notarum‚
1180 3378 1431 3461 quibus
1474 3396 1557 3441 ea
1587 3378 1656 3441 in
1683 3382 1756 3440 re
1787 3394 1957 3440 usus
1983 3394 2156 3451 sum,
2189 3371 2602 3457 explicatio·

380 3504 533 3548 nem
567 3478 811 3545 deinde
852 3497 1130 3565 ponam,
1159 3484 1224 3544 et
1270 3478 1511 3544 eadem
1557 3477 1879 3543 indicabo
1924 3475 2181 3541 auxilia
2210 3474 2411 3559 hujus
2440 3472 2606 3538 Edi-

383 3586 611 3663 tionis,
642 3601 1008 3664 eorumque
1038 3589 1378 3648 auctores.
2338 3572 2344 3578 ”

466 3686 761 3768 Qualem
818 3691 1124 3768 optarem
1184 3685 1803 3770 interpretationem
1873 3681 2174 3757 Horatii,
2238 3678 2312 3743 id
2378 3678 2606 3760 ipsum
2667 3711 2670 3714 >

382 3809 650 3877 quoque
681 3806 888 3871 supra
914 3785 1204 3864 ostendi,
1233 3807 1520 3871 eamque
1549 3788 1876 3852 rationem
1905 3802 2029 3867 pro
2055 3780 2234 3845 virili
2262 3786 2456 3863 parte
2497 3796 2606 3842 se-

383 3880 581 3960 'cutus
611 3910 781 3957 sum.
869 3885 1058 3956 Bene
1087 3888 1269 3956 dicta
1298 3892 1386 3956 ab
1412 3890 1709 3975 antiquis
1758 3884 2158 3952 Scholiastis
2188 3888 2257 3948 et
2299 3882 2605 3947 Baxtero

382 4015 521 4059 non
551 4013 727 4078 opus
756 3992 1103 4058 habebant
1124 4012 1289 4064 mea,
1320 3992 1867 4058 confirmatione:
1913 3988 1975 4054 si
2015 3985 2178 4072 quid
2220 4003 2421 4051 secus
2451 4002 2609 4049 sen-

384 4099 603 4174 tirem,
629 4095 814 4162 iniis
842 4093 1041 4171 locis,
1087 4095 1209 4178 qui
1253 4100 1658 4160 momentum
1697 4089 1976 4177 aliquod
2021 4088 2265 4153 habere
2303 4085 2608 4151 videren-

386 4206 512 4278 tur,
555 4197 855 4265 iudicavi
899 4197 1151 4264 libere:
1196 4205 1500 4266 ceterum
1545 4197 1656 4263 hic
1701 4212 1964 4274 moneo,
2009 4190 2278 4258 silentio
2312 4207 2419 4253 me
2450 4205 2605 4252 meo
