3059 4909
1010 399 1423 453 cARmNUM
1473 397 1625 447 ms.
1670 395 1752 444 ιι.
1797 378 1900 445 17.

696 548 1020 617 Tardavit
1050 548 1216 621 alas,
1245 563 1396 612 cum
1425 542 1730 629 populus
1753 539 2057 625 frequens

2417 369 2549 438 343

2463 532 2554 598 25

699 656 967 721 Laetum
997 652 1277 735 theatris
1308 656 1410 715 ter
1439 646 1700 732 crepuit
1727 663 1993 712 sonum:
2032 704 2036 709 ,

787 760 904 826 Me
933 766 1204 824 truncus
1233 755 1517 843 illapsus
1552 751 1822 818 cerebro

870 860 1279 939 Sustulerat,
1311 859 1442 923 nisi
1475 856 1749 922 Faunus
1778 854 1985 919 ictum

702 968 960 1033 Dextra
984 968 1300 1043 levasset,
1333 959 1833 1028 Mercurialium

699 1071 956 1139 Custos
985 1070 1298 1133 virorum.
1388 1060 1706 1130 Reddere
1736 1058 2050 1125 victimas

2471 1050 2558 1115 30

787 1173 1163 1258 AEdemque
1192 1171 1495 1237 votivam
1524 1160 1892 1231 memento:

882 1278 1037 1344 Nos
1065 1276 1382 1342 humilem
1408 1272 1719 1338 feriemus
1749 1284 2010 1351 agnam.

359 1476 540 1512 mer-osa
557 1462 766 1539 alacrem
787 1465 871 1538 ’ter
889 1457 1083 1510 sustulit
1102 1454 1482 1507 acclamationem
1507 1450 1559 1500 in
1582 1450 1783 1501 theatro.
1847 1445 1935 1496 Me
1954 1443 2176 1495 decidens
2196 1439 2250 1490 in
2269 1442 2410 1502 caput
2430 1431 2572 1483 arbor

358 1531 682 1604 oppressis-seq
699 1541 798 1604 nist
818 1541 960 1576 mana
981 1538 1141 1601 casum
1159 1521 1413 1572 avertisset
1444 1518 1658 1578 Faunus,
1689 1519 1821 1564 tutor
1848 1510 2092 1561 clientium
2121 1504 2372 1557 Mercurii.
2442 1501 2574 1549 Cura

360 1598 417 1642 ut
437 1593 616 1660 offeras
631 1597 867 1656 vzctnnas,
884 1596 933 1641 et
945 1603 1227 1655 promissum
1246 1586 1488 1651 templum.
1558 1583 1667 1645 Ego
1685 1578 1932 1645 parvulam
1951 1588 2127 1640 agnam
2146 1568 2411 1622 immolabo.

1300 1714 1569 1736 “blm“
1575 1711 1669 1733 000

364 1807 715 1880 minore—25
750 1807 873 1857 Duo
896 1803 1047 1856 codd.
1069 1801 1335 1854 Torrentii
1368 1805 1423 1850 et
1458 1797 1681 1862 Cuning.
1730 1799 1832 1844 tum
1849 1791 2064 1857 populas,
2085 1782 2408 1846 improbante
2431 1775 2570 1829 Jani.

365 1877 500 1924 —26
535 1873 640 1923 Pro
663 1872 871 1932 Loetum,
895 1870 1107 1937 quidam
1131 1867 1284 1919 codd.
1307 1881 1393 1929 ap.
1415 1863 1641 1926 Cuning.
1673 1860 1899 1915 Festam5
1936 1855 2072 1904 unde
2094 1851 2184 1901 ille
2216 1843 2421 1898 emend.
2447 1843 2576 1893 Fau·

365 1943 512 2014 dum?
534 1937 670 2002 quod
695 1938 896 2017 recepit
917 1935 1239 1987 Βακὰ-29
1262 1933 1449 1983 Dexter
1471 1931 1688 1986 levasset,
1710 1926 1746 1974 i.
1766 1940 1814 1974 e.
1840 1924 1904 1971 ad
1929 1920 2170 1969 dextram
2190 1920 2354 1977 stans,
2368 1906 2574 1960 emend.

370 2004 594 2069 Cunmg.
613 2014 668 2055 et
688 2018 762 2055 sic
784 2003 1110 2054 Sarnade—82
1146 1999 1251 2049 Nos
1271 1996 1472 2048 humiles
1494 1994 1601 2044 duo
1623 1989 1814 2042 Blaud.
1835 2002 1924 2052 ap.
1948 1985 2108 2048 Crnq.

1362 2124 1586 2177 NOTAE

437 2240 503 2287 25
539 2229 1239 2299 Uumpopulusfrequens‚&c.]
1273 2224 1439 2277 Istam
1520 2216 1737 2289 quirunt
1775 2225 1831 2269 et
1865 2219 2104 2280 captant,
2140 2224 2255 2276 quae
2290 2202 2499 2272 quidem
2528 2200 2583 2249 in

370 2312 524 2367 Jovis
550 2313 770 2363 tutelam
804 2307 1194 2370 animadvertit,
1218 2321 1280 2356 ac
1302 2305 1440 2355 cele·
1520 2298 1734 2350 urbibus
1756 2310 1817 2346 ac
1851 2293 1989 2344 inter
2023 2287 2300 2354 populares
2331 2278 2585 2344 strepitus

375 2389 586 2450 bravit3
611 2395 768 2454 teque
799 2387 899 2437 sibi
924 2384 1182 2436 redditum
1207 2380 1441 2446 Populus
1522 2375 1759 2426 obtinere
1785 2372 1872 2421 vix
1898 2373 2131 2434 possunt.

379 2471 642 2521 Romanus
658 2467 949 2533 gratulatus
963 2471 1064 2527 est,
1081 2461 1117 2515 J
1122 2463 1308 2527 ovique
1329 2473 1445 2525 gra·

1590 2457 1656 2503 29
1695 2442 2082 2507 Mercurialium]
2148 2440 2302 2490 Viros
2356 2430 2586 2484 eruditos

378 2549 480 2601 tias
526 2545 727 2605 retulit,
768 2544 974 2597 sublata
1011 2543 1064 2592 in
1102 2540 1298 2591 laetitioe
1344 2536 1445 2601 sig·
1525 2527 1865 2580 Mercuriales
1902 2523 2199 2584 nuncupat:
2239 2527 2303 2564 eo
2335 2509 2475 2577 quod
2515 2506 2592 2557 illi

378 2639 503 2676 num
537 2623 728 2689 triplici
757 2621 1136 2673 acclamatione
1164 2623 1218 2667 et
1244 2615 1446 2680 plausu,

382 2700 594 2768 quando
614 2708 685 2764 te,
700 2705 819 2765 post
836 2697 1003 2749 morbi
1019 2684 1324 2761 periculum,
1342 2703 1449 2740 me·
1466 2717 1471 2721 -

384 2781 484 2832 lius
504 2778 785 2829 habentem
807 2777 861 2827 in
885 2775 1147 2827 theatrum
1170 2769 1450 2820 adventare

387 2857 681 2922 conspexit.
746 2855 883 2906 Vide
903 2868 945 2904 1.
970 2851 1075 2903 Od.
1098 2854 1182 2900 2⁰.

452 2939 516 2987 2⁷
553 2935 640 2985 Me
673 2939 872 2984 truncus
905 2931 1098 2994 illapsus
1117 2923 1325 2985 cerebro,
1345 2919 1455 2986 εγω]

388 3014 465 3064 Ut
502 3020 555 3063 te
589 3010 821 3075 Jupiter,
857 3008 933 3058 sic
954 3020 1037 3056 me
1059 3006 1269 3054 Faunus
1291 2998 1457 3050 immi·

389 3090 539 3142 nenti
574 3089 736 3140 exitio
781 3084 1078 3144 subtr-axin
1114 3095 1231 3132 cnm
1266 3080 1282 3108 ‘
1307 3077 1458 3128 triste

390 3165 621 3240 lignum?
655 3164 915 3218 declinavi
948 3162 1232 3214 ‘caducum
1267 3155 1332 3206 In
1367 3154 1459 3203 do-

393 3249 520 3300 mini
543 3253 703 3312 caput
725 3239 1105 3303 immerentis3'
1142 3245 1200 3290 ut
1234 3242 1319 3287 est
1353 3232 1461 3286 Od.

398 3337 528 3376 1111.
548 3324 697 3388 hujus
722 3321 859 3371 libri.
926 3319 1062 3368 Vide
1089 3316 1298 3367 ibidem.

462 3406 526 3453 28
563 3402 679 3452 Nisi
701 3400 900 3450 Fauna·
927 3399 1071 3448 ictum
1098 3396 1290 3446 Dextra
1307 3392 1458 3440 levas-

396 3480 498 3546 set]
530 3481 822 3540 Perierunt,
847 3475 944 3525 nisi
979 3470 1310 3523 subvenisset
1331 3467 1459 3516 Fau·

399 3574 498 3610 nus
535 3554 790 3608 Mercurii
829 3552 1043 3614 amicus,
1084 3555 1140 3599 et
1179 3543 1464 3596 secundum

402 3634 621 3701 aliquos,
658 3632 798 3684 idem
835 3631 1014 3690 Deus;
1054 3631 1200 3677 certe
1236 3623 1467 3673 literato-

405 3729 519 3764 rum
541 3718 760 3776 uterqne
781 3715 1049 3774 patronus.
1096 3705 1178 3753 De
1200 3696 1468 3750 Mercurio

404 3791 607 3841 dictum
621 3787 732 3853 jam
767 3800 869 3835 non
903 3781 1084 3843 semel,
1102 3777 1322 3829 maxime
1346 3786 1471 3824 vero

406 3886 566 3937 supra
588 3869 696 3922 Od.
715 3881 821 3919 vn.
850 3867 1019 3917 Porro
1035 3860 1173 3928 quod
1196 3858 1300 3909 ruri
1317 3858 1474 3908 bene-

398 3949 603 4012 ficium,
626 3951 885 3997 servatam
905 3954 1097 4007 nempe
1119 3939 1361 3998 salutem,
1391 3949 1476 3984 ac·

407 4028 572 4092 cepit,
595 4026 731 4075 bene
757 4020 922 4072 refert
946 4017 1013 4070 ad
1040 4015 1172 4067 ruris
1195 4013 1478 4077 sylvarum·

410 4120 516 4172 que
530 4106 722 4154 Deum.
751 4100 920 4150 Porro
936 4095 1120 4146 dicitur
1134 4093 1342 4143 Faunus
1355 4087 1480 4136 doc-

412 4192 587 4233 torum
610 4180 837 4229 virorum
859 4178 875 4204 ‘
901 4166 1103 4225 custo's’
1129 4185 1190 4220 ac
1214 4175 1377 4228 tutor,
1401 4163 1483 4213 vel

414 4261 483 4312 ob
526 4260 646 4321 lnce,
683 4254 820 4322 quod
871 4250 1088 4303 studiosi
1136 4259 1393 4298 secessum
1427 4246 1483 4290 et

416 4338 647 4405 quietem
683 4346 747 4384 ac
778 4330 994 4381 liberale
1027 4325 1189 4377 otium
1226 4322 1333 4374 ruri
1363 4332 1486 4372 con-

1529 2607 1746 2657 clientes
1798 2600 2088 2650 habeantur
2134 2588 2408 2645 Mercurii.
2485 2584 2592 2635 Hic

1529 2684 1794 2734 enimvero
1817 2675 2202 2741 disciplinarum
2222 2674 2276 2717 et
2298 2665 2487 2716 artium
2514 2675 2595 2710 re-

1533 2767 1712 2828 pertor
1736 2755 1985 2809 asseritur
2016 2766 2047 2801 a
2071 2745 2307 2800 Diodoro
2331 2739 2509 2792 Siculo
2529 2750 2595 2787 rr.

1534 2845 1584 2892 1.
1607 2847 1662 2889 et
1685 2853 1726 2889 1.
1747 2840 1797 2887 2.
1820 2835 2061 2884 inventor
2082 2827 2369 2877 literarum,
2394 2828 2596 2875 vocum,

1535 2918 1817 2984 palmum,
1859 2917 2206 2959 numerorum,
2241 2899 2389 2964 lyrae,
2426 2890 2600 2944 Medi·

1537 2996 1685 3058 cina»,
1709 2983 2074 3046 Astronomioe,
2092 2977 2317 3043 denique
2344 2974 2601 3035 interpre-

1538 3072 1753 3126 tationis
1777 3066 2071 3120 verborum,
2100 3056 2239 3109 unde
2274 3049 2605 3118 cognomina-

1542 3160 1626 3203 tus
1652 3149 1895 3200 Hermes.
1959 3140 2111 3192 Idem
2142 3133 2369 3186 affirmat
2399 3125 2603 3178 Plinius

1542 3243 1642 3281 vn.
1663 3231 1744 3277 56.
1775 3239 1842 3274 ex
1873 3219 2066 3273 Gellio.
2133 3207 2402 3263 Mercurio
2432 3215 2605 3254 sacras

1543 3320 1658 3357 esse
1703 3305 1904 3366 linguas
1936 3296 2005 3346 ob
2040 3287 2409 3356 eloquentiam,
2444 3279 2609 3331 refert

1540 3384 1828 3434 Athenaeus
1869 3393 1907 3427 ι.
1948 3377 2031 3425 14.
2072 3376 2127 3421 et
2165 3381 2294 3418 xm.
2335 3367 2382 3414 1.
2421 3357 2607 3411 statuis

1543 3457 1799 3512 Mercurii
1824 3462 2068 3518 tanquam
2086 3443 2333 3498 orationis
2355 3447 2409 3490 et
2431 3437 2613 3488 facun-

1547 3539 1649 3589 diae
1672 3532 1910 3602 proesidis
1932 3532 2114 3579 ornata
2134 3522 2295 3573 fuisse
2312 3513 2612 3581 Gymnasia.

1548 3614 1702 3669 Quod
1730 3618 1784 3663 et
1806 3613 2033 3660 testatur
2052 3600 2253 3652 Tullius
2278 3595 2344 3645 ad
2369 3591 2536 3643 Attio.
2554 3595 2616 3638 ut

1550 3693 1797 3744 observat
1819 3678 2153 3739 casaubonus
2177 3676 2232 3726 in
2253 3672 2473 3723 citatum
2496 3679 2617 3717 mox

1554 3765 1795 3822 Athenaei
1817 3766 2006 3814 locum.

1619 3851 1684 3899 80
1721 3843 1935 3894 Reddere
1971 3828 2209 3892 victimas,
2244 3823 2357 3891 alym]
2398 3818 2621 3871 votivas

1558 3925 1689 3978 offer
1710 3921 1946 3973 victimas
1969 3914 2002 3968 J
2009 3912 2092 3964 ovi
2115 3901 2379 3960 servatori
2400 3916 2413 3950 z
2454 3896 2622 3948 aedem

1561 4014 1768 4070 quoque
1794 4011 1885 4050 seu
1909 3989 2183 4055 templum,
2205 3980 2346 4048 quod
2371 3989 2513 4042 aeger
2531 3986 2623 4023 vo-

1563 4079 1703 4136 visti,
1724 4078 1767 4127 si
1789 4069 2203 4125 convalesceres,
2211 4061 2322 4125 jam
2348 4054 2456 4106 voti
2488 4064 2627 4113 reus,
