3059 4909
997 395 1417 447 cARanuM
1469 388 1612 444 me.
1662 397 1741 447 11.
1785 384 1850 448 7.

2400 382 2530 449 285

585 536 723 604 Sed
746 559 852 606 me
882 560 1003 625 per
1029 542 1260 607 hostes
1290 539 1673 608 Mercurius
1705 543 1879 607 celer

586 641 817 709 Denso
850 650 1206 728 paventem
1237 634 1509 709 sustulit
1538 644 1732 709 aere:

326 809 397 845 me
415 808 500 859 per
521 795 676 846 hostes
694 797 804 847 o'e’n
821 796 972 862 spisso
994 796 1182 860 rapuit:
1218 802 1264 846 te
1287 809 1416 845 mare
1436 793 1651 855 fremens
1681 800 1730 845 et
1762 800 1971 846 oesluaus
2005 772 2233 861 retruxit,
2267 797 2529 863 iterumque

1318 905 1531 961 NOTAE

325 1007 670 1072 decertasset,
690 1017 744 1060 et
775 1010 983 1062 Cassius
1005 1025 1120 1061 cum
1145 1007 1386 1074 Augusto

325 1086 550 1148 Caute,
581 1087 679 1152 ipsi
703 1101 854 1153 pares
876 1087 1014 1139 iuter
1040 1102 1096 1138 se
1126 1084 1381 1137 fuissent:

323 1163 416 1214 sed
446 1162 571 1214 dum
613 1165 808 1216 Brutus
848 1164 1108 1215 Caesarem
1146 1164 1381 1215 imbecil-

318 1241 433 1292 lum
471 1241 617 1305 vicit,
665 1242 924 1294 Antonius
960 1250 1138 1294 autem
1184 1242 1385 1305 Cassio,

321 1319 408 1383 qui
432 1334 527 1384 par
555 1320 605 1369 ei
629 1320 829 1370 bellicis
853 1321 906 1371 in
945 1320 1100 1371 rebus
1124 1335 1225 1371 uon
1247 1328 1382 1382 eret,

321 1398 562 1461 superior
604 1396 721 1460 fuit,
752 1399 979 1449 victores
1004 1397 1383 1464 quodammodo

319 1471 445 1523 victi
469 1472 861 1538 discesserunt,'
884 1478 981 1526 διο.

384 1553 627 1618 Minoo-es]
663 1553 862 1604 Milites
898 1553 1049 1603 Bruti
1086 1552 1286 1605 scilicet
1321 1566 1382 1603 ac

318 1644 493 1680 eorum
539 1630 714 1689 Duces
753 1622 1078 1694 arrogantius
1105 1629 1383 1695 jactabant

316 1690 483 1757 ¹suiuus
507 1707 559 1755 in
580 1706 925 1772 Caesarianos,
944 1721 1071 1772 quos
1096 1707 1255 1772 priori
1269 1720 1380 1757 cer-

316 1781 510 1832 tamine
526 1793 922 1846 superaverant,
943 1791 1049 1834 tam
1067 1791 1252 1848 aperta
1268 1784 1378 1849 qui-

317 1858 438 1910 dem
461 1860 715 1926 uictoria,
733 1869 793 1912 ut
830 1861 1039 1912 ‘castra
1066 1859 1286 1911 Caesaris
1323 1866 1383 1910 et

318 1936 558 2000 Antonii,
573 1953 793 2003 quasque
816 1939 867 1988 iu
888 1938 1072 1989 castris
1087 1944 1255 2002 erant,
1271 1953 1378 1988 om·

316 2013 404 2062 nia
423 2023 584 2077 capta
616 2014 755 2077 sint3
798 2031 859 2065 ac
884 2016 1064 2065 Caesar
1092 2015 1201 2080 ipse
1222 2014 1379 2066 mira·

317 2089 496 2140 biliter
539 2092 708 2142 salvus
749 2092 1010 2144 evaserit?
1057 2094 1139 2143 Ex
1183 2093 1378 2159 Xiphil.

315 2166 435 2217 loco
454 2181 577 2218 mox
599 2166 694 2219 cit.
759 2168 898 2219 Item
931 2183 999 2218 ex
1022 2168 1267 2235 Appiano
1287 2169 1379 2220 lib.

315 2257 395 2294 tv.
430 2244 584 2297 Civil.
602 2246 736 2296 Bell.
760 2246 908 2296 Rom.
928 2247 1123 2298 Brutus
1138 2247 1251 2313 ipse
1266 2249 1380 2298 bos·

316 2327 397 2371 tes
413 2324 776 2373 retrocessisse
793 2324 1072 2389 accipiens,
1087 2326 1161 2376 sic
1178 2324 1378 2376 illudit:

316 2399 332 2426 ‘
357 2399 431 2449 Hi
454 2405 513 2449 ut
536 2398 768 2451 defessos
792 2415 882 2451 uos
916 2411 1262 2466 provocantes
1286 2404 1380 2453 mi-

317 2476 456 2526 nime
486 2478 716 2541 experiri
749 2480 860 2529 ausi
899 2479 1056 2529 suut.'
1123 2480 1255 2530 Cum
1291 2495 1382 2530 au-

316 2560 427 2604 tem
476 2553 800 2607 Caesarianos
844 2556 1169 2622 intelligeret
1208 2557 1384 2608 inedia

317 2639 373 2682 et
406 2630 546 2683 fame
583 2647 746 2697 prope
786 2644 1017 2693 euectos,
1041 2650 1102 2686 ac
1137 2633 1383 2685 morando

317 2709 452 2758 citra
507 2723 718 2758 suorum
775 2711 1082 2774 periculum,
1125 2711 1383 2762 conficere

316 2786 498 2846 vellet,
516 2784 1003 2850 ‘conquerebantur
1033 2788 1244 2846 milites,
1274 2803 1383 2838 mn-

315 2861 501 2911 lierum
534 2876 695 2924 more,
724 2863 865 2915 intra
903 2866 1092 2916 vallum
1124 2881 1182 2917 se
1218 2867 1384 2917 conti·

318 2938 467 2988 uerit
504 2939 963 2992 excandescebant
999 2943 1160 2994 etiam
1204 2958 1384 2994 eorum

317 3018 498 3068 Duces
544 3052 558 3068 .
587 3052 601 3067 .
622 3051 637 3066 .
683 3020 963 3086 hostesque
1020 3022 1088 3072 ab
1143 3025 1383 3074 exercitu

317 3102 526 3159 promto
550 3103 605 3145 et
629 3103 812 3160 parato
834 3096 1081 3149 facillime
1106 3099 1243 3151 vinci
1271 3115 1383 3165 pos·

317 3185 374 3221 se
412 3172 803 3225 existimabant.
828 3209 842 3224 .
871 3207 885 3224 .
908 3209 923 3225 .
947 3176 1158 3226 tandem
1181 3179 1383 3229 exerci-

320 3257 404 3299 tus
432 3265 528 3314 per
558 3251 820 3315 cohortes,
841 3266 902 3302 ec
926 3253 1116 3303 deinde
1140 3267 1235 3318 per
1257 3270 1381 3306 con-

315 3340 518 3390 cursus,
560 3329 795 3391 spertius
834 3330 1204 3395 conqueritur:
1254 3331 1380 3397 quid

316 3405 529 3454 tandem
553 3404 847 3469 Imperator
864 3414 1046 3457 noster
1060 3407 1343 3457 meditatur
1361 3410 1381 3457 ἓ

312 3481 371 3529 in
405 3496 511 3546 quo
546 3496 712 3546 nuper
736 3483 1002 3534 victoriam
1038 3485 1219 3550 adepti
1250 3486 1382 3536 deli-

248 3595 253 3600 .
315 3559 556 3624 quimus?
581 3595 596 3611 .
615 3593 630 3608 .
650 3598 663 3612 .
686 3562 1005 3614 instantibus
1021 3564 1246 3631 denique
1265 3570 1389 3629 per-'

316 3639 571 3689 tinaciter
588 3640 818 3691 Ducibus
837 3657 899 3692 ac
916 3642 1227 3707 primoribus
1249 3645 1382 3693 Bru·

316 3722 402 3765 tus
462 3715 780 3783 indignatus,
835 3735 1020 3770 eorum
1075 3722 1379 3785 temeritati,

317 3793 634 3858 proprioque
669 3795 956 3847 discrimini
990 3811 1228 3847 assensus
1266 3798 1385 3848 est.'

316 3868 519 3933 Xipbil.
543 3870 672 3922 ibid.

385 3949 449 3994 12
485 3945 642 4011 Turpe
675 3948 829 4000 solum
866 3952 1068 4013 tetigere
1102 3951 1282 4016 mento]
1315 3952 1381 4002 Id

317 4028 418 4078 est,
449 4021 578 4072 victi
602 4025 949 4093 procubuere,
972 4032 1075 4079 non
1099 4029 1210 4079 sine
1232 4030 1382 4096 gravi

321 4097 655 4175 turpitudinis
697 4109 842 4168 nota,
877 4104 944 4154 ob
974 4107 1205 4168 priorem
1240 4121 1381 4157 arro-

316 4171 567 4228 gantiam,
612 4180 674 4215 ac
709 4168 909 4231 minas:
966 4173 1161 4222 atenim
1201 4174 1379 4223 memi-

317 4242 454 4291 nisse
491 4243 789 4308 oportebat,
809 4246 948 4312 quod
969 4247 1152 4299 scribit
1174 4250 1288 4302 Cic.
1312 4251 1379 4302 ed

318 4314 489 4371 Attio.
516 4331 619 4369 vn.
661 4323 711 4371 3.
746 4326 761 4351 ⁴
788 4321 1062 4376 Armorum
1093 4327 1265 4379 exitus
1303 4328 1379 4378 iu-

1465 1015 1636 1058 certos
1659 1022 1772 1060 esse
1795 1023 2000 1074 semper
2020 1008 2053 1071 ;’
2088 1017 2269 1077 atque,
2293 1018 2307 1040 ‘
2326 1012 2526 1075 ancipi-

1465 1092 1573 1135 tem
1596 1084 1860 1137 fortunam
1895 1086 2054 1150 belli,’
2075 1103 2168 1152 pro
2195 1089 2271 1138 Μ.
2299 1090 2528 1140 Marcel-

1464 1166 1535 1216 lo.
1595 1165 1698 1216 Alii
1743 1167 2009 1239 explicant
2047 1173 2182 1232 hope
2219 1171 2387 1232 sulm,
2423 1176 2528 1218 ter-

1462 1256 1571 1293 ram
1602 1258 1783 1295 cruore
1815 1242 2085 1309 foedatam,
2109 1261 2281 1312 quam,
2304 1247 2392 1312 qui
2418 1247 2529 1296 vul-

1462 1321 1672 1371 neribus
1700 1320 1924 1372 confecti
1947 1323 2161 1383 cadunt,
2183 1325 2425 1375 dentibus
2448 1340 2528 1376 so·

1463 1397 1576 1448 lent
1599 1398 1992 1462 apprehendere
2012 1417 2027 1462 3
2058 1409 2152 1451 ant
2173 1403 2357 1454 saltem
2381 1402 2529 1453 labra

1464 1474 1724 1525 mordicus
1749 1466 2021 1539 premere3
2058 1492 2149 1527 seu
2172 1477 2350 1528 dolore
2371 1486 2426 1530 et
2450 1479 2528 1530 ira

1464 1552 1662 1610 adacti,
1697 1565 1789 1602 seu
1813 1567 1878 1603 ue
1900 1567 2052 1619 quam
2078 1554 2321 1605 emittant
2345 1571 2526 1606 vocem

1464 1630 1812 1693 querelarum,
1836 1645 1931 1681 sua
1954 1631 2145 1682 virtute
2179 1639 2234 1683 et
2260 1633 2524 1684 existima·

1463 1707 1606 1757 tione
1631 1706 1914 1772 indignam.
2219 1716 2224 1721 ’

1531 1784 1748 1848 Tetigere
1766 1786 1943 1850 mento]
1970 1785 2145 1836 Prona
2167 1786 2218 1835 in
2237 1792 2429 1837 terram
2445 1784 2524 1836 fa-

1460 1859 1563 1923 cie,
1587 1861 1638 1910 in
1663 1862 1876 1924 pulvere
1910 1862 2144 1912 volutati.
2200 1862 2389 1927 virgil.
2411 1862 2526 1913 AEn.

1462 1949 1545 1986 ιι.
1567 1941 1685 1988 418.
1715 1938 1731 1967 ‘
1750 1937 2042 1989 Procubuit
2080 1938 2326 2001 moriens,
2345 1944 2402 1989 et
2432 1939 2527 1987 bu·

1460 2030 1598 2065 mum
1635 2016 1788 2065 simul
1811 2030 1903 2066 ore
1935 2014 2251 2066 momordit.’
2304 2016 2372 2065 Et
2396 2014 2527 2065 ibid.

1463 2108 1541 2142 vs.
1562 2097 1676 2143 668.
1714 2094 1729 2121 ‘
1748 2093 2024 2158 Sanguinis
2048 2092 2135 2142 ille
2160 2080 2365 2142 voinens
2391 2091 2528 2141 rivos

1460 2164 1625 2234 cadit,
1636 2163 1791 2237 atque
1802 2178 2069 2223 cruentam
2082 2169 2291 2223 Mandit
2303 2168 2529 2233 bum‘um,

1458 2249 1790 2315 moriensque
1814 2264 1908 2300 suo
1930 2264 1986 2299 se
2008 2249 2062 2300 in
2083 2249 2296 2299 vulnere
2315 2248 2527 2301 versat.'

1484 2348 1491 2355 ·
1527 2329 1590 2375 13
1615 2326 1714 2377 Sed
1736 2342 1808 2377 me
1826 2342 1912 2391 per
1932 2327 2087 2377 hostes
2096 2327 2369 2377 Mei-curin
2389 2328 2532 2391 celer,

1460 2403 1571 2468 ism]
1596 2403 1834 2467 Metapb.
1854 2405 1987 2454 Tum
2011 2419 2135 2454 vero
2157 2403 2272 2455 fuso
2297 2404 2529 2455 citercitu

1462 2485 1662 2540 nostro,
1683 2478 1866 2530 furtim
1902 2495 1985 2530 me
2019 2480 2275 2545 proripui,
2296 2495 2357 2531 ac
2391 2481 2530 2531 cele·-

1464 2556 1592 2605 riter
1613 2554 1745 2620 fugi,
1767 2557 1902 2608 duce
1937 2557 2227 2621 Mercurio,
2247 2559 2336 2623 qui
2357 2558 2527 2609 alatus

1458 2631 1682 2697 fingitur
1716 2640 1770 2683 et
1800 2632 1928 2684 furti
1966 2634 2134 2696 Deus,
2169 2648 2209 2683 1.
2244 2633 2347 2685 od.
2368 2638 2449 2684 10.
2475 2635 2529 2684 in

1465 2711 1611 2773 cujus
1650 2710 1806 2760 etiam
1852 2711 2016 2761 tutela
2052 2718 2175 2761 sunt
2214 2711 2399 2777 Docti,
2437 2711 2528 2777 qui

1465 2786 1664 2837 idcirco
1688 2790 1703 2816 ‘
1729 2787 2102 2838 Mercuriales’
2125 2793 2392 2847 vocantur,
2408 2788 2530 2840 Ode

1467 2877 1611 2914 xvn.
1648 2864 1770 2914 libri
1805 2864 1973 2929 liujus.
2040 2865 2335 2930 Ingeniosa
2372 2878 2530 2928 porro

1462 2957 1572 2993 suae
1598 2940 1735 3007 fugoe
1760 2943 1991 3009 alioquin
2014 2943 2275 2994 indecorae
2299 2957 2362 2994 ac
2390 2941 2531 3007 turpi

1461 3020 1690 3069 colorem
1712 3017 1806 3069 dat
1828 3019 2102 3083 Horatius,
2126 3019 2448 3070 subtractum
2473 3031 2529 3068 se

1463 3095 1767 3153 discrimini,
1792 3102 2185 3163 protectumque
2206 3113 2238 3147 a
2251 3097 2532 3161 Mercurio,

1464 3172 1679 3234 diceus;
1714 3173 1768 3224 id
1807 3188 1995 3239 nempe
2030 3173 2228 3239 fingens
2262 3175 2363 3225 sibi
2397 3177 2535 3226 acci·

1464 3249 1623 3312 disse,
1645 3250 1784 3315 quod
1811 3251 2018 3301 Priamo
2039 3251 2223 3302 scribit
2251 3251 2529 3302 Homerus.

1463 3325 1603 3376 Vide
1647 3322 1776 3377 Not.
1817 3341 1856 3378 ι.
1898 3327 2004 3377 Od.
2045 3333 2123 3378 10.
2162 3333 2241 3379 14.
2284 3328 2530 3394 quodque

1461 3401 1644 3452 Paridi
1667 3417 1703 3452 ι.
1722 3405 1828 3456 Od.
1849 3410 1928 3456 15.
1965 3404 2102 3455 Item
2119 3405 2361 3468 Hectori,
2375 3420 2529 3471 quem

1461 3478 1656 3544 Apollo
1678 3481 1789 3545 pari
1814 3483 1964 3536 modo
1988 3489 2184 3545 servat,
2217 3479 2317 3547 ἠέρι
2342 3483 2528 3546 πολλῇ,

1462 3557 1618 3609 Iliad.
1640 3564 1694 3609 Υ.
1726 3559 1813 3610 Sic
1834 3566 1890 3609 et
1904 3558 2091 3624 virgil.
2111 3559 2320 3610 AEneam
2341 3574 2372 3609 a
2391 3560 2530 3624 Nep·

1463 3642 1591 3688 tuno
1614 3637 1681 3686 de
1698 3635 1916 3687 Achillis
1938 3636 2172 3685 manibus
2193 3644 2431 3699 ereptum
2452 3636 2528 3685 in·

1462 3711 1627 3778 ducit,
1661 3713 1867 3763 IEueid.
1903 3727 1958 3763 v.
1983 3716 2098 3762 800.
2136 3713 2152 3739 ‘
2181 3712 2379 3761 Pelidae
2405 3717 2530 3762 tunc

1462 3803 1564 3853 ego
1609 3788 1732 3838 forti
1777 3789 2125 3852 congressum
2170 3787 2385 3838 IEueam
2431 3802 2530 3838 nec

1465 3868 1585 3918 Diis
1628 3881 1724 3917 nec
1765 3865 1958 3916 viribus
2004 3863 2166 3931 aeqnis
2204 3864 2360 3915 Nube
2401 3878 2531 3916 cava

1463 3942 1666 4008 ernpuu'

1529 4025 1594 4072 14
1625 4022 1790 4072 Denso
1810 4021 1945 4086 uere]
1978 4020 2156 4083 Nube,
2192 4035 2309 4087 quoe
2343 4021 2531 4072 densa·

1463 4104 1549 4149 tus
1572 4107 1655 4150 est
1672 4097 1780 4150 aer.
1827 4100 2039 4150 Homer.
2058 4098 2214 4150 Iliad.
2242 4104 2293 4148 Γ.
2327 4098 2394 4148 de
2429 4097 2531 4147 Pa-

1462 4174 1577 4226 ride
1599 4175 1665 4226 ab
1682 4175 1884 4240 impetu
1902 4175 2130 4226 Menelai
2156 4188 2252 4239 per
2269 4174 2528 4225 Venerem

1462 4260 1704 4304 exemto:
1737 4252 1828 4303 Τὸν
1855 4254 1896 4303 δ’
1921 4252 2134 4316 ἐξήρπαξ’
2159 4250 2428 4317 Ἀφροδίτη,
2445 4284 2459 4300 .
2479 4285 2492 4301 .
2513 4283 2529 4299 .

1460 4328 1673 4395 ἐκάλυψε
1695 4332 1732 4380 δ’
1758 4329 1830 4395 ἄρ’
1852 4327 1953 4394 ἠέρι
1973 4330 2159 4394 πολλῇ.
2263 4378 2270 4383 .
