3059 4909
1020 369 1435 426 etiamnum
1486 370 1631 422 ms.
1677 370 1793 431 ιιι,
1834 357 1898 422 3.
2415 356 2545 425 391

694 510 833 577 Sed
863 511 1207 584 bellicosis
1235 512 1380 578 fata
1409 511 1791 592 Quiritibus

699 613 856 679 Hac
885 614 1027 698 lege
1056 615 1229 694 di‘co,
1258 636 1340 681 ne
1358 616 1634 684 nimium
1663 617 1784 700 pii,

783 716 1147 801 Rebusque
1168 718 1468 797 fidenteS,
1498 719 1701 798 avitae

864 818 1079 886 Tecta
1105 820 1322 885 velint
1352 841 1657 906 reparare
1688 822 1936 906 Trojae.

692 918 915 1003 Trojae
945 941 1298 992 renascens
1328 924 1488 990 alite
1517 924 1780 1006 lugubri

695 1020 1001 1086 Fortuna
1030 1024 1202 1088 tristi
1228 1024 1420 1090 clade
1451 1027 1813 1105 iterabitur,

779 1122 1090 1188 Ducente
1121 1126 1431 1190 victrices
1466 1128 1776 1192 catervas

862 1224 1167 1309 Conjuge
1191 1245 1297 1293 me
1325 1228 1372 1291 J
1376 1228 1524 1293 ovis
1554 1235 1624 1292 et
1655 1247 1904 1296 sorore.

2455 825 2543 888 60

340 1472 432 1520 quo
453 1459 616 1510 nubila
637 1466 685 1511 et
705 1459 879 1510 itnbres
897 1460 1112 1511 seviant.
1188 1461 1362 1513 Verum
1387 1463 1501 1524 fata
1518 1460 1680 1511 sancio
1699 1461 1929 1511 Romanis
1955 1461 2130 1511 militia
2149 1461 2343 1526 iuclytis
2362 1475 2418 1512 ea
2437 1475 2545 1510 eoa-

341 1522 545 1585 ἀὶιίοπο,
580 1531 634 1575 ut
668 1541 760 1575 non
780 1527 884 1589 plus
903 1542 1043 1588 quam
1066 1527 1156 1586 sas
1176 1533 1248 1575 est
1279 1527 1373 1589 pii,
1403 1541 1515 1576 nece
1537 1527 1699 1591 opibus
1718 1526 1895 1587 innixi,
1913 1531 2138 1588 satagant
2157 1528 2364 1590 antiqnae
2390 1524 2545 1586 stojoe

340 1589 502 1662 domos
524 1591 810 1641 instaurare.
881 1592 1100 1653 Namque
1120 1606 1221 1641 sors
1246 1591 1400 1650 Trqioe
1419 1606 1670 1653 resurgens
1691 1591 1916 1650 infaustis
1934 1592 2159 1655 auspiciis
2178 1597 2415 1655 repetetur
2431 1604 2547 1640 casu

340 1655 517 1704 uerum
545 1656 769 1718 luctuoso,
805 1654 1142 1719 triumphantis
1170 1657 1408 1706 exercitus
1427 1658 1638 1707 ductrice
1659 1672 1730 1707 me
1750 1657 1889 1706 Jovis
1915 1671 2061 1706 uxore
2080 1662 2127 1706 et
2148 1671 2325 1707 sorore.
2390 1653 2451 1705 Si
2472 1658 2546 1704 ter

1335 1802 1556 1854 NOTAE

407 1936 471 1983 5⁷
506 1931 604 1983 Sed
618 1932 969 1992 bellicosissata
990 1932 1279 1997 Quiritibus,
1296 1933 1406 1999 ξω]

343 2008 437 2058 Bis
462 2008 577 2072 jam
601 2008 732 2072 dixi,
768 2014 825 2058 et
860 2010 1071 2059 tertium
1095 2017 1299 2072 repeto,
1321 2024 1406 2059 me

340 2085 590 2135 Romanis
627 2086 914 2150 indulgere,
945 2075 1003 2137 nt
1024 2088 1132 2136 sint
1151 2086 1291 2136 orbis
1314 2085 1407 2137 do·

341 2161 488 2224 mini,
524 2162 616 2212 sed
637 2178 713 2212 -ea
750 2170 951 2213 tantum
988 2165 1125 2227 lege,
1159 2178 1243 2226 ne,
1273 2178 1404 2229 prae-

347 2247 561 2304 postera
587 2240 716 2291 moti
741 2242 941 2304 pietate
969 2240 1020 2290 in
1046 2240 1264 2304 patriam
1288 2255 1410 2290 avo·

345 2330 459 2365 rum
493 2332 698 2367 snorum
731 2318 953 2381 Trojam,
989 2318 1106 2381 ejus
1140 2332 1309 2367 muros
1350 2325 1406 2368 et

342 2400 490 2444 tecta
530 2394 690 2444 velint
716 2408 981 2458 reparare,
1010 2408 1145 2443 neve
1169 2395 1274 2444 suis
1296 2394 1407 2458 opi-

343 2469 439 2521 bus
456 2485 518 2520 ac
543 2469 697 2520 rebus
715 2471 980 2536 prosperis
993 2469 1215 2520 fidentes
1237 2470 1289 2520 id
1314 2485 1405 2520 un-

341 2559 497 2611 quam
535 2546 833 2597 moliantur.
900 2545 1053 2599 Quod
1089 2546 1131 2595 si
1162 2541 1406 2609 fecerint,

341 2622 492 2673 malis
530 2623 773 2686 auspiciis
803 2628 861 2673 et
898 2623 1024 2672 alite
1057 2622 1266 2685 lugubri
1294 2621 1407 2671 fax-

334 2697 417 2748 int
435 2716 452 2750 ι
485 2699 748 2765 enimvero
767 2699 906 2749 tristi
923 2699 1068 2749 clade
1082 2698 1270 2747 iterum
1287 2698 1405 2749 sub·

344 2776 761 2840 vertetur'l'roja,
784 2775 1015 2841 quamvis
1032 2776 1189 2824 muris
1212 2774 1407 2839 aeneis,

341 2861 558 2902 auctore
581 2851 737 2901 etiam
762 2851 1026 2914 Apolline,
1048 2850 1359 2901 stabiliatur.

408 2933 475 2978 59
507 2926 698 2991 Avitae]
762 2926 954 2977 AEneas
999 2941 1115 2975 cum
1158 2928 1407 2991 Trojano-

341 3017 456 3053 rum
479 3003 684 3053 colonia
722 3000 740 3029 ‘
756 3001 911 3051 Ilium
932 3002 984 3051 in
1007 3001 1215 3051 Italiam
1233 3000 1248 3024 ’
1287 3017 1407 3066 por-

341 3081 475 3138 tavit
511 3082 526 3109 ‘
553 3081 821 3144 victosque
845 3078 1106 3129 Penates-⁹
1140 3079 1341 3130 AEneid.
1365 3094 1405 3130 1.

347 3210 356 3214 ,
408 3161 474 3207 60
513 3158 659 3206 Tecta
678 3157 826 3206 velint
844 3171 1067 3221 reparare
1093 3155 1271 3220 Trqioe]
1303 3157 1407 3206 Pa-

339 3235 453 3288 triae
490 3241 637 3285 certe
673 3235 909 3286 caritatis
931 3234 983 3282 in
1009 3234 1151 3283 illum
1174 3234 1401 3298 antiquae

340 3325 448 3362 suae
489 3311 701 3376 originis
738 3312 907 3360 locum
940 3310 1158 3359 Romani
1198 3323 1403 3359 sensum

336 3386 530 3438 habere
572 3402 629 3436 se
669 3387 855 3437 testati
899 3397 1020 3435 sunt
1053 3385 1191 3435 haud
1228 3386 1404 3435 semel.

341 3464 477 3518 Nam
519 3462 750 3513 deletum
790 3477 820 3510 a
856 3464 916 3512 C.
956 3462 1179 3512 Fimbria
1222 3463 1405 3512 Cinnae

317 3539 513 3602 ‚legato
539 3539 687 3588 Ilium
715 3544 1088 3587 restaurarunt.
1132 3537 1272 3588 Vide
1293 3538 1405 3587 [ἡν.

342 3615 487 3684 Epit.
506 3615 599 3684 lib.
626 3627 870 3666 Lxxxm.
939 3612 1167 3678 Appian.
1190 3614 1432 3676 Sueton„

340 3692 522 3752 Claud.
546 3707 666 3757 cap.
688 3697 771 3744 25.
804 3699 819 3720 ‘
836 3691 1113 3741 Iliensibus
1133 3692 1277 3755 quasi
1302 3691 1407 3740 Ro-

340 3782 508 3818 manae
553 3768 723 3830 gentis
769 3766 1067 3817 auctoribus
1111 3765 1309 3815 tributa
1353 3767 1404 3815 in

338 3853 654 3911 perpetuum
695 3846 920 3896 remisit:
968 3845 1191 3894 recitata
1231 3852 1406 3893 vetere

339 3923 567 3987 epistola
612 3923 806 3973 Graeca
845 3922 1066 3972 Senatus
1108 3919 1404 3984 Pupuliqne

340 3994 562 4050 Romani
597 3999 818 4049 Seleuco
860 3998 991 4061 Regi
1034 3998 1310 4046 amicitiam
1351 4005 1409 4046 et

342 4077 655 4148 societatem
677 4077 751 4123 ita
773 4074 978 4123 demum
1016 4074 1329 4137 pollicentiS,
1364 4074 1410 4122 si

343 4153 761 4215 consanguineos
785 4164 901 4201 suos
924 4149 1142 4199 Ilienses
1172 4150 1237 4199 ab
1273 4151 1411 4200 omni

348 4244 506 4282 onere
531 4228 783 4278 immunes
806 4226 1173 4293 praestitisset?

1551 1937 1613 1983 61
1662 1932 1800 1985 Alite
1837 1932 2051 1997 lugubri]
2096 1931 2115 1961 ‘
2148 1931 2291 1983 Mala
2330 1931 2461 1995 avi3'
2506 1945 2546 1983 1.

1487 2010 1595 2062 Od.
1620 2014 1700 2061 1⁵.
1766 2011 1851 2060 Ex
1885 2012 2054 2060 avium
2089 2016 2324 2073 aspectu,
2353 2010 2546 2071 volatu,

1485 2093 1664 2147 cantu,
1689 2087 1922 2151 auspicia
1944 2087 2146 2153 captari
2169 2085 2339 2149 solita,
2368 2090 2547 2134 notum

1485 2171 1586 2212 est.

1549 2243 1615 2290 64
1651 2238 1862 2303 Conjuge
1890 2254 1964 2289 me
1982 2238 2124 2288 Jovis
2145 2242 2192 2288 et
2213 2234 2394 2299 sorore]
2426 2234 2547 2284 Vir-

1485 2318 1575 2381 gil.
1597 2315 1802 2366 AEneid.
1823 2330 1862 2366 1.
1890 2320 1972 2365 50.
2005 2313 2023 2342 ‘
2047 2313 2146 2365 Ast
2175 2327 2271 2377 ego
2300 2327 2418 2379 quae
2452 2311 2545 2362 Di-

1485 2408 1605 2443 vum
1627 2392 1813 2442 incedo
1835 2392 2057 2456 Regina,
2085 2390 2336 2455 Jovisque
2365 2390 2435 2440 Et
2467 2402 2548 2438 so-

1484 2484 1574 2519 ror
1596 2477 1653 2520 et
1678 2468 1905 2533 conjux?
1968 2466 2181 2518 Servius
2203 2465 2331 2516 ibid.
2362 2468 2378 2494 ⁸
2405 2463 2549 2528 Phy-

1484 2546 1616 2610 sici,'
1671 2547 1860 2612 inquit,
1905 2547 1921 2575 ‘
1947 2547 2192 2594 aetherem
2239 2544 2446 2604 Jovem,
2490 2539 2543 2590 id

1486 2633 1570 2676 est
1612 2625 1785 2689 ignem
1812 2625 1993 2675 volunt
2021 2623 2257 2686 intelligi,
2287 2620 2548 2672 Jnnonem

1486 2716 1613 2752 vero
1653 2700 1860 2752 aetem:
1894 2706 1950 2749 et
1989 2700 2109 2763 qnia
2141 2697 2398 2747 tenuitate
2436 2695 2548 2744 haec

1487 2782 1751 2832 elementa
1790 2778 1941 2843 paria
1977 2783 2117 2837 suut,
2153 2774 2399 2825 dixerunt
2435 2786 2549 2822 esse

1484 2870 1761 2920 germana:
1806 2863 1863 2905 et
1901 2855 2138 2918 quoniam
2178 2851 2340 2912 Juno,
2379 2848 2431 2898 id
2467 2853 2552 2898 est

1487 2931 1596 2991 aer,
1630 2932 1738 2995 igni
1778 2929 2040 2994 subjectus
2078 2934 2181 2992 est,
2203 2926 2328 2990 jure
2367 2937 2550 2987 super-

1485 3009 1656 3074 posito
1689 3010 1949 3057 elemento
1988 3004 2164 3055 mariti
2197 3015 2383 3052 nomen
2420 3000 2551 3050 indi·

1486 3085 1633 3138 tum!
1692 3086 1888 3135 Cic.11.
1929 3082 1996 3132 de
2034 3081 2162 3131 Nat.
2185 3080 2347 3129 Deor.
2384 3091 2436 3125 n.
2465 3078 2553 3126 66.

1486 3164 1503 3192 ‘
1526 3162 1652 3225 Aer,
1668 3169 1727 3211 nt
1747 3161 1911 3211 Stoici
1932 3159 2225 3223 disputant,
2245 3153 2549 3217 interjectus

1485 3239 1628 3290 inter
1648 3252 1791 3289 mare
1813 3245 1870 3287 et
1892 3235 2076 3286 coelum
2099 3231 2321 3285 Jnnonis
2343 3228 2552 3279 nomine

1484 3322 1857 3376 consecratur;
1889 3327 2005 3378 quae
2046 3317 2130 3361 est
2165 3321 2309 3357 soror
2342 3312 2396 3355 et
2427 3318 2548 3354 con-

1475 3393 1577 3457 jux
1622 3391 1803 3451 Jovis3
1862 3387 2000 3453 qnod
2043 3392 2100 3437 et
2140 3382 2427 3434 similitudo
2469 3388 2552 3432 est

1487 3468 1717 3526 aetheris,
1753 3473 1810 3516 et
1842 3479 1960 3515 cum
1989 3462 2057 3513 eo
2080 3474 2276 3512 summa
2301 3458 2551 3521 conjunc-

1490 3544 1583 3593 tio.
1649 3539 2046 3592 Effoeminarunt
2066 3543 2241 3587 autem
2286 3548 2424 3596 enm,
2454 3532 2550 3585 Ju-

1485 3619 1709 3682 nonique
1735 3617 2049 3677 tribuerunt,
2073 3612 2211 3677 quod
2235 3610 2364 3659 nihil
2382 3616 2466 3659 est
2488 3622 2550 3657 eo

1485 3693 1725 3745 mollius.'
1805 3689 2049 3744 Macrob.
2089 3690 2139 3736 in
2187 3688 2366 3737 Somn.
2404 3683 2549 3748 Scip.

1484 3786 1524 3822 1.
1547 3775 1628 3820 17.
1652 3771 1669 3798 ‘
1694 3768 1849 3833 Apud
1866 3761 2195 3828 Theolog03‚'
2216 3761 2404 3825 inquit,
2424 3761 2440 3787 ‘
2456 3758 2491 3812 J
2498 3773 2553 3809 u-

1487 3848 1626 3912 piter
1665 3853 1750 3896 est
1789 3843 1968 3894 mundi
2014 3840 2199 3903 anima,
2234 3839 2351 3888 hinc
2385 3836 2549 3888 illud:

1484 3926 1601 3974 ‘Ab
1636 3925 1770 3977 Jove
1811 3919 2123 3987 principium
2160 3919 2368 3967 Mnsaet
2404 3913 2553 3967 Jovis

1487 4000 1660 4050 omnia
1683 3997 1871 4063 plena-³
1939 3997 2093 4049 Quod
2112 3994 2201 4044 alii
2224 3992 2406 4043 Poetae
2432 3995 2557 4041 sunt

1488 4077 1711 4126 mutuati
1747 4074 1814 4125 de
1851 4073 2038 4136 Arato,
2070 4071 2160 4139 qui
2202 4072 2268 4121 de
2302 4068 2555 4118 sideribus

1490 4154 1827 4210 locuturuma
1846 4152 2013 4212 Coelo,
2028 4150 2080 4200 in
2098 4162 2198 4213 quo
2221 4154 2342 4197 sunt
2363 4145 2552 4203 sidera,

1494 4229 1766 4280 exordium
1784 4225 2091 4279 sumendum
2115 4238 2232 4276 esse
2247 4223 2471 4274 decerne
2479 4233 2556 4276 us,
