3059 4909
996 370 1094 416 An
1139 367 1553 418 cAanuM
1603 370 1749 419 ma.
1796 370 1844 418 1.
2372 356 2499 422 241

1038 611 1551 678 EXCURSUS
1629 613 1767 678 ΙΙΙ.

1232 775 1335 826 AD
1370 774 1488 827 on.
1522 778 1590 827 x.

1119 940 1215 988 DE
1264 940 1688 989 MERCURIO.

308 1091 436 1140 Non
469 1096 554 1140 est
586 1090 801 1148 animus,
829 1104 894 1140 ne
916 1089 1029 1154 quis
1052 1095 1212 1151 erret,
1233 1102 1474 1138 enarrare
1507 1081 1608 1139 hoc
1647 1090 1773 1141 loco*
1794 1103 1994 1141 omnem
2030 1093 2094 1142 de
2118 1094 2382 1145 Mercurio
2421 1093 2498 1144 fa·

306 1170 474 1221 hulam
496 1187 510 1232 3
544 1185 659 1220 nam
684 1185 748 1219 ea
769 1171 882 1234 ipsa
907 1170 1090 1235 partim
1115 1170 1236 1219 satis
1258 1175 1341 1220 cst
1362 1174 1504 1230 nota,
1527 1170 1717 1232 partim
1741 1173 1850 1234 peti
1878 1174 2086 1223 aliunde
2111 1181 2296 1239 potest.
2364 1178 2500 1228 Con-

304 1251 545 1301 stitutum
565 1251 737 1315 potins
759 1257 858 1314 est,
879 1263 1035 1315 super
1055 1249 1318 1300 Mercurio
1339 1249 1702 1314 philosophari,
1725 1252 1766 1300 si
1788 1253 1993 1317 quidem
2018 1247 2219 1306 nti'tam
2239 1260 2500 1323 arroganti

305 1332 559 1383 vocabulo
580 1332 725 1396 licet,
744 1333 783 1382 i.
805 1345 855 1384 e.
880 1332 1016 1382 unde
1038 1331 1211 1382 dnctae
1236 1330 1357 1394 sint,
1393 1344 1521 1397 quas
1547 1330 1613 1381 de
1636 1346 1699 1382 eo
1719 1336 2082 1399 concepissent
2103 1346 2321 1402 veteres,
2343 1339 2498 1402 ideae,

302 1413 570 1478 suspicari,
593 1420 770 1480 atque,
788 1413 928 1464 unde
950 1415 1022 1465 illi
1047 1421 1128 1465 tot
1159 1428 1371 1464 munera
1392 1414 1516 1476 sint,
1540 1422 1599 1465 ut
1627 1416 1850 1465 omnium
1875 1416 2100 1469 Deorum
2140 1421 2363 1470 maxime
2396 1421 2503 1470 dis-

306 1501 504 1546 tractus
527 1495 598 1545 sit
625 1496 923 1547 ministeriis
943 1495 1073 1563 (vid.
1099 1496 1310 1546 Lucian.
1333 1496 1470 1545 Dial.
1502 1498 1665 1546 Deor.
1690 1496 1890 1563 κιαι),
1916 1498 2243 1566 investigare.
2313 1501 2499 1567 Neque

303 1590 446 1637 vero,
465 1576 565 1627 nisi
599 1577 664 1627 de
687 1577 880 1628 Graeco
913 1584 970 1628 et
1001 1579 1232 1628 Romano
1264 1576 1548 1640 Mercurio,
1568 1577 1856 1643 loquemur,
1876 1579 2041 1628 missis
2073 1593 2231 1643 super
2254 1581 2516 1646 AEgyptio·

302 1658 481 1708 litibus
504 1663 562 1708 et
582 1658 906 1723 opinionibus
942 1658 1299 1719 eruditornm;
1331 1658 1467 1721 quod
1504 1647 1661 1708 istum
1697 1660 1952 1724 inprimis,
1975 1676 2090 1710 enm
2124 1661 2499 1726 hujus-Carmi-

307 1740 404 1803 nis,
428 1747 538 1791 tum
563 1739 776 1791 aliorum
798 1741 851 1790 in
878 1740 1058 1791 Poetis
1095 1741 1319 1792 Graecioe
1341 1746 1398 1790 et
1440 1740 1579 1790 Latii
1601 1741 1829 1791 locorum
1851 1755 2025 1804 cansa,
2045 1756 2197 1792 nosse
2220 1742 2501 1795 debemus:

308 1836 618 1886 quanquam,
642 1829 701 1873 ut
724 1822 785 1871 fit
810 1821 875 1870 ‘in
907 1822 1251 1886 Mythologia,
1287 1821 1538 1872 attributa
1574 1823 1795 1886 plurima
1830 1822 2083 1887 AEgyptii,
2120 1824 2229 1873 sive
2265 1825 2309 1873 is
2343 1824 2512 1875 fuerit·

307 1902 494 1965 Thoth,
518 1902 628 1952 sive
651 1902 871 1965 Anubis,
893 1903 1104 1954 Groecia
1124 1911 1180 1953 et
1201 1904 1367 1953 Roma
1387 1902 1641 1954 derivarit
1662 1903 1713 1952 in
1738 1918 1905 1953 snum.

370 1983 683 2039 Mercurius,
704 1983 950 2033 eximium
980 1983 1204 2048 antique
1241 1982 1524 2048 Sapientiae
1556 1982 1927 2047 Mythologieae
1961 1984 2275 2047 exemplum,
2298 1986 2503 2048 symbo-

307 2065 412 2116 lum
435 2064 570 2113 baud
595 2063 751 2114 dubie
772 2061 870 2116 fuit
889 2064 979 2114 τοῦ
1007 2061 1184 2128 Λόγου,
1200 2064 1250 2114 h.
1273 2079 1321 2116 e.
1343 2070 1399 2113 et
1424 2063 1648 2114 Rationis
1668 2064 1972 2129 mentisque,
1993 2065 2105 2129 (τοῦ
2117 2062 2274 2129 νόου),
2291 2073 2363 2127 et,
2384 2082 2499 2131 quae

308 2146 418 2195 sine
456 2151 634 2195 mente
657 2158 773 2194 esse
818 2159 920 2195 non
962 2151 1152 2209 potest,
1181 2145 1430 2195 motionis
1445 2162 1467 2204 ‚·
1498 2154 1556 2194 et
1593 2148 1670 2195 sic
1706 2159 1881 2196 eorum
1904 2147 2129 2209 omnino,
2151 2147 2333 2212 quibus
2373 2161 2518 2211 prae--

309 2224 637 2277 stant'brutis
658 2224 1008 2276 animantibus
1030 2226 1277 2276 homines.
1344 2226 1426 2275 Ex
1447 2225 1546 2275 bac
1569 2225 1706 2288 idea,
1730 2234 1792 2276 ut
1806 2226 1920 2275 fieri
1944 2227 2093 2290 solet,
2112 2229 2279 2277 omnia
2295 2228 2504 2277 Mercu-

308 2309 373 2358 rii
395 2308 676 2372 attributa,
691 2322 846 2357 unum
869 2322 939 2358 ex
960 2308 1146 2372 altero,
1168 2307 1446 2358 fluxerunt.
1510 2308 1644 2358 Nam
1669 2308 1905 2372 primum,
1926 2323 2042 2358 cum
2066 2309 2339 2360 crederent
2363 2318 2504 2359 vete·

308 2404 410 2454 res,
429 2396 656 2440 mentem
694 2389 959 2439 humanam
983 2404 1098 2440 esse
1121 2404 1186 2441 ex
1210 2390 1380 2439 anima
1402 2405 1444 2438 s.
1473 2403 1626 2440 sensu
1648 2390 1822 2439 mnndi
1844 2390 2145 2454 decerptam
2174 2392 2502 2456 particulam,

307 2478 363 2522 et
384 2472 464 2521 sic
489 2485 555 2520 ex
570 2463 944 2521 natura'dlvina
960 2472 1105 2523 velut
1123 2484 1392 2520 emanasse
1409 2468 1541 2536 (vid.
1565 2470 1648 2519 Ill.
1667 2469 1839 2532 Heyn.
1861 2469 1992 2520 Exc.
2009 2484 2138 2520 xm.
2158 2471 2221 2520 ad
2240 2470 2352 2522 AEu.
2373 2471 2504 2534 vr.);

309 2567 427 2603 eum
462 2551 833 2616 intelligerent,
855 2559 1103 2618 quantum
1138 2566 1393 2617 quamque
1431 2551 1695 2601 excelsum
1734 2558 1868 2600 esset
1887 2549 2042 2612 Λόγος
2060 2550 2366 2620 beneficium
2404 2551 2505 2601 sibi

310 2649 342 2683 a
376 2634 496 2685 Diis
529 2634 906 2684 immortalibus
942 2633 1216 2695 tributum,
1239 2633 1384 2696 cnjus
1419 2647 1518 2696 ope
1552 2630 1695 2682 docti
1729 2636 1904 2681 essent
1932 2637 1989 2681 et
2025 2631 2311 2695 sapientes,
2348 2634 2532 2681 Artes‘

308 2730 368 2765 ac
389 2715 648 2766 scientias
670 2715 996 2778 indagarent,
1019 2711 1445 2780 profundissimas
1461 2727 1543 2764 res
1566 2711 1959 2776 investigarent,
1980 2712 2301 2775 Religionem
2327 2713 2504 2762 volun-

308 2803 579 2861 tatemque
601 2799 830 2847 Deorum
861 2799 1255 2860 cognoscerent,
1276 2808 1390 2843 cum
1431 2793 1547 2857 ipso
1570 2792 1701 2841 coelo
1725 2793 2085 2843 commercium
2106 2793 2378 2868 baberent,
2397 2807 2516 2843 me-.

306 2878 488 2928 liorem
511 2885 569 2928 et
591 2878 936 2928 humaniorem
959 2877 1153 2926 cultum
1174 2875 1364 2925 sensim
1387 2875 1683 2938 acciperent
1706 2889 1721 2935 ς
1754 2873 1909 2925 facile
1930 2873 2126 2924 factum
2151 2881 2252 2938 est,
2275 2884 2332 2923 ut
2366 2877 2506 2925 Mer·

307 2960 484 3009 curius
508 2959 523 2987 ‘
549 2961 779 3009 Deorum
804 2957 1017 3009 Nuntii'
1039 2963 1094 3007 et
1117 2958 1261 3022 quasi
1280 2955 1478 3017 μεσίτου
1499 2956 1637 3005 inter
1660 2956 1844 3006 coelum
1867 2961 2164 3022 terramque
2187 2972 2399 3007 munere
2423 2973 2506 3007 or-

308 3048 622 3102 naretur,ut
654 3040 954 3103 religionem
986 3045 1046 3089 et
1076 3036 1332 3089 sacrificia
1363 3038 1695 3088 constituisse
1732 3036 1991 3088 diceretur
2022 3038 2151 3103 (vid.
2182 3037 2348 3089 Oisel.
2380 3040 2506 3090 Tab.

309 3136 480 3172 mxxv.
503 3137 556 3172 n.
584 3126 664 3171 1⁰.
688 3120 813 3185 12),
836 3120 1092 3185 reperisse
1125 3119 1286 3171 Artes
1309 3126 1366 3171 et
1398 3120 1659 3169 Scientias
1688 3119 1949 3184 plurimas,
1984 3119 2262 3184 Mathesin,
2284 3119 2507 3170 Geome-

310 3206 484 3266 triam,
503 3202 886 3253 Astronmniam
907 3201 1037 3266 (vid.
1057 3201 1211 3252 Diod.
1233 3201 1340 3252 Sic.
1363 3200 1451 3252 lib.
1469 3214 1507 3249 ι.
1530 3215 1583 3263 p.
1605 3203 1683 3250 14.
1708 3200 1834 3263 15.)‚
1862 3200 1998 3250 omni
2032 3199 2256 3266 deniqne
2279 3201 2507 3250 humani-

310 3285 438 3337 tatis
460 3284 737 3349 elegantiae
775 3297 1003 3348 praeesse
1025 3283 1350 3346 crederetur,
1372 3289 1426 3333 et
1447 3283 1514 3332 ob
1545 3281 1598 3332 id
1622 3282 1790 3345 ipsum
1814 3282 2026 3346 pulchra
2048 3281 2161 3331 fere
2195 3297 2255 3331 ae
2283 3283 2508 3346 juvenili

309 3367 483 3418 forma
520 3367 575 3415 in
603 3365 948 3415 monumentis
987 3372 1148 3415 esset.
1216 3364 1588 3415 Memorandus
1617 3363 1670 3413 h.
1702 3364 1738 3414 l.
1760 3364 1991 3427 inprimis
2030 3364 2186 3413 etiam
2220 3364 2360 3413 locus
2387 3362 2508 3414 Am·
2611 3399 2620 3412 .

310 3450 468 3498 mian.
493 3448 730 3499 Marcell.
755 3459 875 3496 xvi.
912 3450 990 3495 10.
1032 3446 1048 3473 ‘
1080 3445 1324 3497 Julianus
1350 3481 1363 3495 .
1381 3481 1395 3496 .
1411 3481 1424 3494 .
1447 3445 1654 3495 occulte
1679 3444 1947 3494 Mercurio
1978 3443 2307 3508 supplicabat
2325 3444 2528 3510 (quem.

311 3529 503 3579 mundi·
515 3528 827 3579 velociorem
860 3541 1067 3577 sensnm
1100 3541 1235 3590 esse,
1267 3534 1463 3578 motum
1503 3527 1753 3577 mentium
1787 3527 2141 3587 suscitantem,
2176 3525 2507 3588 Theologicae

313 3609 594 3677 prodidere
612 3606 934 3673 Doctrinae);
958 3641 972 3657 .
989 3643 1002 3657 .
1023 3642 1036 3657 .
1061 3613 1183 3672 post
1197 3623 1313 3673 quoe
1329 3615 1390 3658 ut
1408 3607 1570 3659 ardna
1592 3613 1648 3657 et
1664 3606 1802 3656 seria
1819 3607 2114 3669 terminata,
2135 3605 2199 3654 ad
2219 3606 2510 3668 procuden-

312 3695 436 3744 dum
457 3691 719 3754 ingenium
743 3689 1073 3751 vertebatur‚'
1092 3693 1190 3739 &c-

377 3772 588 3823 Deinde
612 3770 826 3835 antiqua
847 3778 903 3820 et
927 3769 1200 3820 admodum
1234 3769 1591 3834 philosophica
1614 3768 1896 3819 traditione
1917 3767 2161 3832 Loquelae
2183 3779 2224 3815 s.
2245 3765 2509 3815 Sermonis

312 3869 415 3919 ope
437 3853 638 3904 exculti
659 3866 720 3901 ac
744 3850 955 3901 formati
976 3850 1132 3915 prisci
1166 3850 1397 3899 homines
1431 3849 1735 3899 creduntur.
1802 3848 1914 3898 Cic.
1936 3847 2001 3898 de
2039 3847 2193 3897 Orat.
2218 3860 2255 3897 1.
2276 3850 2326 3896 8.
2394 3847 2410 3874 ‘
2433 3846 2512 3895 Ut

310 3950 439 3987 vero
453 3936 562 3999 jam
586 3933 652 3983 ad
674 3933 765 3982 illa
793 3946 991 3982 summa
1011 3932 1295 3993 veniamus,
1315 3945 1430 3996 quae
1452 3931 1533 3980 vis
1548 3920 1653 3979 'alia
1676 3928 1900 3994 (praeter
1932 3917 2315 3992 Eloquentiam)
2336 3929 2511 3992 potuit

314 4024 407 4069 aut
426 4016 688 4081 dispersos
710 4014 939 4065 homines
960 4028 1116 4064 unum
1141 4013 1193 4062 in
1214 4015 1383 4063 locum
1422 4025 1755 4089 congregare,
1775 4017 1864 4061 aut
1899 4026 1931 4060 a
1956 4008 2070 4060 fera
2090 4010 2386 4076 agrestique
2405 4009 2512 4059 vita

313 4099 380 4148 ad
405 4100 542 4146 hunc
564 4097 846 4144 humanum
864 4095 1059 4145 cultum
1081 4094 1388 4159 civilemque
1409 4092 1669 4144 deducere
1685 4090 1721 4141 ?'
1756 4091 1861 4141 vid.
1878 4099 1933 4142 et
1954 4092 2144 4142 Horat.
2167 4104 2206 4141 1.
2225 4092 2334 4140 Sat.
2356 4094 2405 4138 3.
2426 4095 2511 4141 99.

315 4179 476 4229 Unde
511 4177 838 4240 intelligitur,
857 4190 950 4226 cnr
970 4179 986 4205 ‘
1007 4175 1256 4227 formasse
1279 4183 1516 4228 recentes
1550 4172 1818 4238 homiues,'
1840 4173 1941 4223 illis
1977 4186 2282 4235 sermonem,
2302 4177 2375 4233 et,
2397 4170 2509 4236 qui·
2609 4215 2616 4222 .

315 4262 414 4311 bns
436 4260 523 4309 hic
546 4257 873 4323 exprimitur,
903 4259 1081 4309 literas
1100 4256 1761 4325 scripturamquevdedissz
1775 4254 1975 4308 feratur
1996 4253 2303 4306 Mercurius.

447 4340 627 4406 Delph.
645 4345 693 4390 et
718 4340 836 4392 ναν.
853 4341 982 4393 Clas.
1341 4338 1518 4392 Horat.
2331 4334 2379 4383 Q
