3059 4909
998 372 1427 427 uaamnuu.
1462 373 1612 423 mn.
1659 374 1713 422 1.
1752 358 1819 425 7.

2405 353 2496 423 93

479 517 656 587 Sunt
684 518 928 603 quibus
959 538 1164 585 unum
1187 523 1520 604 opus'est‚
1553 518 1831 583 intactae
1864 515 2164 583 Palladis
2190 515 2417 582 urbem
2449 518 2496 581 5

569 619 877 686 Carmine
905 627 1246 704 perpetuo
1277 620 1636 696 celebrare,
1664 625 1732 685 et

306 777 378 857 eei
403 775 573 839 Tempe
600 770 882 823 Ἠιεοεαῑίοα.
950 773 1071 823 Sunt
1097 773 1275 833 Poatae,
1296 788 1491 838 quorum
1520 775 1687 823 unicus
1707 772 1837 823 labor
1857 779 1928 824 est
1949 774 2144 824 laudare
2163 772 2368 824 carmine
2377 788 2493 845 ‚eon-

1219 899 1580 921 OMOOWOOOO

304 982 538 1045 placuit.’
571 983 722 1032 Ζαηι.
813 982 1032 1036 Quidam
1072 998 1157 1047 ap.
1199 964 1357 1036 Jani:
1398 984 1681 1048 binam-isque
1720 983 2052 1035 Cariatha-5
2087 984 2307 1033 Palladis
2341 998 2497 1037 arcent

302 1058 434 1097 unus
463 1047 784 1115 Bersmanni,
808 1055 864 1097 et
891 1042 1037 1098 Dese.
1054 1050 1103 1096 2.
1168 1048 1385 1099 Palladis
1406 1064 1539 1099 arces
1560 1050 1744 1108 Regin.
1765 1054 1821 1098 et
1843 1049 2037 1113 aliquot
2070 1048 2324 1106 Lambini,
2355 1048 2496 1111 quod

304 1119 625 1177 receperunt
646 1112 824 1161 Bentl.
846 1112 1069 1173 Cuning.
1093 1112 1281 1163 Sauad.
1305 1114 1518 1176 Bipont.
1541 1112 1753 1172 Wakef.
1781 1112 1992 1162 wetzel.
2012 1118 2068 1164 et
2086 1112 2248 1163 Kidd.
2285 1113 2499 1171 Palladis

302 1177 432 1226 arcis
452 1177 682 1226 nonnulli
716 1176 871 1227 codd.
892 1191 977 1239 ap.
998 1177 1222 1241 Cuuin'g.

1290 1177 1508 1228 Palladis
1529 1178 1687 1228 urbem
1708 1193 1882 1228 omnes
1904 1176 2166 1227 Torrentii
2186 1184 2242 1227 et
2264 1179 2494 1241 Cruquii‚

307 1255 487 1290 omnes
514 1241 660 1291 Harl.
682 1240 860 1291 Zarot.
884 1242 1097 1292 Venett.
1116 1249 1171 1292 et
1196 1243 1431 1294 Flora—6
1449 1244 1569 1293 Vox
1587 1249 1637 1293 et
1659 1243 1808 1293 abest
1821 1242 2038 1306 aLipss.
2053 1246 2103 1291 8.
2117 1247 2169 1292 4.
2192 1247 2278 1292 out
2291 1241 2495 1292 emend.

1281 1356 1500 1409 No'rAE

299 1446 487 1500 incolas
523 1457 818 1515 aegrotant3
856 1451 973 1502 dum
1008 1452 1223 1509 Caurus,
1257 1458 1365 1503 tus·

300 1527 470 1590 siunt;
506 1543 622 1578 cum
649 1528 980 1592 septemtrio,
1008 1529 1059 1578 in
1091 1529 1365 1581 salubrita-

304 1610 408 1659 tem
448 1604 828 1656 restituuntur.’
890 1605 1044 1656 Adde
1079 1607 1128 1655 ei
1168 1605 1366 1670 regioni

304 1683 600 1732 claritatem
643 1699 674 1734 e
724 1684 984 1734 natalibus
1030 1684 1230 1734 Pittaci
1275 1685 1364 1749 qui

302 1772 433 1809 unus
469 1774 500 1808 e
536 1765 739 1822 septem
761 1761 983 1810 Graeciae
1015 1761 1364 1824 Sapientibus,

303 1834 471 1885 Alcaei
503 1836 706 1894 Poetae,
740 1838 1058 1903 aliorumque
1087 1837 1363 1888 illustrium

302 1910 588 1961 bominum.

367 1991 400 2036 2
441 1988 682 2051 Epheson]
715 1988 852 2038 Asiae
875 1988 1096 2039 Minoris
1116 1987 1215 2038 ista
1238 1985 1363 2037 civi-

302 2066 380 2113 ias
420 2062 475 2112 iu
515 2063 665 2114 Ionia
698 2066 796 2114 sita
825 2069 906 2114 est
942 2064 1007 2113 ad
1043 2063 1187 2113 littus
1210 2064 1363 2112 maris

303 2141 465 2204 AEgaei
514 2149 571 2191 ct
622 2142 763 2191 sinus
804 2141 958 2205 Ionii,
1005 2156 1184 2191 versus
1230 2142 1374 2195 ostia.

304 2217 512 2281 Caystri
531 2215 757 2266 fluminis
776 2234 788 2264 ε
817 2223 1023 2282 portum
1041 2216 1204 2268 babet
1218 2218 1365 2270 valde

303 2293 628 2343 commodum
652 2307 926 2358 arcemque
955 2294 1362 2346 munitissimam.

302 2367 364 2417 In
383 2383 448 2418 ea
465 2368 783 2419 celebratum
800 2377 880 2419 est
901 2369 1188 2419 Concilium
1211 2383 1363 2435 gene·

304 2444 408 2496 rale
450 2445 660 2496 tertium
696 2459 831 2495 anuo
867 2445 1059 2494 Salutis
1081 2445 1361 2508 Reparatoe

303 2523 417 2570 ⁴⁸1.
463 2520 559 2570 sub
600 2520 876 2583 celestino„
907 2518 1074 2584 Papa,
1116 2519 1361 2569 adversus

305 2608 507 2646 errores
534 2596 765 2646 Nestorii
789 2596 1182 2646 Haeresiarcbae.
1220 2596 1361 2646 Olim

302 2672 491 2721 claruit
516 2672 791 2734 presiuae
815 2672 1003 2722 Dianae
1035 2672 1233 2736 templo
1253 2677 1364 2722 toto

305 2747 430 2797 orbe
476 2747 706 2797 celebri:
752 2747 816 2797 ab
858 2747 1201 2798 Amazonibus
1242 2762 1364 2798 con-

303 2823 414 2873 dita
437 2824 596 2873 etiam
618 2822 801 2873 fertur.

365 2901 640 2951 Rimari-we
681 2902 905 2952 Corinthi
939 2903 1147 2966 Moenia]
1182 2902 1359 2954 Corin·

305 2976 442 3036 thus,
482 2976 636 3026 bodie
684 2979 908 3040 Cornuto,
950 2979 1070 3029 urbs
1102 2980 1360 3044 Pelopon-

304 3055 433 3118 nesi,
457 3056 511 3105 in
544 3055 743 3106 Isthmo
774 3066 858 3108 est
894 3058 1064 3108 medio
1087 3059 1205 3122 sita,
1226 3059 1363 3109 inter

305 3130 405 3180 duo
430 3132 592 3181 maria
614 3134 843 3196 AEgaeum
874 3141 928 3183 et
957 3134 1189 3195 Ionium;
1225 3134 1363 3185 unde

305 3206 500 3257 bimum
520 3209 742 3258 dicitur:
783 3223 887 3259 aere
911 3216 967 3268 et
988 3207 1205 3273 figulina
1225 3211 1363 3260 cele·-

304 3271 517 3333 bratur:
553 3285 570 3312 ‘
597 3285 758 3333 totius
792 3283 1014 3335 Graeeiae
1048 3283 1247 3334 lumen'
1277 3299 1360 3335 vo-

307 3364 390 3406 cat
413 3357 524 3409 Cic.
548 3372 644 3422 pro
665 3359 807 3424 Lege
833 3358 1014 3410 Manil.
1039 3367 1096 3410 et
1115 3358 1364 3424 Agrar.2.

305 3446 353 3483 n.
369 3437 451 3484 86.
474 3432 549 3483 ita
565 3435 776 3486 scribit:
804 3435 820 3465 ⁴
839 3436 1022 3486 Posita
1041 3436 1369 3501 [Corinthus]

303 3508 353 3557 in
370 3510 626 3574 angustiis
641 3518 798 3576 atque
815 3513 866 3561 in
881 3510 1117 3562 faucibus
1127 3513 1369 3579 Graeciae,

304 3584 376 3634 sic
393 3591 455 3634 ut
477 3593 622 3635 terra
643 3587 873 3637 claustra
895 3589 1122 3638 locorum
1146 3596 1367 3649 teneret,

306 3667 362 3710 et
391 3659 496 3709 duo
517 3662 678 3710 maria
708 3663 928 3712 maxime
951 3664 1267 3727 navigationi
1290 3664 1368 3714 di·

304 3748 456 3786 versa
490 3750 639 3800 pene
661 3738 1026 3802 conjungeret,
1048 3753 1164 3789 cum
1194 3747 1367 3805 perte-

306 3814 394 3861 nui
415 3813 715 3863 discrimine
736 3815 1081 3877 separentur.'
1121 3815 1365 3867 Luxurioe

305 3899 430 3936 vero
462 3886 674 3937 infamia
709 3889 959 3940 laboravit
989 3889 1139 3954 adeo,
1173 3898 1233 3943 ut
1266 3892 1365 3942 Co-

306 3963 540 4012 rinthiari
563 3964 866 4014 dicerentur
889 3965 975 4029 qui
1010 3965 1270 4031 impudice
1294 3969 1366 4017 vi·

308 4049 507 4088 verent.
576 4039 755 4104 Lippis
781 4048 937 4105 atque
966 4041 1257 4091 tonsoribus
1278 4057 1367 4092 au·

309 4111 419 4162 dita
464 4114 585 4163 Lais
628 4116 878 4166 meretrix
924 4116 1113 4167 ibidem
1155 4117 1369 4180 famosa,

312 4195 512 4253 tamque
548 4191 795 4253 pretiosa,
825 4197 887 4242 ut
919 4193 1260 4243 Demostheni
1289 4194 1369 4244 sui

312 4264 507 4328 copiam
525 4278 626 4315 non
644 4266 743 4316 nisi
756 4267 937 4318 decem
950 4267 1173 4320 millibus
1188 4268 1368 4322 drach-

1444 1448 1643 1505 ma'rum
1680 1454 1904 1506 vendere
1940 1455 2129 1517 vellet;
2180 1460 2498 1521 quapropter

1422 1530 1701 1596 abstinuit
1738 1532 1827 1582 ille
1868 1538 1924 1583 et
1964 1528 2498 1597 respondit:'‘'1'auti

1446 1622 1547 1658 non
1581 1623 1696 1659 emo
1738 1606 2031 1673 poeuitere.'
2093 1609 2286 1659 Exilia
2316 1615 2495 1658 natum

1443 1692 1524 1736 est
1569 1684 1836 1749 adagium
1892 1686 1910 1715 ⁸
1937 1685 2057 1737 Non
2099 1688 2227 1737 licet
2263 1685 2495 1735 omnibus

1443 1761 1587 1811 adire
1610 1760 1949 1810 Corinthum!
2321 1786 2324 1789 ·

1508 1840 1540 1885 3
1575 1837 1767 1886 Baccho
1791 1834 1992 1900 Thebas]
2025 1834 2248 1889 Cadmus
2271 1834 2496 1885 aedifica·

1441 1912 1519 1961 vit
1541 1926 1655 1960 eam
1679 1911 1859 1961 urbem
1881 1912 1933 1961 in
1959 1912 2185 1974 Boeotia,
2204 1911 2500 1960 nobilitavit

1441 1986 1666 2035 maxime
1688 1986 1927 2037 Bacchus
1954 1985 2027 2035 ibi
2055 1993 2226 2036 natus.
2281 1985 2499 2048 Apollo·

1443 2062 1558 2112 dor.
1584 2063 1675 2113 lib.
1699 2077 1786 2113 ιιι.

1505 2138 1726 2202 Apolline
1768 2136 2002 2203 Delphos]
2068 2136 2313 2188 Parnassi
2346 2136 2499 2202 juga,

1443 2215 1558 2266 fons
1581 2217 1858 2279 Castalius,
1878 2222 1934 2265 at
1964 2230 2076 2280 prae
2112 2213 2345 2264 omnibns
2367 2212 2498 2263 Ora·

1443 2293 1616 2342 culum
1661 2291 1933 2357 Apollinis,
1977 2289 2202 2341 efferunt
2249 2288 2500 2352 Delphos.

1441 2368 1602 2418 Solin.
1652 2368 1841 2418 Strabo
1863 2367 1952 2418 lib.
1974 2381 2057 2418 rx.
2081 2365 2235 2432 AJex.
2253 2365 2319 2416 ab
2340 2364 2498 2415 Alex.

1444 2454 1526 2493 vx.
1549 2447 1601 2493 2.
1634 2443 1652 2472 ⁸
1675 2441 1907 2506 Delphi,'
1935 2442 2121 2506 iuquit,
2140 2443 2158 2470 ⁸
2179 2439 2314 2491 orbis
2337 2438 2501 2489 umbi-

1442 2520 1591 2583 licus,
1632 2528 1900 2569 commnne
1940 2516 2163 2568 omnium
2196 2515 2501 2576 oraculum,

1442 2594 1493 2644 in
1531 2594 1639 2645 alto
1663 2594 1943 2658 Parnasso,
1961 2593 2082 2642 urbs
2118 2605 2218 2641 non
2247 2590 2498 2640 moenibus

1444 2670 1536 2720 sed
1579 2670 1810 2735 abruptis
1844 2669 2060 2733 rupibus
2089 2667 2306 2730 munita,
2337 2666 2500 2715 arduo

1444 2763 1506 2798 ac
1524 2745 1721 2797 difficili
1742 2759 1976 2795 ascensu.
2008 2744 2284 2809 Templum
2303 2740 2503 2806 Apolli-

1438 2824 1518 2873 nis
1540 2825 1686 2874 cultu
1720 2829 1777 2873 et
1809 2823 2059 2887 religione
2090 2818 2245 2883 longe
2275 2816 2505 2869 celebra·

1439 2902 1690 2951 tissimum
1719 2901 1859 2949 intra
1886 2897 2065 2948 urbem
2098 2910 2202 2945 non
2235 2906 2391 2943 manu
2412 2907 2503 2940 ex·

1441 2982 1663 3037 structa,
1686 2974 1776 3024 sed
1807 2974 1983 3023 nativa
2015 2969 2305 3036 praecipitia
2336 2969 2502 3018 muni-

1442 3050 1600 3102 vere.’
1649 3051 1783 3100 Haec
1801 3049 1904 3099 ille.
1955 3046 2323 3098 Admirabilem
2346 3058 2501 3108 porro

1443 3128 1712 3179 Gallorum
1738 3132 1961 3189 stragem
1980 3126 2189 3174 Brenno
2214 3121 2347 3172 duce
2372 3121 2501 3170 Del·

1444 3207 1572 3270 pbos
1619 3205 1776 3269 impie
1829 3200 2258 3268 oppugnantium,
2303 3196 2500 3261 Apolli-

1444 3294 1666 3347 nemque
1721 3293 1838 3330 sese
1892 3279 2085 3329 acriter
2135 3276 2510 3334 vindicantem,-

1444 3357 1564 3422 lege
1586 3356 1723 3420 apud
1747 3356 2007 3407 Justinum
2029 3353 2124 3406 lib.
2147 3362 2308 3401 xxxv.

1509 3440 1543 3486 4
1582 3435 1805 3484 Thessala
1826 3432 2015 3497 Tempe]
2048 3432 2250 3482 Horum
2272 3429 2324 3478 iu
2345 3425 2503 3476 Thes·

1449 3513 1579 3563 salia
1599 3513 1831 3561 locorum
1854 3516 2004 3560 tanta
2023 3506 2123 3556 fuit
2138 3504 2426 3564 amoenitas,
2443 3502 2503 3551 ut

1448 3589 1493 3639 si
1526 3603 1644 3654 quae
1679 3587 1925 3650 deinceps
1957 3586 2100 3648 regio
2129 3582 2505 3640 celebraretur,

1447 3679 1650 3714 amoena
1671 3663 1815 3713 velut
1835 3664 2029 3726 Tempe
2050 3659 2328 3709 diceretur.
2386 3653 2510 3703 Illic

1447 3740 1653 3791 Peneus
1676 3738 1863 3789 fluvius
1887 3737 2023 3786 inter
2044 3734 2226 3784 Ossam
2247 3738 2302 3780 et
2323 3728 2504 3792 Olym·

1446 3829 1570 3879 pum
1595 3810 1925 3875 decurrebat,
1955 3810 2114 3861 colles
2148 3812 2296 3858 erant
2315 3806 2505 3856 dextra

1448 3891 1680 3954 laevaque.
1712 3888 1940 3937 molliter
1970 3885 2190 3948 incurvi,
2223 3892 2504 3934 nemorosa:

1447 3966 1732 4028 convalles,
1750 3967 1848 4013 ὅτε.
1882 3963 2020 4014 Vide
2041 3962 2201 4013 Solin.
2217 3960 2389 4012 S‘trab.
2413 3959 2501 4008 lib·

1448 4057 1527 4094 xx.
1567 4042 1749 4092 AElian.
1773 4039 1866 4092 lib.
1897 4052 1984 4090 ιιι.
2019 4038 2133 4089 init.
2156 4041 2255 4088 ὅτε.
2290 4050 2381 4086 nos
2404 4034 2503 4084 ite-

1448 4134 1561 4170 rum
1584 4127 1769 4183 postea
1789 4131 1827 4167 1.
1854 4116 1958 4167 Od.
1979 4119 2063 4165 21.
2085 4123 2139 4165 et
2155 4128 2243 4165 ιιι.
2264 4112 2366 4162 od.
2387 4115 2436 4160 1.

1511 4200 1542 4243 5
1576 4195 1701 4244 Sunt
1743 4194 1909 4257 quibus
1943 4207 2088 4241 unum
2127 4205 2243 4254 opus
2273 4193 2361 4244 est.
2392 4185 2501 4250 qm]

1447 4271 1583 4322 Sunt
1602 4268 1784 4320 Poeta
1804 4269 1893 4333 qui
1910 4280 2114 4331 semper
2134 4270 2326 4316 canunt
2340 4260 2503 4312 Athe-
