3059 4909
1007 409 1111 459 An
1159 407 1580 457 examinum
1630 408 1778 459 mn.
1827 409 1939 457 ιιι.
2425 392 2554 459 541

290 614 297 619 -
353 550 518 603 nostri
536 549 790 609 Carminis
808 560 1013 601 versum
1034 549 1110 602 ita
1124 551 1304 616 ponit:
1341 550 1360 581 ⁸
1375 549 1692 600 Miserarum
1714 554 1818 611 est,
1837 564 2006 616 aeque
2029 550 2189 601 amori
2212 548 2339 601 dare
2358 548 2559 615 ludum,

353 646 525 697 neque
544 631 717 692 dulci3
736 630 751 652 '
771 630 1029 683 adamus
1051 637 1152 695 est,
1169 631 1304 683 utin
1323 629 1427 681 duo
1448 645 1630 682 versus
1644 630 2024 696 Tetrametros,
2044 633 2286 698 subjecto
2300 632 2555 698 Dimetro,

352 713 606 778 singulum
629 710 910 763 δεκαπόδων
929 713 1219 778 digereret,
1236 713 1339 763 hoe
1358 712 1511 762 modo
1534 729 1549 762 ε

707 838 1017 894 Miserarum
1045 847 1148 902 est,
1167 857 1263 893 nec
1285 841 1466 892 Amori
1486 842 1611 892 dare
1634 842 1831 906 ludum,
1855 858 2021 909 neque
2044 842 2184 897 dulci

705 924 850 974 Mala
874 924 992 974 vino
1014 925 1212 982 lavere,
1233 930 1325 974 aut
1346 918 1630 974 exanimari
1653 931 1941 975 metuentes

899 1005 1114 1056 Patruae
1140 1002 1360 1056 verbera
1381 1005 1594 1070 linguae.

346 1136 414 1187 In
431 1151 535 1203 quo
557 1151 620 1187 ea
644 1136 800 1188 etiam
826 1138 892 1188 de
914 1153 1069 1189 causa
1092 1136 1195 1189 sibi
1215 1138 1329 1203 ipse
1354 1136 1553 1203 piacet,
1573 1137 1713 1204 quod
1731 1136 1806 1188 sic
1827 1138 2022 1187 nullum
2047 1137 2352 1187 vocabulum
2376 1139 2427 1188 in
2452 1139 2555 1191 fine

343 1232 593 1268 versuum
614 1218 931 1282 dissecetur3
955 1234 1128 1286 neque
1144 1219 1308 1284 igitur
1322 1219 1473 1270 aliter
1489 1219 1554 1291 ab
1572 1218 1784 1269 Horatii
1803 1232 1956 1268 manu
1981 1217 2276 1284 profectum
2293 1234 2406 1271 esse
2431 1222 2558 1273 Car·

342 1315 486 1364 men,
510 1301 690 1365 quovis
711 1301 926 1365 pignore
949 1304 1060 1352 vuit
1075 1302 1410 1352 contendere.
1476 1301 1663 1352 Secuti
1682 1300 1818 1351 enim
1836 1301 2017 1351 Jones.
2038 1300 2297 1351 Sauadon.
2314 1307 2370 1351 et
2389 1314 2558 1367 nuper

344 1382 425 1430 Cl.
459 1381 675 1432 Sivrius.
740 1381 941 1432 Verum
980 1382 1241 1433 enimvero
1282 1384 1502 1447 primum
1539 1382 1715 1443 mirari
1755 1383 1939 1447 possis,
1973 1394 2078 1431 non
2117 1382 2339 1432 sensisse
2374 1382 2557 1435 Virum

342 1462 720 1528 doctissimum,
741 1471 986 1528 quantum
1011 1465 1063 1514 in
1085 1479 1148 1515 eo
1173 1481 1204 1514 a
1228 1479 1284 1515 se
1306 1466 1417 1531 ipse
1440 1464 1761 1528 dissentiret,
1780 1462 1937 1529 quod,
1961 1477 2076 1513 cnm
2101 1475 2306 1528 versum
2329 1477 2443 1514 esse
2465 1465 2558 1516 de-

264 1546 270 1553 '
340 1543 721 1608 cempedaiem,
760 1545 1108 1595 ‘Miserarum
1132 1550 1214 1596 est
1239 1581 1252 1598 .
1273 1581 1286 1595 .
1312 1581 1326 1596 .
1347 1581 1360 1595 .
1384 1544 1623 1609 lingnae,'
1660 1558 1825 1610 neque
1863 1543 2140 1611 quicquam·
2180 1543 2397 1610 referre,
2430 1553 2561 1612 quot

337 1625 431 1675 ille
455 1625 603 1675 lineis
622 1626 959 1689 scriberetur,
984 1626 1224 1689 dixisset,
1253 1633 1373 1691 post
1396 1641 1619 1690 operose
1642 1626 1968 1692 disquireret,
1988 1624 2175 1691 quibus
2197 1625 2328 1677 iocis
2350 1635 2560 1692 oporte·

338 1713 427 1755 ret
460 1705 625 1756 lineas
663 1713 754 1756 aut
786 1721 965 1757 versus
999 1706 1181 1758 incidi.
1248 1705 1503 1758 Profecto
1526 1707 1687 1769 enim,
1708 1707 1751 1756 si
1773 1705 1955 1757 decem
1981 1705 2143 1769 pedes
2165 1714 2324 1755 unum
2351 1720 2558 1759 versum

339 1785 599 1849 efficiunt,
631 1787 723 1837 tali
755 1802 881 1838 cura
912 1802 1084 1853 neque
1118 1786 1341 1839 Horatio
1376 1803 1507 1853 opus
1545 1787 1668 1850 fuit,
1702 1800 1874 1852 neque
1906 1786 2043 1836 illius
2075 1785 2264 1836 editori
2296 1798 2427 1851 opus
2460 1796 2559 1840 est.

340 1869 480 1920 Quae
504 1867 845 1931 Hephaestion
865 1868 931 1919 de
954 1868 1134 1919 lonico
1157 1868 1401 1919 Carmine
1425 1869 1474 1930 ἐξ
1494 1866 1683 1930 ὁμοίων,
1713 1869 1839 1918 item
1857 1867 1923 1916 de
1940 1867 2030 1918 illo
2049 1865 2173 1916 κατὰ
2185 1865 2364 1930 σχέσιν
2378 1859 2559 1933 tradit,

336 1962 402 1997 oa
427 1960 549 1998 eum
573 1949 747 1997 nescio
762 1964 827 1998 au
844 1949 1066 1998 acumini
1087 1948 1421 2013 grammatico
1439 1949 1630 2013 potius,
1650 1964 1803 2014 quam
1820 1947 2049 2010 veritati,
2067 1955 2406 2013 veterumque
2417 1947 2557 1998 Poe·-

294 2083 300 2089 ,
337 2036 510 2079 tarum
535 2029 670 2086 usui,
689 2029 977 2079 debeantur
991 2030 1317 2095 (quanquam
1334 2029 1387 2079 id
1406 2032 1544 2080 nune
1563 2028 1834 2093 disputare
1852 2042 1951 2079 nou
1971 2023 2185 2093 vacat)';
2211 2035 2318 2078 tum
2342 2040 2372 2078 a
2394 2026 2557 2093 lyrico

335 2116 491 2160 certe
517 2123 730 2174 genere,
748 2124 814 2159 ex
837 2124 951 2160 meo
972 2110 1179 2176 quidem
1209 2122 1382 2174 sensu,
1403 2108 1562 2174 piane
1586 2110 1883 2161 abhorrent.
1953 2106 2088 2159 Nam
2112 2122 2282 2174 neque
2304 2109 2561 2176 intelligo,

333 2187 599 2256 quomodo
633 2192 725 2240 vek-
756 2191 896 2255 cani,
919 2192 1007 2241 ve}
1027 2197 1239 2242 cantum
1262 2190 1453 2241 imitari
1477 2190 1644 2240 videri
1677 2190 1845 2256 possit
1869 2188 2108 2252 Carmen,
2141 2204 2237 2254 per
2269 2188 2557 2241 multitudi-

334 2285 464 2321 nem
488 2269 680 2333 pedum
717 2270 855 2321 inter
878 2285 937 2320 se
957 2273 1178 2336 pari-nm,
1211 2284 1372 2336 risque
1398 2270 1463 2321 ad
1486 2269 1662 2333 finem,
1686 2271 1798 2320 sine
1820 2271 1924 2321 uilo
1946 2278 2136 2334 metro,
2167 2270 2281 2321 sine
2320 2270 2438 2321 ullis
2474 2284 2557 2321 re-

330 2349 481 2417 quiei
506 2349 664 2399 veluti
690 2350 911 2414 punctis,
935 2352 1332 2414 continuanium
1367 2348 1559 2417 neque,
1594 2350 1849 2417 quomodo
1888 2351 2271 2416 decempedalis
2305 2363 2483 2401 versus
2503 2351 2557 2402 in

333 2433 466 2482 Ode
487 2431 700 2481 teierari
725 2432 906 2495 possit,
930 2445 1207 2497 assequor:
1243 2438 1301 2482 et
1323 2433 1413 2483 vix
1432 2432 1535 2484 fert
1557 2434 1778 2498 deniqne
1802 2446 1979 2483 sensus
2003 2432 2196 2498 lyricus
2219 2430 2386 2496 legem
2415 2430 2558 2480 iilam

331 2511 608 2576 frigidam,
630 2525 835 2575 semper
856 2519 915 2562 ut
937 2526 1055 2562 cum
1080 2498 1283 2562 decimo
1317 2528 1523 2580 qnoque
1563 2515 1699 2578 pede
1727 2515 1992 2564 sententia
2021 2514 2247 2563 finiatur.
2310 2510 2558 2572 Accedit,

327 2593 483 2658 ,quod
507 2593 560 2641 in
586 2599 764 2642 nostro
786 2598 934 2642 certe
954 2594 1193 2643 Carmine
1216 2605 1320 2643 non
1343 2593 1605 2644 clauditur
1628 2607 1832 2659 semper
1849 2608 1968 2644 cum
1985 2593 2184 2643 decimo
2200 2606 2406 2658 quoque
2420 2593 2558 2658 pede

339 2672 605 2722 sententie
625 2687 641 2732 ;
665 2685 906 2737 namque,
925 2679 983 2723 ut
999 2673 1096 2722 boc
1115 2686 1272 2722 unum
1290 2686 1706 2737 commemorem,
1729 2689 1966 2725 versum:
2001 2674 2017 2702 ‘
2037 2674 2201 2724 Simul
2216 2679 2399 2723 unctos
2419 2708 2434 2724 .
2457 2708 2470 2721 .
2497 2706 2512 2722 .
2540 2708 2555 2724 .

338 2751 529 2814 unffisss
565 2761 785 2817 apparet
820 2753 886 2802 ad
921 2767 1003 2816 ea,
1036 2768 1151 2818 quae
1185 2742 1509 2818 praecedant,
1530 2754 1729 2819 potiuS,
1753 2770 1907 2820 quam
1931 2753 1994 2803 ad
2020 2753 2289 2820 sequentia
2311 2766 2427 2803 esse
2451 2757 2557 2803 tra-
2660 2753 2665 2759 ’

337 2834 592 2886 henam.
658 2832 787 2883 vid.
818 2833 935 2884 VV.
965 2834 1071 2883 LL.

403 2918 581 2969 Quare
604 2914 841 2979 equidem
864 2913 1218 2964 Aiexandrum
1237 2912 1680 2980 cuningumium‚⁰
1707 2931 1827 2967 cum
1853 2910 2109 2982 Gesnero,
2133 2921 2355 2979 secutus,
2376 2926 2555 2965 omnes

335 3010 524 3046 versus
562 3002 899 3046 tetrametros
933 2996 1202 3047 constitui.
1269 2998 1405 3047 Nam
1444 2996 1669 3060 primum
1707 2996 2084 3061 simplicissima
2119 3010 2185 3047 ea
2220 2995 2356 3045 haud
2398 2994 2556 3046 dubie

337 3078 480 3128 ratio
503 3084 604 3139 est,
642 3077 899 3129 universa
938 3079 1091 3144 hujus
1124 3079 1283 3129 metri
1313 3077 1644 3142 simplicitati
1673 3078 2077 3129 accommodata.
2144 3076 2353 3127 Deinde
2375 3090 2556 3127 versus

335 3157 508 3208 Ionici
530 3172 561 3207 a
582 3159 799 3221 minore,
823 3160 911 3224 qai
933 3175 1000 3210 ex
1036 3160 1244 3223 Aicaeo,
1264 3174 1416 3226 quem
1444 3161 1663 3227 plurima
1686 3175 1749 3211 eo
1774 3168 1940 3211 metro
1966 3161 2206 3212 Carmina
2227 3157 2414 3209 fecisse
2436 3160 2556 3209 auc-

337 3245 424 3289 tor
445 3246 534 3290 est
556 3241 920 3304 Hephaestion,
942 3241 1070 3292 item
1095 3256 1161 3291 ex
1187 3240 1435 3294 Alcmene
1457 3248 1756 3308 supersunt,
1790 3256 1969 3293 omnes
2003 3249 2124 3292 sunt
2154 3238 2474 3305 τετράμετροι,
2496 3244 2556 3288 ut

336 3334 406 3369 ex
428 3321 634 3384 Alcaeo,
659 3336 746 3385 ap.
771 3321 1047 3386 Hephaest.
1066 3323 1102 3374 1.
1124 3322 1163 3372 l.

798 3432 911 3496 Ἐμὲ
933 3435 1112 3494 δειλὸν,
1131 3435 1213 3497 ἐμὲ
1228 3437 1388 3487 πασᾶν
1405 3408 1682 3487 naiton-ciram
1701 3421 2004 3499 πὲδέχοισαν,

339 3550 418 3599 nti
452 3549 700 3599 emendat
734 3549 912 3599 Bentl.
958 3556 1068 3600 tum
1100 3563 1169 3600 ex
1202 3550 1459 3602 Alcmane
1489 3567 1575 3618 ap.
1616 3549 1857 3626 eundem,
1895 3516 1971 3615 (v,
1995 3547 2064 3597 H.
2085 3514 2271 3611 Steph.
2295 3545 2552 3607 Fragmm.

341 3631 468 3695 Lyr.
493 3637 531 3680 t.
558 3644 619 3679 11.
642 3645 695 3695 p.
717 3627 860 3695 242.)

799 3727 1128 3779 Kar-aomina
1149 3727 1351 3794 Kvodpa’
1373 3728 1517 3794 ἁβρὸς
1530 3730 1741 3792 Ἄδωνις,
1773 3727 1823 3778 τί
1842 3736 1897 3778 ’κε
1917 3729 2104 3789 oswen

344 3838 481 3889 Item
505 3853 572 3890 ex
595 3841 779 3891 eodem
801 3828 1050 3891 Alcmane
1074 3857 1160 3907 ap.
1182 3843 1403 3895 eundem
1428 3858 1482 3907 p.
1499 3848 1581 3896 37.
1613 3842 1687 3909 (v.
1711 3841 1915 3907 Bentl.)

795 3953 996 4004 Ἑκατὸν
1013 3954 1103 4017 μὲν
1123 3955 1234 4006 Διὸς
1250 3955 1352 4006 υἱὸν
1368 3954 1488 4007 τάδε
1513 3961 1678 4008 Μῶσαι
1700 3957 2031 4021 κροκόπεπλοι.

343 4080 476 4132 Tum
500 4081 722 4133 Carmen
745 4082 997 4147 Ionicum,
1033 4085 1177 4150 quus
1198 4099 1376 4136 omnes
1401 4098 1580 4136 versus
1608 4086 1923 4135 Tetrametri
1950 4090 2090 4141 sunt,
2114 4098 2143 4134 e
2166 4082 2430 4134 Martiano
2455 4083 2553 4135 Ca-

689 4282 711 4308 ⁶
743 4274 1130 4330 Animadversa
1153 4277 1205 4328 in
1228 4276 1415 4329 Horat.
1444 4277 1620 4328 Bentl.
1645 4290 1695 4329 c.
1716 4288 1855 4327 xvn.
1880 4291 1933 4341 p.
1955 4279 2078 4327 311.
2102 4288 2221 4338 sqq.
