3059 4909
1008 415 1420 465 oARMINUM
1472 418 1621 468 ma.
1670 419 1749 467 11.
1795 405 1852 467 l.

768 502 794 540 O
1009 512 1034 547 t

2380 405 2510 472 249

580 556 891 640 Bellique
915 512 1286 674 causasssei
1317 560 1500 639 vitia,
1528 524 1597 627 e‘t
1625 529 1887 643 mod078,

1184 664 1218 713 ‘i

1303 725 1518 776 NOTA-3

264 872 281 886 2
314 834 413 886 fuit
430 835 627 886 Consul
644 851 761 887 cum
774 837 1023 896 M.Junio
1037 838 1234 901 Silano,
1249 853 1367 890 ann.

313 912 381 962 U.
405 913 466 963 C.
484 915 603 963 641.
627 913 708 962 vel
743 917 859 963 644.
893 913 1173 964 secuudum
1207 915 1367 966 alios:

312 987 570 1054 afferuntq
578 1002 641 1038 ue
660 989 1014 1040 testimoninm
1032 991 1369 1043 vetustissimi

311 1065 524 1127 codicis,
537 1066 588 1114 in
602 1079 705 1129 quo
722 1066 799 1116 sic
820 1073 1120 1117 annotatum
1144 1069 1362 1133 legitur:

310 1142 392 1191 Ea:
413 1142 629 1203 Metello,
654 1142 704 1190 id
729 1150 830 1206 est,
850 1156 916 1192 ex
931 1158 994 1194 eo
1013 1150 1248 1209 tempore
1267 1161 1367 1211 quo

310 1218 558 1268 Metellus
594 1216 697 1267 fuit
731 1218 923 1269 Consul
963 1225 1143 1270 contra
1174 1220 1366 1286 Jugur·

308 1293 467 1343 tham.
536 1293 639 1344 Sed
664 1310 780 1361 quae
802 1295 960 1346 fides?
1026 1297 1185 1348 Certe
1209 1313 1366 1363 nego·

307 1370 434 1419 tium
460 1370 582 1421 milii
615 1368 832 1422 facessit
865 1373 1028 1436 majus
1049 1387 1226 1423 eorum
1249 1390 1363 1425 seu-

306 1448 471 1497 tentia
489 1449 885 1513 qni,Torrentio
900 1450 1054 1512 duce,
1068 1451 1366 1516 intelligunt

198 1525 207 1540 '
302 1522 372 1575 Ω.
405 1524 680 1574 Metellum
718 1525 1010 1590 Scipionem
1047 1542 1078 1576 a
1110 1529 1365 1594 Pompeio

305 1598 780 1652 tertium.Consule
812 1601 865 1651 in
901 1602 1167 1667 collegam
1200 1604 1364 1656 adsci-

302 1681 432 1740 tum,
448 1691 584 1726 anno
609 1677 677 1727 U.
693 1677 882 1729 caol.
905 1682 1142 1745 quoniam
1158 1681 1267 1733 lata
1280 1689 1364 1734 est

302 1759 427 1802 tuuc
460 1766 526 1802 ea
557 1753 662 1811 lex,
687 1768 791 1818 qua
825 1769 856 1804 a
890 1756 1143 1820 petitione
1158 1759 1364 1823 Magis·

301 1832 528 1879 tratuum
553 1828 798 1881 absentes
828 1832 1165 1897 arcebantur,
1179 1848 1248 1885 ne
1271 1850 1361 1886 ex·

301 1912 457 1969 cepto
494 1905 702 1972 quidem
737 1907 973 1960 Caesare:
1007 1909 1222 1968 Sueton.
1249 1911 1359 1965 Jul.

301 1984 499 2035 Caesar.
545 1999 662 2050 cap.
700 1989 782 2036 28.
827 2002 940 2038 nam
985 1996 1041 2039 et
1084 2003 1202 2055 cap.
1247 2006 1359 2057 seq.

296 2059 650 2112 fcommotum
680 2064 758 2113 his
782 2064 1081 2130 Caesarem,’
1114 2074 1170 2118 et
1208 2068 1361 2133 paulo

299 2143 441 2201 post,
480 2138 497 2167 ⁴
522 2145 833 2204 praetextum
872 2142 1078 2206 quidem
1119 2144 1197 2193 illi
1236 2145 1362 2195 civi·

295 2213 422 2264 lium
444 2228 699 2265 armorum
729 2216 828 2266 boc
862 2216 1062 2281 fuisse,’
1098 2219 1235 2269 idem
1261 2226 1362 2272 tes·

298 2298 457 2345 tatur.
492 2292 613 2342 Non
636 2307 808 2343 moror
830 2294 895 2347 Q.
915 2295 1186 2345 Metellum
1206 2297 1357 2352 Pium

296 2383 415 2417 cnm
438 2368 584 2434 Sylla
606 2370 881 2421 Consulem
902 2388 915 2420 z
954 2386 1038 2422 an.
1061 2375 1179 2421 673.
1206 2387 1357 2438 quem

297 2443 523 2496 afferunt
545 2445 750 2510 quidam
786 2447 926 2500 nullo
958 2457 1105 2498 certe
1132 2454 1224 2499 aut
1254 2449 1357 2501 levi

292 2522 575 2572 admodum
596 2521 950 2582 fundamento.

290 2633 303 2642 .
358 2602 394 2647 2
426 2598 649 2663 Bouique
667 2598 854 2662 causus]
891 2599 1027 2651 Aliae
1049 2600 1261 2652 fuerunt
1291 2604 1356 2652 si-

295 2677 539 2739 mulatoe3
595 2678 710 2727 aliae
740 2693 927 2732 ,νοτυς
978 2678 1061 2729 11ae
1119 2677 1357 2743 profecto

294 2760 448 2804 erant
467 2753 642 2804 odium
659 2761 732 2804 ‚et
763 2753 956 2810 invidia
981 2755 1221 2818 partium,
1246 2757 1354 2806 Du-

290 2844 414 2879 cum
436 2836 609 2881 antem
638 2830 900 2896 superbia,
930 2831 1169 2894 avaritia,
1193 2833 1354 2886 ambi·

294 2907 392 2969 tio,
421 2906 719 2957 dominandi
753 2906 1027 2972 cupiditas.
1095 2909 1289 2960 Lucan.
1313 2923 1352 2960 1.

296 2984 405 3033 126.
439 2982 588 3033 ‘Nec
623 2997 914 3049 quenquam
946 2984 1056 3047 jam
1089 2982 1228 3035 serre
1263 3000 1355 3050 po·

294 3065 407 3109 test
451 3060 695 3110 Caesarve
730 3061 993 3125 priorem„
1009 3060 1353 3126 Pompeiusve

293 3135 510 3199 parem.'
575 3135 722 3187 Alias
767 3150 890 3186 vero
934 3136 1208 3202 Principes
1252 3138 1353 3203 ipsi

290 3210 668 3276 obtendebant,
690 3212 972 3277 Pompeius
1003 3212 1354 3266 defensionem

284 3287 552 3354 ,libertatis
567 3288 819 3353 publicai:
854 3288 1031 3339 Caesar
1042 3288 1234 3342 factam
1252 3291 1353 3344 sibi

288 3365 681 3429 contumeliam,
701 3368 801 3415 διο.
852 3366 992 3419 ‚Vide
1016 3368 1227 3418 Sueton.
1243 3368 1277 3420 J
1284 3370 1352 3419 ul.

293 3440 486 3491 Caesar.
506 3456 624 3506 cap.
642 3445 725 3491 28.
748 3446 829 3493 29.
843 3446 925 3494 80.
946 3443 1083 3493 Flor.
1094 3458 1183 3494 111.
1194 3449 1277 3496 23.
1297 3453 1354 3497 et

290 3519 439 3567 lv.2.
465 3521 519 3565 et
537 3530 646 3581 seq.
662 3516 931 3567 Plutarch.
947 3516 1174 3582 Appian.
1195 3520 1352 3572 Oros.

294 3590 449 3641 Dion.
489 3590 705 3640 Caesaris
745 3591 900 3641 etiam
933 3591 1000 3641 de
1044 3594 1175 3644 Bell.
1201 3596 1353 3647 Civil.

293 3682 334 3718 1.
357 3671 409 3718 4.
434 3667 523 3718 ubi
541 3667 614 3718 sic
629 3668 816 3718 habet:
854 3670 869 3698 ‘
894 3669 1162 3720 Neminem
1185 3671 1350 3736 digui-

293 3750 404 3795 tate
444 3758 617 3795 secum
654 3745 917 3810 exoequari
953 3746 1161 3796 volebat
1196 3747 1352 3797 Pom-

226 3850 236 3856 ·
292 3820 472 3884 peius:
511 3819 659 3868 simul
693 3819 910 3870 infamia
938 3821 1198 3885 legionum
1235 3837 1351 3886 per·

291 3902 480 3958 motus,
492 3909 620 3961 quas
637 3894 706 3945 ab
724 3895 912 3946 itinere
932 3895 1070 3946 Asiae
1084 3896 1350 3963 Syriaeque

292 3972 357 4021 ad
400 3985 545 4021 suam
590 3970 875 4034 potentiam
930 3970 1349 4038 dominatumque

290 4054 643 4104 converterat,
667 4061 774 4095 rem
790 4046 853 4095 ad
871 4061 1015 4097 arma
1032 4047 1218 4099 deduci
1240 4056 1347 4099 stu·

291 4124 489 4188 debat‚’
507 4127 607 4175 &c.
657 4125 738 4173 De
763 4123 933 4187 seipso
957 4138 1078 4173 vero
1100 4125 1351 4190 scribens,

291 4201 365 4251 ita
388 4199 654 4266 queritur:
699 4200 715 4228 ‘
736 4200 942 4249 Novum
978 4200 1031 4249 in
1063 4202 1351 4266 Republica

291 4275 647 4328 introductum
659 4274 971 4341 exemplum,
989 4282 1044 4326 ut
1059 4276 1349 4331 Tribunitia

1449 841 1756 892 intercessio
1778 843 1932 892 armis
1953 848 2226 894 notaretur
2240 850 2394 910 atque
2416 861 2509 912 op·

1449 917 1784 983 primeretur,
1815 935 1929 985 qnae
1972 922 2318 986 superioribus
2364 926 2508 974 aunis

1448 1000 1587 1044 esset
1608 995 1855 1047 restituta
1873 1028 2020 1047 .....
2039 998 2137 1047 sibi
2160 1012 2370 1064 semper
2387 1001 2507 1050 Rei·

1449 1069 1673 1133 publicai
1697 1072 1911 1135 primam
1936 1072 2265 1138 dignitatem,
2298 1077 2505 1141 vitaque

1448 1146 1740 1209 potioremz
1775 1148 2000 1198 doluisse
2039 1164 2096 1198 se
2137 1150 2271 1215 quod
2317 1153 2506 1218 Populi

1451 1220 1672 1272 Romani
1689 1223 1996 1275 beneficium
2014 1224 2108 1274 sibi
2128 1241 2221 1289 per
2241 1236 2504 1279 contume-

1445 1297 1564 1346 liam
1584 1298 1652 1348 ab
1682 1299 1900 1350 inimicis
1923 1307 2340 1367 extorqueretur,
2358 1318 2507 1370 erep-

1447 1380 1606 1438 toque
1649 1378 1886 1427 semestri
1930 1378 2179 1444 Imperio,
2222 1378 2278 1429 in
2321 1380 2503 1430 urbem

1444 1450 1833 1517 retraheretur,'
1852 1456 1952 1503 διο.

1442 1577 1447 1582 ,
1508 1526 1578 1575 Et
1600 1527 1740 1586 vitia,
1761 1533 1811 1579 et
1830 1528 2011 1593 modos]
2056 1529 2278 1581 vitiosos
2301 1480 2499 1594 modos,

1441 1598 1702 1665 improbas
1734 1603 1922 1667 agendi
1955 1604 2196 1657 rationes.
2259 1605 2386 1657 ‘Jns
2410 1607 2500 1656 da-

1441 1681 1555 1727 tum
1574 1679 1787 1742 sceleri,'
1808 1678 1946 1745 quod
1969 1681 2045 1730 ait
2067 1682 2321 1732 Lucanus.
2386 1682 2503 1732 Flo-

1441 1768 1529 1804 rus
1547 1756 1637 1806 cit.
1661 1769 1743 1806 iv.
1764 1760 1815 1805 2.
1851 1756 1868 1786 ⁸
1886 1757 2174 1808 Marianam
2191 1758 2502 1809 Cinnanam-

1439 1845 1541 1895 que
1569 1832 1784 1896 rabiem,
1813 1832 2181 1899 Syllanamque
2219 1840 2501 1898 tempesta·
2549 1899 2558 1906 ,

1441 1910 1799 1968 tem,Caesaris
1813 1906 2041 1959 furorem
2059 1917 2217 1974 atque
2233 1909 2502 1974 Pompeli'
2549 1969 2564 1978 .

1439 1993 1611 2036 vocat.
1679 1985 1748 2035 Et
1785 1984 1941 2049 paulo
1980 1993 2118 2048 post,
2155 1984 2312 2035 ‘Non
2352 1992 2499 2034 recte

1440 2060 1593 2111 civile
1617 2068 1840 2126 tantum,
1859 2075 1955 2111 nec
1981 2062 2195 2126 sociale,
2218 2069 2304 2112 aut
2326 2070 2500 2113 exter·

1439 2138 1588 2187 num’
1624 2137 1730 2189 dici
1750 2138 1942 2188 bellum
1964 2145 2227 2204 oportere,
2248 2140 2339 2201 ait,
2370 2145 2385 2168 ⁸
2408 2139 2500 2188 sed

1441 2229 1715 2267 commune
1753 2215 2011 2280 quoddam
2049 2231 2115 2265 ex
2149 2217 2399 2280 omnibus,
2443 2223 2501 2267 et

1439 2290 1706 2356 plusquam
1747 2291 1956 2342 bellum.
2022 2291 2231 2356 Quippe
2264 2292 2306 2341 si
2339 2292 2497 2343 duces

1437 2368 1549 2430 ejus
1571 2367 1836 2433 inspicias,
1861 2374 2003 2419 totus
2024 2368 2244 2418 Senatus
2265 2369 2317 2418 in
2341 2369 2501 2432 parti·

1441 2442 1562 2493 busr
1599 2445 1642 2493 si
1681 2445 1961 2508 exercitus,
1993 2445 2113 2494 hinc
2150 2444 2389 2495 undecim
2423 2445 2498 2495 le·

1437 2519 1638 2584 giones,
1659 2519 1780 2569 inde
1797 2520 1976 2572 decem
1996 2527 2053 2570 et
2069 2527 2210 2577 octo,
2221 2519 2316 2571 flos
2333 2522 2498 2572 omnis

1437 2599 1493 2643 et
1516 2594 1678 2664 robur
1696 2595 1873 2645 Italici
1901 2597 2196 2658 sanguinis:
2229 2595 2276 2645 si
2310 2596 2500 2646 auxilia

1436 2674 1714 2738 sociorum,
1746 2674 1867 2725 binc
1910 2674 2103 2726 Gallici
2120 2674 2497 2740 0Germanique

1436 2748 1707 2814 delectus3
1741 2749 1880 2806 inde,
1904 2750 2210 2814 Deiotarus,
2249 2748 2496 2800 Ariobar-

1436 2840 1609 2892 zanes,
1629 2830 1711 2877 &c
1714 2858 1915 2878 .......
1927 2827 1971 2877 si
1996 2840 2188 2878 moram
2214 2825 2354 2888 belli,
2374 2839 2496 2894 qna-

1436 2911 1556 2956 tuor
1579 2905 1718 2968 anni,
1739 2911 1795 2955 et
1827 2918 1922 2968 pro
1955 2902 2104 2953 clade
2141 2916 2314 2953 rerum
2337 2901 2499 2952 breve

1426 2985 1640 3044 ,tempus
1661 2997 1676 3030 ε
1711 2981 1755 3030 si
1777 2981 1950 3042 locum
1971 2979 2110 3030 intra
2126 2979 2497 3040 Italiam,inde

1432 3070 1491 3106 se
1506 3057 1561 3105 in
1579 3056 1802 3107 Galliam
1823 3056 2237 3121 Hispaniamque
2251 3053 2497 3110 deflexit:

1433 3148 1794 3198 reversumque
1816 3134 1882 3184 ab
1902 3134 2130 3191 Occasu,
2153 3131 2278 3183 totis
2296 3131 2494 3182 viribus

1432 3210 1485 3262 in
1504 3210 1669 3275 Epiro
1683 3209 2058 3274 Thessaliaque
2081 3207 2345 3258 consedit:
2376 3208 2494 3259 hinc

1433 3286 1486 3340 in
1525 3287 1827 3352 AEgyptum,
1872 3286 1993 3336 iude
2030 3285 2084 3333 in
2124 3283 2338 3345 Asiam3
2389 3297 2496 3333 rur·

1432 3378 1647 3428 sumque
1671 3363 1723 3413 iu
1748 3362 2001 3425 Africam,
2024 3367 2284 3425 postremo
2301 3360 2354 3412 in
2373 3359 2496 3408 His·

1431 3439 1635 3503 paniam
1669 3439 1984 3504 remigravit.
2051 3439 2169 3489 Nec
2202 3451 2326 3487 vero
2349 3437 2495 3500 prius

1433 3515 1650 3581 quievit,
1690 3530 1845 3581 quam
1887 3516 1941 3564 in
1984 3514 2111 3563 urbe
2149 3513 2280 3578 ipsa,
2321 3512 2493 3561 medio

1433 3592 1650 3654 Senatu,
1687 3605 1865 3642 eorum
1899 3590 1988 3655 qui
2022 3590 2148 3639 victi
2178 3593 2349 3650 erant,
2372 3588 2494 3637 odia

1428 3655 1644 3719 'victoris
1677 3681 1791 3717 sese
1828 3666 1971 3718 caede
1995 3663 2277 3726 satiarent,'
2304 3664 2403 3711 ὅτε.
2436 3670 2493 3714 et

1430 3743 1482 3792 hi
1505 3743 1712 3808 quidem
1747 3743 1762 3771 ‘
1784 3740 1959 3805 modi,'
1976 3741 2106 3790 -hoec
2129 3739 2251 3792 belii
2289 3740 2305 3769 ‘
2325 3739 2490 3790 vitia.'

1429 3817 1635 3868 Ducum
1654 3824 1825 3870 autem
1851 3831 2036 3880 pravas
2058 3813 2360 3865 affectiones
2376 3817 2488 3880 quis

1429 3910 1530 3945 non
1574 3894 1939 3958 intelligebat?
2020 3894 2159 3943 Flor.
2199 3907 2278 3943 ιν.
2315 3896 2365 3949 2.
2406 3898 2487 3945 14.

1424 3974 1445 4029 ‚‘
1466 3972 1722 4035 Pompeio
1767 3977 2029 4036 suspectae
2075 3964 2486 4037 Caesaris‘opes,

1429 4047 1628 4100 Caesari
1649 4063 1771 4099 vero
1788 4049 2113 4113 Pompeiana
2129 4048 2355 4112 dignitas
2373 4057 2489 4099 erat

1431 4127 1626 4189 gravis.
1693 4126 1808 4176 Nec
1831 4125 1913 4173 hic
1935 4123 2141 4176 ferebat
2172 4138 2363 4188 parem,
2386 4141 2504 4200 uec·

1429 4204 1516 4252 ille
1540 4195 1896 4266 superiorem.'
1915 4201 2110 4252 Nefas!
2146 4201 2235 4251 Sic
2255 4200 2321 4251 d'e
2345 4202 2483 4266 priu-

1428 4277 1477 4330 ci
1481 4286 1608 4345 patu
1629 4277 1952 4344 laborabant,
1970 4285 2213 4345 tanquam
2229 4277 2357 4327 duos
2374 4282 2486 4329 tau-
