<?xml version="1.0" encoding="UTF-8"?>
<!DOCTYPE html PUBLIC "-//W3C//DTD XHTML 1.0 Transitional//EN"
    "http://www.w3.org/TR/xhtml1/DTD/xhtml1-transitional.dtd">
<html xmlns="http://www.w3.org/1999/xhtml" xml:lang="en" lang="en">
 <head>
  <title>
</title>
<meta http-equiv="Content-Type" content="text/html;charset=utf-8" />
  <meta name='ocr-system' content='tesseract 3.04.00' />
  <meta name='ocr-capabilities' content='ocr_page ocr_carea ocr_par ocr_line ocrx_word'/>
</head>
<body>
  <div class='ocr_page' id='page_1' title='image "./quintihoratiifl00unkngoog_0489.png"; bbox 0 0 3059 4909; ppageno 0'>
   <div class='ocr_carea' id='block_1_1' title="bbox 988 390 1908 456">
    <p class='ocr_par' dir='ltr' id='par_1_1' title="bbox 988 390 1908 456">
     <span class='ocr_line' id='line_1_1' title="bbox 988 390 1908 456; baseline 0.001 -3"><span class='ocrx_word' id='word_1_1' title='bbox 988 405 1400 455; x_wconf 74' lang='grc' dir='ltr'>οΑιιΜιΝυΜ</span> <span class='ocrx_word' id='word_1_2' title='bbox 1449 405 1595 456; x_wconf 77' lang='lat' dir='ltr'><strong>mu.</strong></span> <span class='ocrx_word' id='word_1_3' title='bbox 1644 407 1758 456; x_wconf 85' lang='lat'><strong>111.</strong></span> <span class='ocrx_word' id='word_1_4' title='bbox 1805 390 1908 456; x_wconf 85' lang='lat'><strong>19.</strong></span> 
     </span>
    </p>
   </div>
   <div class='ocr_carea' id='block_1_2' title="bbox 2426 395 2555 460">
    <p class='ocr_par' dir='ltr' id='par_1_2' title="bbox 2426 395 2555 460">
     <span class='ocr_line' id='line_1_2' title="bbox 2426 395 2555 460; baseline 0 -1"><span class='ocrx_word' id='word_1_5' title='bbox 2426 395 2555 460; x_wconf 78' lang='lat'><strong>479</strong></span> 
     </span>
    </p>
   </div>
   <div class='ocr_carea' id='block_1_3' title="bbox 706 541 2554 1137">
    <p class='ocr_par' dir='ltr' id='par_1_3' title="bbox 710 541 2554 733">
     <span class='ocr_line' id='line_1_3' title="bbox 710 541 2554 629; baseline 0.003 -22"><span class='ocrx_word' id='word_1_6' title='bbox 710 541 869 622; x_wconf 86' lang='lat' dir='ltr'><strong>Quo</strong></span> <span class='ocrx_word' id='word_1_7' title='bbox 901 543 1142 609; x_wconf 87' lang='lat' dir='ltr'><strong>Chium</strong></span> <span class='ocrx_word' id='word_1_8' title='bbox 1172 545 1384 629; x_wconf 88' lang='lat' dir='ltr'><strong>pretio</strong></span> <span class='ocrx_word' id='word_1_9' title='bbox 1413 546 1658 611; x_wconf 87' lang='lat' dir='ltr'><strong>eadum</strong></span> <span class='ocrx_word' id='word_1_10' title='bbox 1814 597 1829 612; x_wconf 80' lang='grc'><strong><em>,</em></strong></span> <span class='ocrx_word' id='word_1_11' title='bbox 2510 552 2554 613; x_wconf 85' lang='grc'><strong><em>5</em></strong></span> 
     </span>
     <span class='ocr_line' id='line_1_4' title="bbox 796 645 2320 733; baseline 0.001 -23"><span class='ocrx_word' id='word_1_12' title='bbox 796 645 1193 725; x_wconf 86' lang='lat' dir='ltr'><strong>Mercemur,</strong></span> <span class='ocrx_word' id='word_1_13' title='bbox 1224 651 1377 731; x_wconf 85' lang='lat' dir='ltr'><strong>quis</strong></span> <span class='ocrx_word' id='word_1_14' title='bbox 1407 668 1647 731; x_wconf 83' lang='lat' dir='ltr'><strong>aquam</strong></span> <span class='ocrx_word' id='word_1_15' title='bbox 1678 655 1998 733; x_wconf 80' lang='lat' dir='ltr'><strong>temperet</strong></span> <span class='ocrx_word' id='word_1_16' title='bbox 2026 649 2320 732; x_wconf 64' lang='lat' dir='ltr'><strong>ignibus»,</strong></span> 
     </span>
    </p>

    <p class='ocr_par' dir='ltr' id='par_1_4' title="bbox 709 746 2031 934">
     <span class='ocr_line' id='line_1_5' title="bbox 709 746 1921 833; baseline 0.004 -22"><span class='ocrx_word' id='word_1_17' title='bbox 709 746 867 824; x_wconf 84' lang='lat' dir='ltr'><strong>Quo</strong></span> <span class='ocrx_word' id='word_1_18' title='bbox 896 751 1238 831; x_wconf 80' lang='lat' dir='ltr'><strong>praebente</strong></span> <span class='ocrx_word' id='word_1_19' title='bbox 1270 746 1562 828; x_wconf 85' lang='lat' dir='ltr'><strong>domum,</strong></span> <span class='ocrx_word' id='word_1_20' title='bbox 1592 756 1658 814; x_wconf 87' lang='lat' dir='ltr'><strong>et</strong></span> <span class='ocrx_word' id='word_1_21' title='bbox 1686 759 1921 833; x_wconf 87' lang='lat' dir='ltr'><strong>quota,</strong></span> 
     </span>
     <span class='ocr_line' id='line_1_6' title="bbox 790 848 2031 934; baseline -0.001 -21"><span class='ocrx_word' id='word_1_22' title='bbox 790 848 1090 934; x_wconf 77' lang='lat' dir='ltr'><strong>Pelignis</strong></span> <span class='ocrx_word' id='word_1_23' title='bbox 1119 871 1383 917; x_wconf 80' lang='lat' dir='ltr'><strong>caream</strong></span> <span class='ocrx_word' id='word_1_24' title='bbox 1413 851 1793 934; x_wconf 73' lang='lat' dir='ltr'><strong>frigoribuS,</strong></span> <span class='ocrx_word' id='word_1_25' title='bbox 1824 857 2031 917; x_wconf 86' lang='lat' dir='ltr'><strong>taces.</strong></span> 
     </span>
    </p>

    <p class='ocr_par' dir='ltr' id='par_1_5' title="bbox 706 936 2551 1137">
     <span class='ocr_line' id='line_1_7' title="bbox 706 936 1620 1037; baseline 0.002 -22"><span class='ocrx_word' id='word_1_26' title='bbox 706 950 818 1015; x_wconf 88' lang='lat' dir='ltr'><strong>Da</strong></span> <span class='ocrx_word' id='word_1_27' title='bbox 850 952 1062 1018; x_wconf 80' lang='lat' dir='ltr'><strong>Lunae</strong></span> <span class='ocrx_word' id='word_1_28' title='bbox 1092 936 1370 1037; x_wconf 80' lang='lat' dir='ltr'><strong>propere</strong></span> <span class='ocrx_word' id='word_1_29' title='bbox 1397 972 1620 1030; x_wconf 84' lang='lat' dir='ltr'><strong>novae,</strong></span> 
     </span>
     <span class='ocr_line' id='line_1_8' title="bbox 791 1052 2551 1137; baseline 0 -20"><span class='ocrx_word' id='word_1_30' title='bbox 791 1052 900 1117; x_wconf 85' lang='lat' dir='ltr'><strong>Da</strong></span> <span class='ocrx_word' id='word_1_31' title='bbox 935 1053 1181 1119; x_wconf 86' lang='lat' dir='ltr'><strong>Noctis</strong></span> <span class='ocrx_word' id='word_1_32' title='bbox 1212 1054 1476 1132; x_wconf 85' lang='lat' dir='ltr'><strong>mediae,</strong></span> <span class='ocrx_word' id='word_1_33' title='bbox 1509 1053 1621 1131; x_wconf 89' lang='lat' dir='ltr'><strong>da,</strong></span> <span class='ocrx_word' id='word_1_34' title='bbox 1651 1072 1835 1137; x_wconf 89' lang='lat' dir='ltr'><strong>puer,</strong></span> <span class='ocrx_word' id='word_1_35' title='bbox 1866 1055 2136 1136; x_wconf 83' lang='lat' dir='ltr'><strong>auguris</strong></span> <span class='ocrx_word' id='word_1_36' title='bbox 2467 1061 2551 1125; x_wconf 87' lang='lat'><strong>10</strong></span> 
     </span>
    </p>
   </div>
   <div class='ocr_carea' id='block_1_4' title="bbox 353 1231 2549 1368">
    <p class='ocr_par' dir='ltr' id='par_1_6' title="bbox 353 1231 2549 1368">
     <span class='ocr_line' id='line_1_9' title="bbox 354 1231 2549 1303; baseline 0.004 -23"><span class='ocrx_word' id='word_1_37' title='bbox 354 1237 511 1282; x_wconf 71' lang='lat' dir='ltr'><strong>nutem</strong></span> <span class='ocrx_word' id='word_1_38' title='bbox 529 1249 620 1296; x_wconf 74' lang='lat' dir='ltr'><strong>qao</strong></span> <span class='ocrx_word' id='word_1_39' title='bbox 639 1236 793 1298; x_wconf 74' lang='lat' dir='ltr'><strong>pretio</strong></span> <span class='ocrx_word' id='word_1_40' title='bbox 815 1231 1023 1287; x_wconf 71' lang='lat' dir='ltr'><strong>emmas</strong></span> <span class='ocrx_word' id='word_1_41' title='bbox 1043 1239 1315 1301; x_wconf 68' lang='lat' dir='ltr'><strong>amphoram</strong></span> <span class='ocrx_word' id='word_1_42' title='bbox 1331 1237 1435 1286; x_wconf 72' lang='lat' dir='ltr'><strong>uini</strong></span> <span class='ocrx_word' id='word_1_43' title='bbox 1453 1237 1567 1286; x_wconf 75' lang='lat' dir='ltr'><strong>Chii</strong></span> <span class='ocrx_word' id='word_1_44' title='bbox 1580 1254 1601 1296; x_wconf 90' lang='lat'><strong>,·</strong></span> <span class='ocrx_word' id='word_1_45' title='bbox 1633 1236 1994 1300; x_wconf 70' lang='lat' dir='ltr'><strong>quiscolesueiat</strong></span> <span class='ocrx_word' id='word_1_46' title='bbox 2010 1254 2209 1303; x_wconf 78' lang='lat' dir='ltr'><strong>uquum;</strong></span> <span class='ocrx_word' id='word_1_47' title='bbox 2240 1240 2345 1303; x_wconf 77' lang='lat' dir='ltr'><strong>quis</strong></span> <span class='ocrx_word' id='word_1_48' title='bbox 2364 1243 2549 1290; x_wconf 73' lang='lat' dir='ltr'><strong>domum</strong></span> 
     </span>
     <span class='ocr_line' id='line_1_10' title="bbox 353 1301 2548 1368; baseline 0.002 -20"><span class='ocrx_word' id='word_1_49' title='bbox 353 1301 635 1364; x_wconf 68' lang='lat' dir='ltr'><strong>suppeditet,</strong></span> <span class='ocrx_word' id='word_1_50' title='bbox 656 1306 702 1350; x_wconf 74' lang='lat' dir='ltr'><strong>et</strong></span> <span class='ocrx_word' id='word_1_51' title='bbox 727 1317 817 1365; x_wconf 73' lang='lat' dir='ltr'><strong>qua</strong></span> <span class='ocrx_word' id='word_1_52' title='bbox 838 1303 954 1352; x_wconf 70' lang='lat' dir='ltr'><strong>hora</strong></span> <span class='ocrx_word' id='word_1_53' title='bbox 972 1303 1142 1364; x_wconf 71' lang='lat' dir='ltr'><strong>frigus</strong></span> <span class='ocrx_word' id='word_1_54' title='bbox 1165 1303 1419 1364; x_wconf 71' lang='lat' dir='ltr'><strong>Peligunm</strong></span> <span class='ocrx_word' id='word_1_55' title='bbox 1438 1303 1676 1366; x_wconf 72' lang='lat' dir='ltr'><strong>repellam.</strong></span> <span class='ocrx_word' id='word_1_56' title='bbox 1740 1304 1826 1353; x_wconf 84' lang='lat' dir='ltr'><strong>Du</strong></span> <span class='ocrx_word' id='word_1_57' title='bbox 1844 1303 1955 1365; x_wconf 74' lang='lat' dir='ltr'><strong>cito,</strong></span> <span class='ocrx_word' id='word_1_58' title='bbox 1966 1303 2167 1364; x_wconf 77' lang='lat' dir='ltr'><strong>famule,</strong></span> <span class='ocrx_word' id='word_1_59' title='bbox 2186 1306 2399 1368; x_wconf 71' lang='lat' dir='ltr'><strong>poculum</strong></span> <span class='ocrx_word' id='word_1_60' title='bbox 2422 1320 2548 1354; x_wconf 74' lang='lat' dir='ltr'><strong>nova</strong></span> 
     </span>
    </p>
   </div>
   <div class='ocr_carea' id='block_1_5' title="bbox 1273 1428 1638 1449">
    <p class='ocr_par' dir='ltr' id='par_1_7' title="bbox 1273 1428 1638 1449">
     <span class='ocr_line' id='line_1_11' title="bbox 1273 1428 1638 1449; baseline 0.005 -2"><span class='ocrx_word' id='word_1_61' title='bbox 1273 1428 1574 1449; x_wconf 62' lang='lat' dir='ltr'><strong>OOOOOOOOOO</strong></span> <span class='ocrx_word' id='word_1_62' title='bbox 1581 1429 1638 1449; x_wconf 68' lang='lat'><strong>00</strong></span> 
     </span>
    </p>
   </div>
   <div class='ocr_carea' id='block_1_6' title="bbox 352 1527 2547 1660">
    <p class='ocr_par' dir='ltr' id='par_1_8' title="bbox 352 1527 2547 1660">
     <span class='ocr_line' id='line_1_12' title="bbox 352 1527 2546 1595; baseline 0.003 -21"><span class='ocrx_word' id='word_1_63' title='bbox 352 1527 473 1574; x_wconf 79' lang='lat' dir='ltr'><strong>mori</strong></span> <span class='ocrx_word' id='word_1_64' title='bbox 490 1542 510 1583; x_wconf 89' lang='lat'><strong>,·</strong></span> <span class='ocrx_word' id='word_1_65' title='bbox 545 1527 683 1590; x_wconf 85' lang='lat' dir='ltr'><strong>Lips.</strong></span> <span class='ocrx_word' id='word_1_66' title='bbox 703 1533 754 1577; x_wconf 85' lang='grc'><strong>4.</strong></span> <span class='ocrx_word' id='word_1_67' title='bbox 780 1535 835 1578; x_wconf 89' lang='lat' dir='ltr'><strong>et</strong></span> <span class='ocrx_word' id='word_1_68' title='bbox 854 1529 1006 1579; x_wconf 86' lang='lat' dir='ltr'><strong>Dess.</strong></span> <span class='ocrx_word' id='word_1_69' title='bbox 1029 1533 1077 1579; x_wconf 81' lang='lat'><strong>2.</strong></span> <span class='ocrx_word' id='word_1_70' title='bbox 1109 1545 1192 1579; x_wconf 81' lang='lat' dir='ltr'><strong>nec</strong></span> <span class='ocrx_word' id='word_1_71' title='bbox 1215 1531 1412 1580; x_wconf 75' lang='lat' dir='ltr'><strong>timidus</strong></span> <span class='ocrx_word' id='word_1_72' title='bbox 1431 1531 1667 1579; x_wconf 48' lang='lat' dir='ltr'><strong>mort—&#39;7</strong></span> <span class='ocrx_word' id='word_1_73' title='bbox 1703 1530 1825 1593; x_wconf 71' lang='lat' dir='ltr'><strong>Legi</strong></span> <span class='ocrx_word' id='word_1_74' title='bbox 1855 1529 2009 1580; x_wconf 86' lang='lat' dir='ltr'><strong>etiam</strong></span> <span class='ocrx_word' id='word_1_75' title='bbox 2035 1545 2187 1595; x_wconf 80' lang='lat' dir='ltr'><strong>posse</strong></span> <span class='ocrx_word' id='word_1_76' title='bbox 2208 1537 2393 1595; x_wconf 73' lang='lat' dir='ltr'><strong>quotus,</strong></span> <span class='ocrx_word' id='word_1_77' title='bbox 2418 1532 2459 1581; x_wconf 90' lang='lat' dir='ltr'><strong>si</strong></span> <span class='ocrx_word' id='word_1_78' title='bbox 2485 1532 2546 1580; x_wconf 88' lang='lat' dir='ltr'><strong>li·</strong></span> 
     </span>
     <span class='ocr_line' id='line_1_13' title="bbox 352 1592 2547 1660; baseline 0.003 -20"><span class='ocrx_word' id='word_1_79' title='bbox 352 1601 496 1641; x_wconf 86' lang='lat' dir='ltr'><strong>ceret</strong></span> <span class='ocrx_word' id='word_1_80' title='bbox 536 1607 628 1655; x_wconf 84' lang='lat' dir='ltr'><strong>per</strong></span> <span class='ocrx_word' id='word_1_81' title='bbox 665 1592 820 1642; x_wconf 84' lang='lat' dir='ltr'><strong>codd.</strong></span> <span class='ocrx_word' id='word_1_82' title='bbox 857 1601 1032 1644; x_wconf 86' lang='lat' dir='ltr'><strong>monet</strong></span> <span class='ocrx_word' id='word_1_83' title='bbox 1059 1595 1231 1646; x_wconf 82' lang='lat' dir='ltr'><strong>Benti.</strong></span> <span class='ocrx_word' id='word_1_84' title='bbox 1271 1610 1336 1644; x_wconf 85' lang='lat' dir='ltr'><strong>ex</strong></span> <span class='ocrx_word' id='word_1_85' title='bbox 1377 1609 1415 1644; x_wconf 89' lang='lat'><strong>1.</strong></span> <span class='ocrx_word' id='word_1_86' title='bbox 1447 1595 1618 1659; x_wconf 87' lang='lat' dir='ltr'><strong>Epist.</strong></span> <span class='ocrx_word' id='word_1_87' title='bbox 1641 1601 1690 1645; x_wconf 79' lang='lat'><strong>5.</strong></span> <span class='ocrx_word' id='word_1_88' title='bbox 1713 1599 1892 1644; x_wconf 78' lang='lat'><strong>30.-9</strong></span> <span class='ocrx_word' id='word_1_89' title='bbox 1927 1595 2079 1645; x_wconf 85' lang='lat' dir='ltr'><strong>Nova</strong></span> <span class='ocrx_word' id='word_1_90' title='bbox 2102 1595 2221 1646; x_wconf 90' lang='lat' dir='ltr'><strong>Ode</strong></span> <span class='ocrx_word' id='word_1_91' title='bbox 2252 1597 2336 1646; x_wconf 86' lang='lat' dir='ltr'><strong>bic</strong></span> <span class='ocrx_word' id='word_1_92' title='bbox 2359 1596 2547 1660; x_wconf 81' lang='lat' dir='ltr'><strong>incipit</strong></span> 
     </span>
    </p>
   </div>
   <div class='ocr_carea' id='block_1_7' title="bbox 1340 1724 1559 1774">
    <p class='ocr_par' dir='ltr' id='par_1_9' title="bbox 1340 1724 1559 1774">
     <span class='ocr_line' id='line_1_14' title="bbox 1340 1724 1559 1774; baseline 0 0"><span class='ocrx_word' id='word_1_93' title='bbox 1340 1725 1390 1774; x_wconf 86' lang='lat' dir='ltr'>N</span> <span class='ocrx_word' id='word_1_94' title='bbox 1399 1724 1559 1774; x_wconf 63' lang='lat' dir='ltr'><strong>01·AE</strong></span> 
     </span>
    </p>
   </div>
   <div class='ocr_carea' id='block_1_8' title="bbox 327 1821 1411 4332">
    <p class='ocr_par' dir='ltr' id='par_1_10' title="bbox 350 1821 1411 2115">
     <span class='ocr_line' id='line_1_15' title="bbox 359 1821 1411 1886; baseline 0 -14"><span class='ocrx_word' id='word_1_95' title='bbox 359 1876 365 1885; x_wconf 57' lang='grc'><em>,</em></span> <span class='ocrx_word' id='word_1_96' title='bbox 415 1827 446 1872; x_wconf 76' lang='grc'>4</span> <span class='ocrx_word' id='word_1_97' title='bbox 483 1822 709 1883; x_wconf 72' lang='lat' dir='ltr'><strong>Pugnate</strong></span> <span class='ocrx_word' id='word_1_98' title='bbox 742 1835 875 1871; x_wconf 81' lang='lat' dir='ltr'><strong>sacro</strong></span> <span class='ocrx_word' id='word_1_99' title='bbox 908 1822 1025 1872; x_wconf 82' lang='lat' dir='ltr'><strong>bella</strong></span> <span class='ocrx_word' id='word_1_100' title='bbox 1055 1821 1140 1871; x_wconf 80' lang='lat' dir='ltr'><strong>sub</strong></span> <span class='ocrx_word' id='word_1_101' title='bbox 1165 1822 1283 1886; x_wconf 78' lang='lat' dir='ltr'><strong>Ilio]</strong></span> <span class='ocrx_word' id='word_1_102' title='bbox 1322 1823 1411 1872; x_wconf 88' lang='lat' dir='ltr'><strong>Bis</strong></span> 
     </span>
     <span class='ocr_line' id='line_1_16' title="bbox 350 1897 1408 1963; baseline -0.002 -14"><span class='ocrx_word' id='word_1_103' title='bbox 350 1906 508 1963; x_wconf 85' lang='lat' dir='ltr'><strong>capta</strong></span> <span class='ocrx_word' id='word_1_104' title='bbox 542 1897 641 1947; x_wconf 85' lang='lat' dir='ltr'><strong>fnit</strong></span> <span class='ocrx_word' id='word_1_105' title='bbox 676 1899 865 1961; x_wconf 85' lang='lat' dir='ltr'><strong>Troja:</strong></span> <span class='ocrx_word' id='word_1_106' title='bbox 903 1899 1123 1962; x_wconf 86' lang='lat' dir='ltr'><strong>primum</strong></span> <span class='ocrx_word' id='word_1_107' title='bbox 1165 1900 1230 1949; x_wconf 89' lang='lat' dir='ltr'><strong>ab</strong></span> <span class='ocrx_word' id='word_1_108' title='bbox 1276 1898 1408 1953; x_wconf 72' lang='lat' dir='ltr'><strong>Her·</strong></span> 
     </span>
     <span class='ocr_line' id='line_1_17' title="bbox 350 1973 1410 2040; baseline -0.001 -15"><span class='ocrx_word' id='word_1_109' title='bbox 350 1977 499 2035; x_wconf 80' lang='lat' dir='ltr'><strong>cule3</strong></span> <span class='ocrx_word' id='word_1_110' title='bbox 530 1973 716 2023; x_wconf 89' lang='lat' dir='ltr'><strong>deinde</strong></span> <span class='ocrx_word' id='word_1_111' title='bbox 742 1989 773 2023; x_wconf 89' lang='lat' dir='ltr'><strong>a</strong></span> <span class='ocrx_word' id='word_1_112' title='bbox 792 1974 1015 2036; x_wconf 78' lang='lat' dir='ltr'><strong>Graecis,</strong></span> <span class='ocrx_word' id='word_1_113' title='bbox 1039 1975 1410 2040; x_wconf 82' lang='lat' dir='ltr'><strong>quinquaginta</strong></span> 
     </span>
     <span class='ocr_line' id='line_1_18' title="bbox 350 2052 656 2115; baseline -0.007 -16"><span class='ocrx_word' id='word_1_114' title='bbox 350 2060 469 2115; x_wconf 88' lang='lat' dir='ltr'><strong>post</strong></span> <span class='ocrx_word' id='word_1_115' title='bbox 491 2052 656 2101; x_wconf 87' lang='lat' dir='ltr'><strong>anuis.</strong></span> 
     </span>
    </p>

    <p class='ocr_par' dir='ltr' id='par_1_11' title="bbox 327 2127 1410 3033">
     <span class='ocr_line' id='line_1_19' title="bbox 415 2127 1407 2192; baseline 0 -15"><span class='ocrx_word' id='word_1_116' title='bbox 415 2127 589 2192; x_wconf 80' lang='lat' dir='ltr'><strong>Sacro]</strong></span> <span class='ocrx_word' id='word_1_117' title='bbox 620 2128 720 2177; x_wconf 87' lang='lat' dir='ltr'><strong>Vel</strong></span> <span class='ocrx_word' id='word_1_118' title='bbox 746 2128 880 2192; x_wconf 84' lang='lat' dir='ltr'><strong>qnod</strong></span> <span class='ocrx_word' id='word_1_119' title='bbox 905 2127 1044 2192; x_wconf 81' lang='lat' dir='ltr'><strong>urbis</strong></span> <span class='ocrx_word' id='word_1_120' title='bbox 1078 2128 1189 2191; x_wconf 85' lang='lat' dir='ltr'><strong>ejus</strong></span> <span class='ocrx_word' id='word_1_121' title='bbox 1223 2127 1355 2176; x_wconf 87' lang='lat' dir='ltr'><strong>muri</strong></span> <span class='ocrx_word' id='word_1_122' title='bbox 1377 2142 1407 2177; x_wconf 90' lang='lat' dir='ltr'><strong>a</strong></span> 
     </span>
     <span class='ocr_line' id='line_1_20' title="bbox 348 2203 1404 2268; baseline -0.002 -14"><span class='ocrx_word' id='word_1_123' title='bbox 348 2205 463 2254; x_wconf 81' lang='lat' dir='ltr'><strong>Diis</strong></span> <span class='ocrx_word' id='word_1_124' title='bbox 495 2211 617 2254; x_wconf 85' lang='lat' dir='ltr'><strong>sunt</strong></span> <span class='ocrx_word' id='word_1_125' title='bbox 652 2204 911 2254; x_wconf 62' lang='lat' dir='ltr'><strong>aedificati.</strong></span> <span class='ocrx_word' id='word_1_126' title='bbox 976 2204 1146 2268; x_wconf 87' lang='lat' dir='ltr'><strong>Supra</strong></span> <span class='ocrx_word' id='word_1_127' title='bbox 1179 2203 1284 2255; x_wconf 87' lang='lat' dir='ltr'><strong>Od.</strong></span> <span class='ocrx_word' id='word_1_128' title='bbox 1317 2217 1404 2253; x_wconf 85' lang='lat'><strong>111.</strong></span> 
     </span>
     <span class='ocr_line' id='line_1_21' title="bbox 349 2281 1407 2347; baseline -0.002 -17"><span class='ocrx_word' id='word_1_129' title='bbox 349 2297 423 2331; x_wconf 84' lang='lat' dir='ltr'><strong>vs.</strong></span> <span class='ocrx_word' id='word_1_130' title='bbox 443 2286 527 2332; x_wconf 75' lang='lat'><strong>21.</strong></span> <span class='ocrx_word' id='word_1_131' title='bbox 596 2281 692 2330; x_wconf 85' lang='lat' dir='ltr'><strong>Vel</strong></span> <span class='ocrx_word' id='word_1_132' title='bbox 728 2281 864 2347; x_wconf 88' lang='lat' dir='ltr'><strong>quod</strong></span> <span class='ocrx_word' id='word_1_133' title='bbox 909 2282 1070 2333; x_wconf 86' lang='lat' dir='ltr'><strong>multa</strong></span> <span class='ocrx_word' id='word_1_134' title='bbox 1111 2281 1219 2331; x_wconf 84' lang='lat' dir='ltr'><strong>illic</strong></span> <span class='ocrx_word' id='word_1_135' title='bbox 1257 2287 1407 2330; x_wconf 87' lang='lat' dir='ltr'><strong>erant</strong></span> 
     </span>
     <span class='ocr_line' id='line_1_22' title="bbox 347 2357 1407 2422; baseline -0.006 -13"><span class='ocrx_word' id='word_1_136' title='bbox 347 2361 563 2422; x_wconf 85' lang='lat' dir='ltr'><strong>templa.</strong></span> <span class='ocrx_word' id='word_1_137' title='bbox 627 2358 729 2409; x_wconf 86' lang='lat' dir='ltr'><strong>Vel</strong></span> <span class='ocrx_word' id='word_1_138' title='bbox 751 2359 923 2422; x_wconf 85' lang='lat' dir='ltr'><strong>potius</strong></span> <span class='ocrx_word' id='word_1_139' title='bbox 953 2373 1018 2408; x_wconf 83' lang='lat' dir='ltr'><strong>ex</strong></span> <span class='ocrx_word' id='word_1_140' title='bbox 1053 2357 1267 2408; x_wconf 87' lang='lat' dir='ltr'><strong>Homeri</strong></span> <span class='ocrx_word' id='word_1_141' title='bbox 1290 2371 1407 2404; x_wconf 88' lang='lat' dir='ltr'><strong>sen-</strong></span> 
     </span>
     <span class='ocr_line' id='line_1_23' title="bbox 348 2431 1410 2500; baseline -0.003 -16"><span class='ocrx_word' id='word_1_142' title='bbox 348 2438 531 2498; x_wconf 82' lang='lat' dir='ltr'><strong>tentia,</strong></span> <span class='ocrx_word' id='word_1_143' title='bbox 573 2434 710 2500; x_wconf 85' lang='lat' dir='ltr'><strong>apud</strong></span> <span class='ocrx_word' id='word_1_144' title='bbox 750 2449 902 2499; x_wconf 85' lang='lat' dir='ltr'><strong>quem</strong></span> <span class='ocrx_word' id='word_1_145' title='bbox 944 2448 1044 2484; x_wconf 89' lang='lat' dir='ltr'><strong>uon</strong></span> <span class='ocrx_word' id='word_1_146' title='bbox 1072 2435 1243 2483; x_wconf 57' lang='lat' dir='ltr'><strong>‘semel</strong></span> <span class='ocrx_word' id='word_1_147' title='bbox 1285 2431 1410 2496; x_wconf 75' lang='grc' dir='ltr'><strong><em>ἱερὸν</em></strong></span> 
     </span>
     <span class='ocr_line' id='line_1_24' title="bbox 336 2512 1406 2577; baseline -0.003 -15"><span class='ocrx_word' id='word_1_148' title='bbox 336 2513 487 2562; x_wconf 74' lang='grc' dir='ltr'>Ἴλιον</span> <span class='ocrx_word' id='word_1_149' title='bbox 508 2515 667 2577; x_wconf 70' lang='lat' dir='ltr'><strong>legas.</strong></span> <span class='ocrx_word' id='word_1_150' title='bbox 735 2512 840 2561; x_wconf 86' lang='lat' dir='ltr'><strong>Alii</strong></span> <span class='ocrx_word' id='word_1_151' title='bbox 872 2525 1059 2561; x_wconf 74' lang='lat' dir='ltr'><strong>sacrum</strong></span> <span class='ocrx_word' id='word_1_152' title='bbox 1081 2525 1174 2574; x_wconf 91' lang='lat' dir='ltr'><strong>pro</strong></span> <span class='ocrx_word' id='word_1_153' title='bbox 1195 2524 1406 2559; x_wconf 83' lang='lat' dir='ltr'><strong>execra-</strong></span> 
     </span>
     <span class='ocr_line' id='line_1_25' title="bbox 346 2586 1406 2652; baseline -0.002 -14"><span class='ocrx_word' id='word_1_154' title='bbox 346 2589 438 2638; x_wconf 84' lang='lat' dir='ltr'><strong>bili</strong></span> <span class='ocrx_word' id='word_1_155' title='bbox 461 2589 544 2638; x_wconf 86' lang='lat' dir='ltr'><strong>bic</strong></span> <span class='ocrx_word' id='word_1_156' title='bbox 566 2596 790 2652; x_wconf 84' lang='lat' dir='ltr'><strong>sumunt,</strong></span> <span class='ocrx_word' id='word_1_157' title='bbox 806 2596 862 2636; x_wconf 85' lang='lat' dir='ltr'><strong>ut</strong></span> <span class='ocrx_word' id='word_1_158' title='bbox 883 2588 1137 2649; x_wconf 79' lang='lat' dir='ltr'><strong>existimo,</strong></span> <span class='ocrx_word' id='word_1_159' title='bbox 1161 2586 1406 2639; x_wconf 83' lang='lat' dir='ltr'><strong>absurde.</strong></span> 
     </span>
     <span class='ocr_line' id='line_1_26' title="bbox 350 2663 1404 2727; baseline -0.002 -13"><span class='ocrx_word' id='word_1_160' title='bbox 350 2696 353 2701; x_wconf 93' lang='lat'>-</span> <span class='ocrx_word' id='word_1_161' title='bbox 411 2672 441 2714; x_wconf 84' lang='lat'>5</span> <span class='ocrx_word' id='word_1_162' title='bbox 469 2663 665 2727; x_wconf 68' lang='lat' dir='ltr'><strong>Chium]</strong></span> <span class='ocrx_word' id='word_1_163' title='bbox 718 2665 779 2713; x_wconf 84' lang='lat' dir='ltr'><strong>In</strong></span> <span class='ocrx_word' id='word_1_164' title='bbox 811 2664 1016 2715; x_wconf 79' lang='lat' dir='ltr'><strong>Groeeis</strong></span> <span class='ocrx_word' id='word_1_165' title='bbox 1056 2663 1184 2713; x_wconf 81' lang='lat' dir='ltr'><strong>vinis</strong></span> <span class='ocrx_word' id='word_1_166' title='bbox 1224 2664 1404 2714; x_wconf 87' lang='lat' dir='ltr'><strong>Chium</strong></span> 
     </span>
     <span class='ocr_line' id='line_1_27' title="bbox 327 2737 1404 2804; baseline -0.003 -12"><span class='ocrx_word' id='word_1_167' title='bbox 327 2742 657 2804; x_wconf 61' lang='lat' dir='ltr'><strong>excellebat,</strong></span> <span class='ocrx_word' id='word_1_168' title='bbox 693 2749 751 2790; x_wconf 88' lang='lat' dir='ltr'><strong>ut</strong></span> <span class='ocrx_word' id='word_1_169' title='bbox 787 2740 1062 2790; x_wconf 81' lang='lat' dir='ltr'><strong>Falernum</strong></span> <span class='ocrx_word' id='word_1_170' title='bbox 1095 2740 1149 2787; x_wconf 89' lang='lat' dir='ltr'><strong>in</strong></span> <span class='ocrx_word' id='word_1_171' title='bbox 1184 2737 1404 2789; x_wconf 73' lang='lat' dir='ltr'><strong>Italicis.</strong></span> 
     </span>
     <span class='ocr_line' id='line_1_28' title="bbox 345 2816 1407 2867; baseline -0.002 0"><span class='ocrx_word' id='word_1_172' title='bbox 345 2818 428 2867; x_wconf 87' lang='lat' dir='ltr'><strong>Ex</strong></span> <span class='ocrx_word' id='word_1_173' title='bbox 454 2817 644 2867; x_wconf 76' lang='lat' dir='ltr'><strong>Athen.</strong></span> <span class='ocrx_word' id='word_1_174' title='bbox 664 2831 701 2867; x_wconf 84' lang='lat'><strong>1.</strong></span> <span class='ocrx_word' id='word_1_175' title='bbox 719 2821 800 2866; x_wconf 74' lang='lat'><strong>2⁰.</strong></span> <span class='ocrx_word' id='word_1_176' title='bbox 867 2817 981 2866; x_wconf 85' lang='lat' dir='ltr'><strong>Chii</strong></span> <span class='ocrx_word' id='word_1_177' title='bbox 1005 2816 1138 2866; x_wconf 82' lang='lat' dir='ltr'><strong>vites</strong></span> <span class='ocrx_word' id='word_1_178' title='bbox 1159 2823 1407 2865; x_wconf 81' lang='lat' dir='ltr'><strong>severunt</strong></span> 
     </span>
     <span class='ocr_line' id='line_1_29' title="bbox 347 2891 1406 2957; baseline -0.001 -16"><span class='ocrx_word' id='word_1_179' title='bbox 347 2893 516 2957; x_wconf 86' lang='lat' dir='ltr'><strong>primi.</strong></span> <span class='ocrx_word' id='word_1_180' title='bbox 569 2895 649 2942; x_wconf 86' lang='lat' dir='ltr'><strong>Ex</strong></span> <span class='ocrx_word' id='word_1_181' title='bbox 688 2893 825 2942; x_wconf 87' lang='lat' dir='ltr'><strong>Pliu.</strong></span> <span class='ocrx_word' id='word_1_182' title='bbox 845 2894 966 2942; x_wconf 70' lang='lat' dir='ltr'><strong>irv.</strong></span> <span class='ocrx_word' id='word_1_183' title='bbox 989 2897 1038 2940; x_wconf 80' lang='grc'><strong>7.</strong></span> <span class='ocrx_word' id='word_1_184' title='bbox 1070 2895 1084 2920; x_wconf 88' lang='lat'>‘</span> <span class='ocrx_word' id='word_1_185' title='bbox 1110 2891 1174 2941; x_wconf 89' lang='lat' dir='ltr'><strong>Iu</strong></span> <span class='ocrx_word' id='word_1_186' title='bbox 1210 2905 1406 2940; x_wconf 79' lang='lat' dir='ltr'><strong>summa</strong></span> 
     </span>
     <span class='ocr_line' id='line_1_30' title="bbox 347 2968 872 3033; baseline 0.002 -15"><span class='ocrx_word' id='word_1_187' title='bbox 347 2971 509 3033; x_wconf 83' lang='lat' dir='ltr'><strong>gloria</strong></span> <span class='ocrx_word' id='word_1_188' title='bbox 532 2968 634 3019; x_wconf 84' lang='lat' dir='ltr'><strong>fuit</strong></span> <span class='ocrx_word' id='word_1_189' title='bbox 655 2969 872 3019; x_wconf 67' lang='lat' dir='ltr'><strong>Chium!</strong></span> 
     </span>
    </p>

    <p class='ocr_par' dir='ltr' id='par_1_12' title="bbox 344 3043 1404 3554">
     <span class='ocr_line' id='line_1_31' title="bbox 346 3043 1400 3110; baseline -0.002 -14"><span class='ocrx_word' id='word_1_190' title='bbox 346 3078 353 3081; x_wconf 93' lang='lat'>-</span> <span class='ocrx_word' id='word_1_191' title='bbox 408 3051 442 3096; x_wconf 82' lang='grc'>6</span> <span class='ocrx_word' id='word_1_192' title='bbox 467 3047 589 3102; x_wconf 76' lang='lat' dir='ltr'><strong>Quis</strong></span> <span class='ocrx_word' id='word_1_193' title='bbox 600 3059 768 3109; x_wconf 75' lang='lat' dir='ltr'><strong>aquam</strong></span> <span class='ocrx_word' id='word_1_194' title='bbox 787 3049 1011 3110; x_wconf 73' lang='lat' dir='ltr'><strong>temperet</strong></span> <span class='ocrx_word' id='word_1_195' title='bbox 1026 3043 1241 3107; x_wconf 75' lang='lat' dir='ltr'><strong>igniluoe]</strong></span> <span class='ocrx_word' id='word_1_196' title='bbox 1271 3045 1400 3097; x_wconf 81' lang='lat' dir='ltr'><strong>Quis</strong></span> 
     </span>
     <span class='ocr_line' id='line_1_32' title="bbox 345 3122 1404 3187; baseline 0 -16"><span class='ocrx_word' id='word_1_197' title='bbox 345 3131 497 3186; x_wconf 84' lang='lat' dir='ltr'><strong>paret</strong></span> <span class='ocrx_word' id='word_1_198' title='bbox 510 3122 751 3173; x_wconf 84' lang='lat' dir='ltr'><strong>balneum</strong></span> <span class='ocrx_word' id='word_1_199' title='bbox 767 3139 782 3183; x_wconf 77' lang='lat'><em>3</em></span> <span class='ocrx_word' id='word_1_200' title='bbox 815 3122 954 3187; x_wconf 87' lang='lat' dir='ltr'><strong>quod</strong></span> <span class='ocrx_word' id='word_1_201' title='bbox 973 3129 1177 3173; x_wconf 83' lang='lat' dir='ltr'><strong>veteres</strong></span> <span class='ocrx_word' id='word_1_202' title='bbox 1196 3136 1404 3186; x_wconf 80' lang='lat' dir='ltr'>semper</span> 
     </span>
     <span class='ocr_line' id='line_1_33' title="bbox 345 3196 1403 3248; baseline -0.001 -1"><span class='ocrx_word' id='word_1_203' title='bbox 345 3205 471 3248; x_wconf 86' lang='lat' dir='ltr'><strong>aute</strong></span> <span class='ocrx_word' id='word_1_204' title='bbox 492 3199 783 3247; x_wconf 82' lang='lat' dir='ltr'><strong>convivium</strong></span> <span class='ocrx_word' id='word_1_205' title='bbox 814 3199 1034 3248; x_wconf 75' lang='lat' dir='ltr'><strong>inibant.</strong></span> <span class='ocrx_word' id='word_1_206' title='bbox 1101 3196 1208 3247; x_wconf 83' lang='lat' dir='ltr'><strong>Alii</strong></span> <span class='ocrx_word' id='word_1_207' title='bbox 1246 3198 1403 3248; x_wconf 89' lang='lat' dir='ltr'><strong>inter·</strong></span> 
     </span>
     <span class='ocr_line' id='line_1_34' title="bbox 346 3273 1404 3338; baseline 0 -15"><span class='ocrx_word' id='word_1_208' title='bbox 346 3281 620 3338; x_wconf 83' lang='lat' dir='ltr'><strong>pretantnr</strong></span> <span class='ocrx_word' id='word_1_209' title='bbox 636 3275 702 3324; x_wconf 91' lang='lat' dir='ltr'><strong>de</strong></span> <span class='ocrx_word' id='word_1_210' title='bbox 720 3274 1095 3338; x_wconf 76' lang='lat' dir='ltr'><strong>Thermopolio,</strong></span> <span class='ocrx_word' id='word_1_211' title='bbox 1118 3289 1212 3324; x_wconf 90' lang='lat' dir='ltr'><strong>seu</strong></span> <span class='ocrx_word' id='word_1_212' title='bbox 1229 3273 1295 3325; x_wconf 89' lang='lat' dir='ltr'><strong>de</strong></span> <span class='ocrx_word' id='word_1_213' title='bbox 1309 3289 1404 3338; x_wconf 89' lang='lat' dir='ltr'><strong>po·</strong></span> 
     </span>
     <span class='ocr_line' id='line_1_35' title="bbox 345 3348 1403 3414; baseline -0.003 -13"><span class='ocrx_word' id='word_1_214' title='bbox 345 3351 488 3401; x_wconf 85' lang='lat' dir='ltr'><strong>tione</strong></span> <span class='ocrx_word' id='word_1_215' title='bbox 509 3351 692 3409; x_wconf 85' lang='lat' dir='ltr'><strong>calida,</strong></span> <span class='ocrx_word' id='word_1_216' title='bbox 715 3365 865 3414; x_wconf 88' lang='lat' dir='ltr'><strong>quam</strong></span> <span class='ocrx_word' id='word_1_217' title='bbox 889 3350 1096 3414; x_wconf 88' lang='lat' dir='ltr'><strong>quidem</strong></span> <span class='ocrx_word' id='word_1_218' title='bbox 1119 3351 1172 3399; x_wconf 90' lang='lat' dir='ltr'><strong>iu</strong></span> <span class='ocrx_word' id='word_1_219' title='bbox 1205 3348 1403 3399; x_wconf 85' lang='lat' dir='ltr'><strong>deliciis</strong></span> 
     </span>
     <span class='ocr_line' id='line_1_36' title="bbox 344 3424 1402 3489; baseline -0.002 -14"><span class='ocrx_word' id='word_1_220' title='bbox 344 3425 485 3489; x_wconf 79' lang='lat' dir='ltr'><strong>apud</strong></span> <span class='ocrx_word' id='word_1_221' title='bbox 526 3435 730 3477; x_wconf 76' lang='lat' dir='ltr'><strong>veteres</strong></span> <span class='ocrx_word' id='word_1_222' title='bbox 768 3424 948 3486; x_wconf 84' lang='lat' dir='ltr'><strong>fuisse,</strong></span> <span class='ocrx_word' id='word_1_223' title='bbox 978 3425 1153 3474; x_wconf 83' lang='lat' dir='ltr'><strong>multis</strong></span> <span class='ocrx_word' id='word_1_224' title='bbox 1183 3425 1402 3488; x_wconf 84' lang='lat' dir='ltr'><strong>probavi</strong></span> 
     </span>
     <span class='ocr_line' id='line_1_37' title="bbox 344 3502 989 3554; baseline 0 -3"><span class='ocrx_word' id='word_1_225' title='bbox 344 3502 410 3551; x_wconf 88' lang='lat' dir='ltr'><strong>ad</strong></span> <span class='ocrx_word' id='word_1_226' title='bbox 432 3503 668 3554; x_wconf 74' lang='lat' dir='ltr'><strong>Juvenal.</strong></span> <span class='ocrx_word' id='word_1_227' title='bbox 689 3502 803 3550; x_wconf 87' lang='lat' dir='ltr'><strong>Sat.</strong></span> <span class='ocrx_word' id='word_1_228' title='bbox 827 3515 881 3549; x_wconf 82' lang='lat' dir='ltr'><strong>v.</strong></span> <span class='ocrx_word' id='word_1_229' title='bbox 907 3506 989 3551; x_wconf 73' lang='lat'><strong>64.</strong></span> 
     </span>
    </p>

    <p class='ocr_par' dir='ltr' id='par_1_13' title="bbox 342 3576 1403 4332">
     <span class='ocr_line' id='line_1_38' title="bbox 342 3576 1401 3642; baseline -0.004 -13"><span class='ocrx_word' id='word_1_230' title='bbox 342 3620 349 3629; x_wconf 87' lang='lat'><strong>.</strong></span> <span class='ocrx_word' id='word_1_231' title='bbox 409 3583 440 3628; x_wconf 80' lang='lat'>⁷</span> <span class='ocrx_word' id='word_1_232' title='bbox 477 3579 584 3634; x_wconf 72' lang='lat' dir='ltr'><strong>Quo</strong></span> <span class='ocrx_word' id='word_1_233' title='bbox 622 3577 859 3642; x_wconf 77' lang='lat' dir='ltr'><strong>proebente</strong></span> <span class='ocrx_word' id='word_1_234' title='bbox 894 3578 1100 3639; x_wconf 69' lang='lat' dir='ltr'><strong>domm,</strong></span> <span class='ocrx_word' id='word_1_235' title='bbox 1134 3578 1240 3641; x_wconf 53' lang='grc' dir='ltr'><strong>ξω]</strong></span> <span class='ocrx_word' id='word_1_236' title='bbox 1270 3576 1401 3628; x_wconf 79' lang='lat' dir='ltr'><strong>Quis</strong></span> 
     </span>
     <span class='ocr_line' id='line_1_39' title="bbox 345 3653 1400 3718; baseline -0.002 -14"><span class='ocrx_word' id='word_1_237' title='bbox 345 3655 497 3705; x_wconf 87' lang='lat' dir='ltr'><strong>nobis</strong></span> <span class='ocrx_word' id='word_1_238' title='bbox 538 3655 743 3704; x_wconf 84' lang='lat' dir='ltr'><strong>domum</strong></span> <span class='ocrx_word' id='word_1_239' title='bbox 788 3653 1062 3718; x_wconf 82' lang='lat' dir='ltr'><strong>praebebit‚</strong></span> <span class='ocrx_word' id='word_1_240' title='bbox 1114 3667 1207 3702; x_wconf 77' lang='lat' dir='ltr'><strong>sen</strong></span> <span class='ocrx_word' id='word_1_241' title='bbox 1259 3653 1400 3715; x_wconf 86' lang='lat' dir='ltr'><strong>apud</strong></span> 
     </span>
     <span class='ocr_line' id='line_1_40' title="bbox 345 3728 1402 3797; baseline -0.002 -17"><span class='ocrx_word' id='word_1_242' title='bbox 345 3746 500 3797; x_wconf 77' lang='lat' dir='ltr'><strong>quem</strong></span> <span class='ocrx_word' id='word_1_243' title='bbox 543 3730 886 3794; x_wconf 75' lang='lat' dir='ltr'><strong>epulabimur,</strong></span> <span class='ocrx_word' id='word_1_244' title='bbox 924 3728 1046 3778; x_wconf 88' lang='lat' dir='ltr'><strong>dum</strong></span> <span class='ocrx_word' id='word_1_245' title='bbox 1083 3730 1135 3778; x_wconf 88' lang='lat' dir='ltr'><strong>iu</strong></span> <span class='ocrx_word' id='word_1_246' title='bbox 1172 3729 1402 3792; x_wconf 71' lang='lat' dir='ltr'><strong>Peliguis</strong></span> 
     </span>
     <span class='ocr_line' id='line_1_41' title="bbox 342 3806 1402 3869; baseline 0 -14"><span class='ocrx_word' id='word_1_247' title='bbox 342 3807 683 3857; x_wconf 66' lang='lat' dir='ltr'><strong>xersabimur.</strong></span> <span class='ocrx_word' id='word_1_248' title='bbox 750 3806 889 3856; x_wconf 85' lang='lat' dir='ltr'><strong>Nam</strong></span> <span class='ocrx_word' id='word_1_249' title='bbox 907 3806 1005 3857; x_wconf 82' lang='lat' dir='ltr'><strong>vel.</strong></span> <span class='ocrx_word' id='word_1_250' title='bbox 1020 3820 1084 3855; x_wconf 85' lang='lat' dir='ltr'><strong>eo</strong></span> <span class='ocrx_word' id='word_1_251' title='bbox 1107 3812 1257 3855; x_wconf 89' lang='lat' dir='ltr'><strong>eraut</strong></span> <span class='ocrx_word' id='word_1_252' title='bbox 1284 3819 1402 3869; x_wconf 87' lang='lat' dir='ltr'><strong>per-</strong></span> 
     </span>
     <span class='ocr_line' id='line_1_42' title="bbox 345 3882 1402 3947; baseline 0 -15"><span class='ocrx_word' id='word_1_253' title='bbox 345 3883 565 3944; x_wconf 81' lang='lat' dir='ltr'><strong>recturi,</strong></span> <span class='ocrx_word' id='word_1_254' title='bbox 587 3882 670 3931; x_wconf 84' lang='lat' dir='ltr'><strong>vel</strong></span> <span class='ocrx_word' id='word_1_255' title='bbox 701 3882 776 3931; x_wconf 87' lang='lat' dir='ltr'><strong>ibi</strong></span> <span class='ocrx_word' id='word_1_256' title='bbox 803 3882 913 3945; x_wconf 84' lang='lat' dir='ltr'><strong>jam</strong></span> <span class='ocrx_word' id='word_1_257' title='bbox 947 3889 1115 3947; x_wconf 82' lang='lat' dir='ltr'><strong>erant,</strong></span> <span class='ocrx_word' id='word_1_258' title='bbox 1150 3896 1265 3932; x_wconf 88' lang='lat' dir='ltr'><strong>cum</strong></span> <span class='ocrx_word' id='word_1_259' title='bbox 1287 3882 1402 3932; x_wconf 74' lang='lat' dir='ltr'><strong>hoec</strong></span> 
     </span>
     <span class='ocr_line' id='line_1_43' title="bbox 348 3959 1401 4022; baseline 0.001 -13"><span class='ocrx_word' id='word_1_260' title='bbox 348 3960 597 4010; x_wconf 83' lang='lat' dir='ltr'><strong>Horatius</strong></span> <span class='ocrx_word' id='word_1_261' title='bbox 629 3960 740 4022; x_wconf 86' lang='lat' dir='ltr'><strong>jam</strong></span> <span class='ocrx_word' id='word_1_262' title='bbox 779 3959 1077 4022; x_wconf 85' lang='lat' dir='ltr'><strong>scribebat;</strong></span> <span class='ocrx_word' id='word_1_263' title='bbox 1130 3959 1212 4008; x_wconf 78' lang='lat' dir='ltr'><strong>vel</strong></span> <span class='ocrx_word' id='word_1_264' title='bbox 1253 3967 1401 4010; x_wconf 86' lang='lat' dir='ltr'><strong>certe</strong></span> 
     </span>
     <span class='ocr_line' id='line_1_44' title="bbox 346 4038 1392 4105; baseline -0.001 -14"><span class='ocrx_word' id='word_1_265' title='bbox 346 4042 620 4104; x_wconf 79' lang='lat' dir='ltr'><strong>Peliguum</strong></span> <span class='ocrx_word' id='word_1_266' title='bbox 654 4040 813 4104; x_wconf 74' lang='lat' dir='ltr'><strong>frigus</strong></span> <span class='ocrx_word' id='word_1_267' title='bbox 851 4039 1196 4105; x_wconf 76' lang='lat' dir='ltr'><strong>metonymice</strong></span> <span class='ocrx_word' id='word_1_268' title='bbox 1240 4038 1392 4100; x_wconf 85' lang='lat' dir='ltr'><strong>dicit;</strong></span> 
     </span>
     <span class='ocr_line' id='line_1_45' title="bbox 343 4115 1403 4181; baseline 0 -15"><span class='ocrx_word' id='word_1_269' title='bbox 343 4117 576 4181; x_wconf 70' lang='lat' dir='ltr'><strong>speeiem</strong></span> <span class='ocrx_word' id='word_1_270' title='bbox 634 4131 726 4180; x_wconf 87' lang='lat' dir='ltr'><strong>pro</strong></span> <span class='ocrx_word' id='word_1_271' title='bbox 770 4131 976 4180; x_wconf 79' lang='lat' dir='ltr'><strong>genere.</strong></span> <span class='ocrx_word' id='word_1_272' title='bbox 1061 4115 1235 4168; x_wconf 79' lang='lat' dir='ltr'><strong>Quota</strong></span> <span class='ocrx_word' id='word_1_273' title='bbox 1276 4116 1403 4166; x_wconf 84' lang='lat' dir='ltr'><strong>bora</strong></span> 
     </span>
     <span class='ocr_line' id='line_1_46' title="bbox 345 4192 1401 4257; baseline 0 -14"><span class='ocrx_word' id='word_1_274' title='bbox 345 4207 535 4243; x_wconf 82' lang='lat' dir='ltr'><strong>mensae</strong></span> <span class='ocrx_word' id='word_1_275' title='bbox 557 4192 947 4253; x_wconf 84' lang='lat' dir='ltr'><strong>accumbam,et</strong></span> <span class='ocrx_word' id='word_1_276' title='bbox 961 4207 1077 4257; x_wconf 83' lang='lat' dir='ltr'><strong>cum</strong></span> <span class='ocrx_word' id='word_1_277' title='bbox 1103 4192 1314 4257; x_wconf 75' lang='lat' dir='ltr'><strong>quibns3</strong></span> <span class='ocrx_word' id='word_1_278' title='bbox 1347 4198 1401 4243; x_wconf 88' lang='lat' dir='ltr'><strong>et</strong></span> 
     </span>
     <span class='ocr_line' id='line_1_47' title="bbox 347 4268 1399 4332; baseline 0.002 -15"><span class='ocrx_word' id='word_1_279' title='bbox 347 4269 405 4318; x_wconf 82' lang='lat' dir='ltr'><strong>iu</strong></span> <span class='ocrx_word' id='word_1_280' title='bbox 426 4269 573 4332; x_wconf 87' lang='lat' dir='ltr'><strong>cujus</strong></span> <span class='ocrx_word' id='word_1_281' title='bbox 596 4269 746 4318; x_wconf 87' lang='lat' dir='ltr'><strong>domo</strong></span> <span class='ocrx_word' id='word_1_282' title='bbox 766 4268 1061 4320; x_wconf 77' lang='lat' dir='ltr'><strong>luculentus</strong></span> <span class='ocrx_word' id='word_1_283' title='bbox 1086 4268 1399 4320; x_wconf 76' lang='lat' dir='ltr'><strong>accendatur</strong></span> 
     </span>
    </p>
   </div>
   <div class='ocr_carea' id='block_1_9' title="bbox 1472 1819 2547 1886">
    <p class='ocr_par' dir='ltr' id='par_1_14' title="bbox 1472 1819 2547 1886">
     <span class='ocr_line' id='line_1_48' title="bbox 1472 1819 2547 1886; baseline -0.001 -15"><span class='ocrx_word' id='word_1_284' title='bbox 1472 1822 1613 1871; x_wconf 89' lang='lat' dir='ltr'><strong>&#39;mibi</strong></span> <span class='ocrx_word' id='word_1_285' title='bbox 1646 1821 1790 1872; x_wconf 82' lang='lat' dir='ltr'><strong>focus</strong></span> <span class='ocrx_word' id='word_1_286' title='bbox 1826 1821 1890 1871; x_wconf 89' lang='lat' dir='ltr'><strong>ad</strong></span> <span class='ocrx_word' id='word_1_287' title='bbox 1932 1821 2332 1886; x_wconf 80' lang='lat' dir='ltr'><strong>propulsandum</strong></span> <span class='ocrx_word' id='word_1_288' title='bbox 2364 1819 2547 1885; x_wconf 83' lang='lat' dir='ltr'><strong>frigus,</strong></span> 
     </span>
    </p>
   </div>
   <div class='ocr_carea' id='block_1_10' title="bbox 1487 1894 2547 2578">
    <p class='ocr_par' dir='ltr' id='par_1_15' title="bbox 1488 1894 2545 2179">
     <span class='ocr_line' id='line_1_49' title="bbox 1490 1894 2545 1965; baseline -0.001 -16"><span class='ocrx_word' id='word_1_289' title='bbox 1490 1901 1628 1965; x_wconf 88' lang='lat' dir='ltr'><strong>quod</strong></span> <span class='ocrx_word' id='word_1_290' title='bbox 1655 1894 1787 1960; x_wconf 56' lang='lat' dir='ltr'><strong>riget</strong></span> <span class='ocrx_word' id='word_1_291' title='bbox 1809 1900 1860 1949; x_wconf 88' lang='lat' dir='ltr'><strong>in</strong></span> <span class='ocrx_word' id='word_1_292' title='bbox 1878 1900 2209 1963; x_wconf 83' lang='lat' dir='ltr'><strong>Pelignorum</strong></span> <span class='ocrx_word' id='word_1_293' title='bbox 2233 1899 2457 1962; x_wconf 83' lang='lat' dir='ltr'><strong>regione,</strong></span> <span class='ocrx_word' id='word_1_294' title='bbox 2477 1899 2545 1948; x_wconf 86' lang='lat' dir='ltr'><strong>ob</strong></span> 
     </span>
     <span class='ocr_line' id='line_1_50' title="bbox 1490 1975 2545 2039; baseline 0 -15"><span class='ocrx_word' id='word_1_295' title='bbox 1490 1984 1691 2026; x_wconf 84' lang='lat' dir='ltr'><strong>montes</strong></span> <span class='ocrx_word' id='word_1_296' title='bbox 1717 1976 1989 2039; x_wconf 80' lang='lat' dir='ltr'><strong>plurimos:</strong></span> <span class='ocrx_word' id='word_1_297' title='bbox 2028 1990 2091 2024; x_wconf 85' lang='lat' dir='ltr'><strong>ea</strong></span> <span class='ocrx_word' id='word_1_298' title='bbox 2122 1989 2258 2024; x_wconf 85' lang='lat' dir='ltr'><strong>nuuc</strong></span> <span class='ocrx_word' id='word_1_299' title='bbox 2291 1975 2442 2024; x_wconf 81' lang='lat' dir='ltr'><strong>Vulva</strong></span> <span class='ocrx_word' id='word_1_300' title='bbox 2468 1975 2545 2024; x_wconf 88' lang='lat' dir='ltr'><strong>di·</strong></span> 
     </span>
     <span class='ocr_line' id='line_1_51' title="bbox 1491 2049 2542 2116; baseline -0.001 -16"><span class='ocrx_word' id='word_1_301' title='bbox 1491 2051 1648 2113; x_wconf 89' lang='lat' dir='ltr'><strong>citur,</strong></span> <span class='ocrx_word' id='word_1_302' title='bbox 1693 2058 1874 2116; x_wconf 87' lang='lat' dir='ltr'><strong>estque</strong></span> <span class='ocrx_word' id='word_1_303' title='bbox 1918 2050 1970 2100; x_wconf 90' lang='lat' dir='ltr'><strong>in</strong></span> <span class='ocrx_word' id='word_1_304' title='bbox 2017 2049 2271 2114; x_wconf 76' lang='lat' dir='ltr'><strong>Apruti03</strong></span> <span class='ocrx_word' id='word_1_305' title='bbox 2324 2050 2445 2099; x_wconf 89' lang='lat' dir='ltr'><strong>olim</strong></span> <span class='ocrx_word' id='word_1_306' title='bbox 2492 2051 2542 2099; x_wconf 90' lang='lat' dir='ltr'><strong>in</strong></span> 
     </span>
     <span class='ocr_line' id='line_1_52' title="bbox 1488 2130 1761 2179; baseline -0.004 0"><span class='ocrx_word' id='word_1_307' title='bbox 1488 2130 1761 2179; x_wconf 87' lang='lat' dir='ltr'><strong>Samnitio.</strong></span> 
     </span>
    </p>

    <p class='ocr_par' dir='ltr' id='par_1_16' title="bbox 1487 2202 2547 2578">
     <span class='ocr_line' id='line_1_53' title="bbox 1552 2202 2545 2270; baseline -0.003 -14"><span class='ocrx_word' id='word_1_308' title='bbox 1552 2211 1585 2256; x_wconf 84' lang='lat'>9</span> <span class='ocrx_word' id='word_1_309' title='bbox 1610 2203 1696 2257; x_wconf 81' lang='lat' dir='ltr'><strong>Du</strong></span> <span class='ocrx_word' id='word_1_310' title='bbox 1727 2206 1878 2256; x_wconf 79' lang='lat' dir='ltr'><strong>Lunoe</strong></span> <span class='ocrx_word' id='word_1_311' title='bbox 1910 2219 2107 2270; x_wconf 71' lang='lat' dir='ltr'><strong>propere</strong></span> <span class='ocrx_word' id='word_1_312' title='bbox 2143 2203 2300 2267; x_wconf 80' lang='lat' dir='ltr'><strong>novae]</strong></span> <span class='ocrx_word' id='word_1_313' title='bbox 2344 2202 2545 2254; x_wconf 79' lang='lat' dir='ltr'><strong>Invitat</strong></span> 
     </span>
     <span class='ocr_line' id='line_1_54' title="bbox 1488 2280 2542 2347; baseline -0.003 -13"><span class='ocrx_word' id='word_1_314' title='bbox 1488 2284 1643 2334; x_wconf 89' lang='lat' dir='ltr'><strong>immo</strong></span> <span class='ocrx_word' id='word_1_315' title='bbox 1668 2282 1896 2333; x_wconf 88' lang='lat' dir='ltr'><strong>traducit</strong></span> <span class='ocrx_word' id='word_1_316' title='bbox 1916 2283 2203 2347; x_wconf 84' lang='lat' dir='ltr'><strong>Telephum</strong></span> <span class='ocrx_word' id='word_1_317' title='bbox 2226 2280 2289 2331; x_wconf 89' lang='lat' dir='ltr'><strong>ad</strong></span> <span class='ocrx_word' id='word_1_318' title='bbox 2313 2281 2542 2331; x_wconf 84' lang='lat' dir='ltr'><strong>hilarita-</strong></span> 
     </span>
     <span class='ocr_line' id='line_1_55' title="bbox 1489 2354 2547 2422; baseline -0.003 -13"><span class='ocrx_word' id='word_1_319' title='bbox 1489 2366 1597 2409; x_wconf 88' lang='lat' dir='ltr'><strong>tem</strong></span> <span class='ocrx_word' id='word_1_320' title='bbox 1620 2373 1684 2409; x_wconf 84' lang='lat' dir='ltr'><strong>ex</strong></span> <span class='ocrx_word' id='word_1_321' title='bbox 1709 2354 1943 2422; x_wconf 82' lang='lat' dir='ltr'><strong>tempore</strong></span> <span class='ocrx_word' id='word_1_322' title='bbox 1969 2357 2240 2419; x_wconf 73' lang='lat' dir='ltr'><strong>Horatius,</strong></span> <span class='ocrx_word' id='word_1_323' title='bbox 2252 2357 2446 2420; x_wconf 85' lang='lat' dir='ltr'><strong>jubens</strong></span> <span class='ocrx_word' id='word_1_324' title='bbox 2469 2356 2547 2415; x_wconf 47' lang='lat' dir='ltr'><strong>af?</strong></span> 
     </span>
     <span class='ocr_line' id='line_1_56' title="bbox 1487 2434 2545 2498; baseline -0.004 -12"><span class='ocrx_word' id='word_1_325' title='bbox 1487 2434 1637 2486; x_wconf 81' lang='lat' dir='ltr'><strong>fundi</strong></span> <span class='ocrx_word' id='word_1_326' title='bbox 1669 2436 1840 2485; x_wconf 83' lang='lat' dir='ltr'><strong>vinum</strong></span> <span class='ocrx_word' id='word_1_327' title='bbox 1872 2434 2113 2498; x_wconf 73' lang='lat' dir='ltr'><strong>copiosez</strong></span> <span class='ocrx_word' id='word_1_328' title='bbox 2150 2434 2364 2497; x_wconf 82' lang='lat' dir='ltr'><strong>ipseque</strong></span> <span class='ocrx_word' id='word_1_329' title='bbox 2402 2434 2545 2496; x_wconf 87' lang='lat' dir='ltr'><strong>prior</strong></span> 
     </span>
     <span class='ocr_line' id='line_1_57' title="bbox 1487 2512 2543 2578; baseline -0.005 -13"><span class='ocrx_word' id='word_1_330' title='bbox 1487 2515 1669 2578; x_wconf 87' lang='lat' dir='ltr'><strong>arripit</strong></span> <span class='ocrx_word' id='word_1_331' title='bbox 1705 2513 1953 2578; x_wconf 83' lang='lat' dir='ltr'><strong>scyphum</strong></span> <span class='ocrx_word' id='word_1_332' title='bbox 1986 2520 2041 2562; x_wconf 86' lang='lat' dir='ltr'><strong>et</strong></span> <span class='ocrx_word' id='word_1_333' title='bbox 2069 2512 2326 2576; x_wconf 87' lang='lat' dir='ltr'><strong>propinat.</strong></span> <span class='ocrx_word' id='word_1_334' title='bbox 2390 2513 2543 2561; x_wconf 76' lang='lat' dir='ltr'><strong>Luuoe</strong></span> 
     </span>
    </p>
   </div>
   <div class='ocr_carea' id='block_1_11' title="bbox 1474 2588 2544 4332">
    <p class='ocr_par' dir='ltr' id='par_1_17' title="bbox 1481 2588 2544 3098">
     <span class='ocr_line' id='line_1_58' title="bbox 1484 2588 2544 2655; baseline -0.002 -15"><span class='ocrx_word' id='word_1_335' title='bbox 1484 2605 1621 2640; x_wconf 76' lang='lat' dir='ltr'><strong>novae</strong></span> <span class='ocrx_word' id='word_1_336' title='bbox 1643 2591 1883 2655; x_wconf 87' lang='lat' dir='ltr'><strong>poculum</strong></span> <span class='ocrx_word' id='word_1_337' title='bbox 1903 2590 2059 2652; x_wconf 83' lang='lat' dir='ltr'><strong>petit,</strong></span> <span class='ocrx_word' id='word_1_338' title='bbox 2080 2588 2162 2638; x_wconf 84' lang='lat' dir='ltr'><strong>vel</strong></span> <span class='ocrx_word' id='word_1_339' title='bbox 2184 2588 2320 2653; x_wconf 87' lang='lat' dir='ltr'><strong>quod</strong></span> <span class='ocrx_word' id='word_1_340' title='bbox 2345 2588 2544 2638; x_wconf 87' lang='lat' dir='ltr'><strong>oriente</strong></span> 
     </span>
     <span class='ocr_line' id='line_1_59' title="bbox 1485 2664 2543 2728; baseline -0.001 -13"><span class='ocrx_word' id='word_1_341' title='bbox 1485 2668 1654 2727; x_wconf 68' lang='lat' dir='ltr'><strong>Ianua,</strong></span> <span class='ocrx_word' id='word_1_342' title='bbox 1701 2673 1758 2715; x_wconf 92' lang='lat' dir='ltr'><strong>et</strong></span> <span class='ocrx_word' id='word_1_343' title='bbox 1803 2664 2009 2728; x_wconf 82' lang='lat' dir='ltr'><strong>vesperi</strong></span> <span class='ocrx_word' id='word_1_344' title='bbox 2051 2664 2287 2713; x_wconf 84' lang='lat' dir='ltr'><strong>convivia</strong></span> <span class='ocrx_word' id='word_1_345' title='bbox 2327 2664 2543 2714; x_wconf 87' lang='lat' dir='ltr'><strong>adibant</strong></span> 
     </span>
     <span class='ocr_line' id='line_1_60' title="bbox 1489 2739 2541 2807; baseline -0.004 -14"><span class='ocrx_word' id='word_1_346' title='bbox 1489 2755 1728 2803; x_wconf 76' lang='lat' dir='ltr'><strong>veteres3</strong></span> <span class='ocrx_word' id='word_1_347' title='bbox 1761 2742 1843 2791; x_wconf 86' lang='lat' dir='ltr'><strong>vel</strong></span> <span class='ocrx_word' id='word_1_348' title='bbox 1866 2742 1988 2807; x_wconf 87' lang='lat' dir='ltr'><strong>quia</strong></span> <span class='ocrx_word' id='word_1_349' title='bbox 2003 2739 2154 2790; x_wconf 80' lang='lat' dir='ltr'><strong>festae</strong></span> <span class='ocrx_word' id='word_1_350' title='bbox 2176 2748 2328 2790; x_wconf 88' lang='lat' dir='ltr'><strong>erant</strong></span> <span class='ocrx_word' id='word_1_351' title='bbox 2348 2742 2541 2792; x_wconf 85' lang='lat' dir='ltr'><strong>Kalen-</strong></span> 
     </span>
     <span class='ocr_line' id='line_1_61' title="bbox 1486 2816 2538 2882; baseline -0.004 -12"><span class='ocrx_word' id='word_1_352' title='bbox 1486 2819 1567 2869; x_wconf 74' lang='lat' dir='ltr'><strong>‹1oe</strong></span> <span class='ocrx_word' id='word_1_353' title='bbox 1592 2827 1647 2869; x_wconf 91' lang='lat' dir='ltr'><strong>et</strong></span> <span class='ocrx_word' id='word_1_354' title='bbox 1669 2818 1835 2882; x_wconf 83' lang='lat' dir='ltr'><strong>epulis</strong></span> <span class='ocrx_word' id='word_1_355' title='bbox 1870 2816 2177 2880; x_wconf 81' lang='lat' dir='ltr'><strong>vespertinis</strong></span> <span class='ocrx_word' id='word_1_356' title='bbox 2210 2816 2538 2866; x_wconf 75' lang='lat' dir='ltr'><strong>celebraban-</strong></span> 
     </span>
     <span class='ocr_line' id='line_1_62' title="bbox 1487 2904 1589 2947; baseline -0.01 0"><span class='ocrx_word' id='word_1_357' title='bbox 1487 2904 1589 2947; x_wconf 74' lang='lat' dir='ltr'><strong>tur.</strong></span> 
     </span>
     <span class='ocr_line' id='line_1_63' title="bbox 1551 2970 2541 3036; baseline -0.001 -13"><span class='ocrx_word' id='word_1_358' title='bbox 1551 2977 1613 3023; x_wconf 85' lang='lat'><strong>10</strong></span> <span class='ocrx_word' id='word_1_359' title='bbox 1636 2973 1803 3022; x_wconf 78' lang='lat' dir='ltr'><strong>Noctis</strong></span> <span class='ocrx_word' id='word_1_360' title='bbox 1819 2970 2007 3034; x_wconf 74' lang='lat' dir='ltr'><strong>medice]</strong></span> <span class='ocrx_word' id='word_1_361' title='bbox 2029 2970 2113 3020; x_wconf 87' lang='lat' dir='ltr'><strong>Ad</strong></span> <span class='ocrx_word' id='word_1_362' title='bbox 2131 2970 2183 3020; x_wconf 86' lang='lat' dir='ltr'><strong>id</strong></span> <span class='ocrx_word' id='word_1_363' title='bbox 2203 2977 2407 3036; x_wconf 86' lang='lat' dir='ltr'><strong>tempus</strong></span> <span class='ocrx_word' id='word_1_364' title='bbox 2427 2986 2541 3036; x_wconf 85' lang='lat' dir='ltr'><strong>pro·</strong></span> 
     </span>
     <span class='ocr_line' id='line_1_64' title="bbox 1481 3048 2532 3098; baseline -0.003 0"><span class='ocrx_word' id='word_1_365' title='bbox 1481 3048 1769 3098; x_wconf 78' lang='lat' dir='ltr'><strong>ducebatur</strong></span> <span class='ocrx_word' id='word_1_366' title='bbox 1797 3062 1961 3096; x_wconf 85' lang='lat' dir='ltr'><strong>coeua.</strong></span> <span class='ocrx_word' id='word_1_367' title='bbox 2527 3080 2532 3086; x_wconf 86' lang='lat'><em>-</em></span> 
     </span>
    </p>

    <p class='ocr_par' dir='ltr' id='par_1_18' title="bbox 1474 3123 2541 4332">
     <span class='ocr_line' id='line_1_65' title="bbox 1548 3123 2541 3188; baseline -0.001 -14"><span class='ocrx_word' id='word_1_368' title='bbox 1548 3126 1651 3188; x_wconf 82' lang='lat' dir='ltr'><strong>Du,</strong></span> <span class='ocrx_word' id='word_1_369' title='bbox 1669 3138 1805 3188; x_wconf 74' lang='lat' dir='ltr'><strong>puer,</strong></span> <span class='ocrx_word' id='word_1_370' title='bbox 1825 3124 2023 3186; x_wconf 51' lang='lat' dir='ltr'><strong>anginis</strong></span> <span class='ocrx_word' id='word_1_371' title='bbox 2042 3123 2284 3187; x_wconf 71' lang='lat' dir='ltr'><strong>Murena]</strong></span> <span class='ocrx_word' id='word_1_372' title='bbox 2312 3126 2541 3188; x_wconf 85' lang='lat' dir='ltr'><strong>Propter</strong></span> 
     </span>
     <span class='ocr_line' id='line_1_66' title="bbox 1482 3201 2539 3264; baseline -0.002 -13"><span class='ocrx_word' id='word_1_373' title='bbox 1482 3214 1629 3251; x_wconf 80' lang='lat' dir='ltr'><strong>novae</strong></span> <span class='ocrx_word' id='word_1_374' title='bbox 1665 3201 1935 3262; x_wconf 80' lang='lat' dir='ltr'><strong>diguitatis</strong></span> <span class='ocrx_word' id='word_1_375' title='bbox 1972 3202 2320 3251; x_wconf 77' lang='lat' dir='ltr'><strong>accessionem</strong></span> <span class='ocrx_word' id='word_1_376' title='bbox 2342 3201 2539 3264; x_wconf 87' lang='lat' dir='ltr'><strong>optimo</strong></span> 
     </span>
     <span class='ocr_line' id='line_1_67' title="bbox 1485 3274 2540 3340; baseline 0.001 -15"><span class='ocrx_word' id='word_1_377' title='bbox 1485 3284 1540 3325; x_wconf 91' lang='lat' dir='ltr'><strong>et</strong></span> <span class='ocrx_word' id='word_1_378' title='bbox 1561 3277 1728 3325; x_wconf 89' lang='lat' dir='ltr'><strong>amico</strong></span> <span class='ocrx_word' id='word_1_379' title='bbox 1765 3277 1873 3325; x_wconf 87' lang='lat' dir='ltr'><strong>viro</strong></span> <span class='ocrx_word' id='word_1_380' title='bbox 1906 3274 2097 3325; x_wconf 84' lang='lat' dir='ltr'><strong>factam</strong></span> <span class='ocrx_word' id='word_1_381' title='bbox 2137 3278 2372 3340; x_wconf 83' lang='lat' dir='ltr'><strong>impense</strong></span> <span class='ocrx_word' id='word_1_382' title='bbox 2395 3279 2540 3326; x_wconf 82' lang='lat' dir='ltr'><strong>loete·</strong></span> 
     </span>
     <span class='ocr_line' id='line_1_68' title="bbox 1484 3352 2539 3415; baseline -0.001 -14"><span class='ocrx_word' id='word_1_383' title='bbox 1484 3364 1618 3413; x_wconf 85' lang='lat' dir='ltr'><strong>mur,</strong></span> <span class='ocrx_word' id='word_1_384' title='bbox 1651 3365 1747 3399; x_wconf 89' lang='lat' dir='ltr'><strong>nee</strong></span> <span class='ocrx_word' id='word_1_385' title='bbox 1789 3352 1906 3399; x_wconf 85' lang='lat' dir='ltr'><strong>vino</strong></span> <span class='ocrx_word' id='word_1_386' title='bbox 1941 3357 2305 3415; x_wconf 77' lang='lat' dir='ltr'><strong>temperemus.</strong></span> <span class='ocrx_word' id='word_1_387' title='bbox 2361 3352 2539 3414; x_wconf 80' lang='lat' dir='ltr'><strong>Augu·</strong></span> 
     </span>
     <span class='ocr_line' id='line_1_69' title="bbox 1483 3422 2541 3489; baseline 0.001 -14"><span class='ocrx_word' id='word_1_388' title='bbox 1483 3433 1628 3475; x_wconf 86' lang='lat' dir='ltr'><strong>ratus</strong></span> <span class='ocrx_word' id='word_1_389' title='bbox 1652 3426 1705 3474; x_wconf 89' lang='lat' dir='ltr'><strong>in</strong></span> <span class='ocrx_word' id='word_1_390' title='bbox 1731 3425 1907 3489; x_wconf 87' lang='lat' dir='ltr'><strong>primis</strong></span> <span class='ocrx_word' id='word_1_391' title='bbox 1928 3425 2205 3474; x_wconf 75' lang='lat' dir='ltr'><strong>honoribus</strong></span> <span class='ocrx_word' id='word_1_392' title='bbox 2221 3427 2398 3475; x_wconf 79' lang='lat' dir='ltr'><strong>Romae</strong></span> <span class='ocrx_word' id='word_1_393' title='bbox 2422 3422 2541 3477; x_wconf 69' lang='lat' dir='ltr'><strong>cen-⁴</strong></span> 
     </span>
     <span class='ocr_line' id='line_1_70' title="bbox 1480 3502 2539 3564; baseline -0.001 -12"><span class='ocrx_word' id='word_1_394' title='bbox 1480 3502 1705 3564; x_wconf 83' lang='lat' dir='ltr'><strong>sebatur,</strong></span> <span class='ocrx_word' id='word_1_395' title='bbox 1714 3502 1951 3564; x_wconf 83' lang='lat' dir='ltr'><strong>solusque</strong></span> <span class='ocrx_word' id='word_1_396' title='bbox 1966 3509 2079 3550; x_wconf 87' lang='lat' dir='ltr'><strong>erat</strong></span> <span class='ocrx_word' id='word_1_397' title='bbox 2095 3508 2397 3564; x_wconf 84' lang='lat' dir='ltr'><strong>perpetuus.</strong></span> <span class='ocrx_word' id='word_1_398' title='bbox 2433 3503 2539 3553; x_wconf 80' lang='lat' dir='ltr'><strong>Au·</strong></span> 
     </span>
     <span class='ocr_line' id='line_1_71' title="bbox 1481 3566 2538 3642; baseline 0.001 -15"><span class='ocrx_word' id='word_1_399' title='bbox 1481 3591 1635 3642; x_wconf 80' lang='lat' dir='ltr'><strong>gures</strong></span> <span class='ocrx_word' id='word_1_400' title='bbox 1670 3566 1933 3642; x_wconf 72' lang='lat' dir='ltr'><strong>auspiciis,</strong></span> <span class='ocrx_word' id='word_1_401' title='bbox 1964 3583 2025 3626; x_wconf 89' lang='lat' dir='ltr'><strong>ut</strong></span> <span class='ocrx_word' id='word_1_402' title='bbox 2055 3577 2337 3627; x_wconf 86' lang='lat' dir='ltr'><strong>Pontifices</strong></span> <span class='ocrx_word' id='word_1_403' title='bbox 2376 3580 2538 3628; x_wconf 85' lang='lat' dir='ltr'><strong>sacris</strong></span> 
     </span>
     <span class='ocr_line' id='line_1_72' title="bbox 1481 3653 2538 3720; baseline 0.002 -17"><span class='ocrx_word' id='word_1_404' title='bbox 1481 3653 1771 3720; x_wconf 53' lang='lat' dir='ltr'><strong>praefuere:</strong></span> <span class='ocrx_word' id='word_1_405' title='bbox 1823 3654 1967 3704; x_wconf 84' lang='lat' dir='ltr'><strong>velut</strong></span> <span class='ocrx_word' id='word_1_406' title='bbox 2000 3654 2331 3718; x_wconf 85' lang='lat' dir='ltr'><strong>Interpretes</strong></span> <span class='ocrx_word' id='word_1_407' title='bbox 2364 3655 2538 3705; x_wconf 88' lang='lat' dir='ltr'><strong>Inter-</strong></span> 
     </span>
     <span class='ocr_line' id='line_1_73' title="bbox 1479 3728 2539 3792; baseline 0.001 -13"><span class='ocrx_word' id='word_1_408' title='bbox 1479 3729 1750 3792; x_wconf 85' lang='lat' dir='ltr'><strong>uuntiique</strong></span> <span class='ocrx_word' id='word_1_409' title='bbox 1772 3730 2005 3778; x_wconf 84' lang='lat' dir='ltr'><strong>Deorum</strong></span> <span class='ocrx_word' id='word_1_410' title='bbox 2031 3734 2186 3778; x_wconf 80' lang='lat' dir='ltr'><strong>tautae</strong></span> <span class='ocrx_word' id='word_1_411' title='bbox 2224 3728 2539 3792; x_wconf 74' lang='lat' dir='ltr'><strong>dignationis</strong></span> 
     </span>
     <span class='ocr_line' id='line_1_74' title="bbox 1477 3803 2537 3870; baseline 0.001 -15"><span class='ocrx_word' id='word_1_412' title='bbox 1477 3806 1644 3856; x_wconf 86' lang='lat' dir='ltr'><strong>habiti</strong></span> <span class='ocrx_word' id='word_1_413' title='bbox 1665 3812 1803 3867; x_wconf 85' lang='lat' dir='ltr'><strong>sunt,</strong></span> <span class='ocrx_word' id='word_1_414' title='bbox 1827 3813 1885 3854; x_wconf 90' lang='lat' dir='ltr'><strong>ut</strong></span> <span class='ocrx_word' id='word_1_415' title='bbox 1911 3805 2001 3870; x_wconf 88' lang='lat' dir='ltr'><strong>qui</strong></span> <span class='ocrx_word' id='word_1_416' title='bbox 2035 3804 2378 3869; x_wconf 81' lang='lat' dir='ltr'><strong>aruspicinam</strong></span> <span class='ocrx_word' id='word_1_417' title='bbox 2398 3803 2537 3856; x_wconf 83' lang='lat' dir='ltr'><strong>fece·-</strong></span> 
     </span>
     <span class='ocr_line' id='line_1_75' title="bbox 1480 3881 2536 3946; baseline 0 -13"><span class='ocrx_word' id='word_1_418' title='bbox 1480 3891 1584 3946; x_wconf 87' lang='lat' dir='ltr'><strong>rat,</strong></span> <span class='ocrx_word' id='word_1_419' title='bbox 1614 3885 1665 3933; x_wconf 89' lang='lat' dir='ltr'><strong>in</strong></span> <span class='ocrx_word' id='word_1_420' title='bbox 1700 3884 1949 3933; x_wconf 87' lang='lat' dir='ltr'><strong>Senatum</strong></span> <span class='ocrx_word' id='word_1_421' title='bbox 1973 3881 2162 3931; x_wconf 87' lang='lat' dir='ltr'><strong>ascribi</strong></span> <span class='ocrx_word' id='word_1_422' title='bbox 2188 3887 2243 3930; x_wconf 90' lang='lat' dir='ltr'><strong>et</strong></span> <span class='ocrx_word' id='word_1_423' title='bbox 2263 3881 2401 3930; x_wconf 88' lang='lat' dir='ltr'><strong>inter</strong></span> <span class='ocrx_word' id='word_1_424' title='bbox 2434 3883 2536 3933; x_wconf 87' lang='lat' dir='ltr'><strong>Pa·</strong></span> 
     </span>
     <span class='ocr_line' id='line_1_76' title="bbox 1480 3958 2537 4025; baseline -0.003 -13"><span class='ocrx_word' id='word_1_425' title='bbox 1480 3968 1591 4012; x_wconf 85' lang='lat' dir='ltr'><strong>tres</strong></span> <span class='ocrx_word' id='word_1_426' title='bbox 1610 3960 1711 4025; x_wconf 84' lang='lat' dir='ltr'><strong>legi</strong></span> <span class='ocrx_word' id='word_1_427' title='bbox 1733 3959 1811 4011; x_wconf 84' lang='lat' dir='ltr'><strong>fas</strong></span> <span class='ocrx_word' id='word_1_428' title='bbox 1832 3965 1986 4011; x_wconf 87' lang='lat' dir='ltr'><strong>esset.</strong></span> <span class='ocrx_word' id='word_1_429' title='bbox 2049 3958 2120 4008; x_wconf 87' lang='lat' dir='ltr'><strong>Et</strong></span> <span class='ocrx_word' id='word_1_430' title='bbox 2155 3973 2186 4007; x_wconf 89' lang='lat' dir='ltr'><strong>a</strong></span> <span class='ocrx_word' id='word_1_431' title='bbox 2214 3958 2377 4022; x_wconf 86' lang='lat' dir='ltr'><strong>prima</strong></span> <span class='ocrx_word' id='word_1_432' title='bbox 2399 3960 2537 4010; x_wconf 88' lang='lat' dir='ltr'><strong>urbis</strong></span> 
     </span>
     <span class='ocr_line' id='line_1_77' title="bbox 1481 4035 2539 4100; baseline -0.003 -12"><span class='ocrx_word' id='word_1_433' title='bbox 1481 4036 1679 4100; x_wconf 83' lang='lat' dir='ltr'><strong>origiue</strong></span> <span class='ocrx_word' id='word_1_434' title='bbox 1704 4037 1857 4087; x_wconf 87' lang='lat' dir='ltr'><strong>iidem</strong></span> <span class='ocrx_word' id='word_1_435' title='bbox 1886 4037 2054 4099; x_wconf 78' lang='lat' dir='ltr'><strong>Reges</strong></span> <span class='ocrx_word' id='word_1_436' title='bbox 2077 4042 2135 4086; x_wconf 88' lang='lat' dir='ltr'><strong>et</strong></span> <span class='ocrx_word' id='word_1_437' title='bbox 2155 4035 2424 4099; x_wconf 74' lang='lat' dir='ltr'><strong>Augurest</strong></span> <span class='ocrx_word' id='word_1_438' title='bbox 2462 4037 2539 4100; x_wconf 87' lang='lat' dir='ltr'><strong>ip-</strong></span> 
     </span>
     <span class='ocr_line' id='line_1_78' title="bbox 1481 4110 2536 4179; baseline -0.004 -15"><span class='ocrx_word' id='word_1_439' title='bbox 1481 4129 1641 4179; x_wconf 83' lang='lat' dir='ltr'><strong>seque</strong></span> <span class='ocrx_word' id='word_1_440' title='bbox 1665 4114 1907 4163; x_wconf 88' lang='lat' dir='ltr'><strong>Romulus</strong></span> <span class='ocrx_word' id='word_1_441' title='bbox 1929 4112 2028 4163; x_wconf 87' lang='lat' dir='ltr'><strong>hoe</strong></span> <span class='ocrx_word' id='word_1_442' title='bbox 2051 4126 2264 4162; x_wconf 87' lang='lat' dir='ltr'><strong>munere</strong></span> <span class='ocrx_word' id='word_1_443' title='bbox 2287 4118 2367 4162; x_wconf 86' lang='lat' dir='ltr'><strong>est</strong></span> <span class='ocrx_word' id='word_1_444' title='bbox 2387 4110 2536 4161; x_wconf 83' lang='lat' dir='ltr'><strong>func-</strong></span> 
     </span>
     <span class='ocr_line' id='line_1_79' title="bbox 1474 4188 2534 4253; baseline -0.006 -12"><span class='ocrx_word' id='word_1_445' title='bbox 1474 4199 1581 4253; x_wconf 66' lang='lat' dir='ltr'><strong>tus.</strong></span> <span class='ocrx_word' id='word_1_446' title='bbox 1648 4190 1775 4241; x_wconf 89' lang='lat' dir='ltr'><strong>Fab.</strong></span> <span class='ocrx_word' id='word_1_447' title='bbox 1800 4190 2054 4240; x_wconf 83' lang='lat' dir='ltr'><strong>Maximus</strong></span> <span class='ocrx_word' id='word_1_448' title='bbox 2078 4189 2313 4253; x_wconf 82' lang='lat' dir='ltr'><strong>proditur</strong></span> <span class='ocrx_word' id='word_1_449' title='bbox 2335 4188 2534 4238; x_wconf 90' lang='lat' dir='ltr'><strong>duobus</strong></span> 
     </span>
     <span class='ocr_line' id='line_1_80' title="bbox 1479 4262 2533 4332; baseline -0.006 -13"><span class='ocrx_word' id='word_1_450' title='bbox 1479 4266 1831 4332; x_wconf 80' lang='lat' dir='ltr'><strong>et&#39;sexaginta</strong></span> <span class='ocrx_word' id='word_1_451' title='bbox 1852 4268 1998 4318; x_wconf 88' lang='lat' dir='ltr'><strong>annis</strong></span> <span class='ocrx_word' id='word_1_452' title='bbox 2024 4280 2219 4316; x_wconf 71' lang='lat' dir='ltr'><strong>stimma</strong></span> <span class='ocrx_word' id='word_1_453' title='bbox 2244 4280 2358 4315; x_wconf 87' lang='lat' dir='ltr'><strong>cum</strong></span> <span class='ocrx_word' id='word_1_454' title='bbox 2384 4262 2533 4313; x_wconf 86' lang='lat' dir='ltr'><strong>laude</strong></span> 
     </span>
    </p>
   </div>
  </div>
 </body>
</html>
