3059 4909
992 387 1404 438 utrumnum
1456 390 1601 440 mn.
1649 393 1729 441 ιι.
1776 378 1839 443 l.

565 527 974 614 Perstringis
1003 550 1239 614 aures;
1271 534 1417 619 jam
1448 502 1599 600 litui
1629 542 1975 619 strepunt3

649 630 696 695 J
701 651 811 696 am
839 631 1050 715 fulgor
1079 651 1411 701 armorum
1439 636 1717 719 fugaces

736 733 973 799 Terret
992 752 1203 819 equos
1233 738 1672 826 equitumque
1703 739 1957 805 vultus.

2406 743 2494 808 20

564 835 824 901 Audire
853 855 1134 920 magnos
1151 837 1293 923 jam
1324 838 1561 906 videor
1588 839 1793 906 duces
1880 843 1885 848 ’

289 998 397 1058 jam
412 1016 554 1053 ures
577 1005 795 1056 verberas
812 1006 988 1057 minaci
1005 1006 1222 1057 tubarum
1237 1007 1424 1057 sonitu:
1443 1005 1554 1068 jam
1572 1008 1797 1071 clangunt
1818 1010 1955 1059 utui:
1975 1009 2085 1072 jum
2103 1011 2321 1073 splendor
2340 1021 2495 1083 urnio-

304 1079 406 1114 rum
422 1070 644 1131 percellit
662 1071 1075 1137 equossugienteq
1092 1078 1141 1123 et
1159 1071 1572 1136 equitmnsuciem.
1626 1075 1742 1124 Jam
1763 1074 1925 1125 videor
1942 1076 2109 1125 audire
2125 1090 2326 1124 nmmos
2345 1074 2494 1123 Pran-

1219 1200 1591 1222 MOONOOOO

305 1296 705 1425 ῗεἺῑωξῦἳὶὲε
724 1299 1024 1426 {sitm
1045 1300 2493 1430 &23821¹0:⁴0:33„?;¹;„?;t1¹¹12;¹31„ss55:f‘3?51:22

302 1423 652 1490 Havercamp.
685 1430 750 1478 ad
776 1430 927 1480 Lucr.
950 1444 1012 1482 ιι.
1033 1435 1272 1482 svb—21
1318 1433 1491 1482 Videre
1525 1446 1723 1493 magnos
1758 1431 1959 1483 emend.
1995 1431 2130 1506 Phil.
2155 1430 2398 1481 Beroald.
2423 1430 2492 1479 ad

305 1488 414 1541 Cic.
448 1491 606 1542 Tusc.
633 1506 684 1545 v·
716 1498 799 1546 39.
832 1503 888 1545 et
927 1495 1003 1546 sic
1044 1496 1160 1547 duaa
1199 1496 1353 1548 editt.
1399 1496 1715 1561 Martignac.
1752 1496 1929 1547 Bentl.
1972 1497 2197 1560 Cunmg.
2235 1494 2494 1545 sanati.—

1292 1624 1503 1676 NOTAE

300 1720 462 1770 veluti
505 1728 668 1784 ponat
721 1722 787 1772 ob
847 1724 1039 1782 oculos,
1083 1737 1358 1790 rerumque

296 1799 575 1847 atrocitate
601 1807 825 1847 mentem
849 1802 1132 1851 concutiat.

366 1872 635 1936 Cer-nuum]
662 1876 829 1925 Varro
852 1875 918 1925 de
947 1877 1106 1941 Liug.'
1120 1878 1240 1928 Lat.
1265 1878 1356 1929 lib.

297 1962 379 1998 tv.
415 1948 431 1977 ‘
459 1950 670 2000 Cornua
690 1950 952 2016 dicuntur,
979 1953 1116 2018 quod
1148 1968 1211 2004 ea
1239 1970 1363 2019 quae

296 2041 436 2077 nnnc
482 2035 602 2079 sunt
636 2045 701 2079 ex
733 2030 859 2094 aare,
897 2038 1021 2096 tnnc
1058 2030 1252 2083 fiebant
1291 2048 1354 2083 ex

298 2102 496 2153 bubulo
516 2106 713 2156 cornu.'

362 2181 618 2233 Murmure
637 2198 855 2234 connum
872 2186 1180 2249 Per-stringis
1194 2187 1356 2252 aures]

297 2256 475 2305 Caesar
517 2258 653 2308 Bell.
695 2260 845 2310 Civil.
886 2276 977 2313 ιιι.
1014 2266 1096 2313 92.
1128 2265 1144 2292 ‘
1167 2265 1355 2331 Neque

295 2330 494 2383 frustra
525 2333 806 2400 antiquitus
840 2337 1130 2390 institutum
1166 2347 1264 2404 est,
1296 2348 1356 2391 ut

299 2410 447 2474 sigua
492 2410 718 2476 undique
764 2415 1119 2476 concinerent,
1163 2420 1355 2469 clamo-

299 2498 514 2551 remque
562 2488 787 2539 universi
832 2491 1355 2566 tollerent=·quibus

300 2562 456 2613 rebus
478 2570 534 2614 et
555 2564 730 2616 hostes
752 2569 958 2632 terreri,
989 2576 1046 2619 et
1074 2585 1193 2620 suos
1231 2572 1355 2621 inci-

298 2638 400 2688 tari
431 2639 896 2694 existimaverunt?
962 2646 1159 2697 Contra
1183 2654 1354 2697 tamen

300 2714 385 2764 alii
423 2728 649 2773 sensere,
692 2725 825 2768 teste
848 2719 1039 2778 Gellio,
1062 2722 1219 2773 Noct.
1245 2723 1356 2773 Att.

297 2803 338 2841 1.
363 2796 440 2840 11.
466 2806 532 2841 ex
557 2791 815 2843 Homero:
850 2797 866 2824 ‘
893 2795 994 2845 Ast
1027 2796 1172 2847 ibant
1209 2799 1357 2849 taciti

297 2868 554 2931 spirantes
583 2870 742 2920 robur
762 2870 990 2924 Achivi?
1053 2873 1353 2942 Additque:

300 2944 317 2970 ‘
338 2945 476 2998 Quid
498 2946 586 2995 ille
613 2949 719 2998 vult
748 2950 1135 3002 ardentissimus
1163 2955 1355 3005 clamor

299 3021 646 3072 Romanorum
683 3025 923 3085 militum,
963 3043 1114 3092 quem
1146 3030 1199 3079 iu
1233 3044 1354 3082 con-

301 3098 561 3160 gressibus
625 3102 916 3164 praeliorum
973 3101 1085 3152 fieri
1148 3106 1353 3155 solitum

299 3175 581 3237 scriptores
637 3175 915 3227 Annalium
966 3181 1355 3233 memorarer-e?

301 3250 563 3300 Contrane
603 3251 895 3303 institutum
933 3253 1096 3305 fiebat
1130 3256 1359 3322 antiquas

302 3323 587 3389 disciplinae
629 3334 732 3377 tam
771 3330 1069 3394 probabile?
1136 3331 1219 3381 Au
1249 3340 1359 3383 tum

301 3402 457 3451 etiam
480 3402 645 3466 gradu
675 3406 938 3472 clementi,
971 3413 1025 3457 et
1048 3408 1257 3459 silentio
1279 3402 1379 3460 est‘

301 3493 451 3542 opus,
473 3494 589 3529 cum
614 3481 678 3530 ad
701 3482 904 3533 hostem
921 3484 1026 3534 itur
1044 3484 1096 3534 in
1114 3499 1359 3549 conspec-

301 3561 357 3602 tu
389 3554 669 3620 longinquo
697 3559 882 3621 procul
904 3558 1219 3611 distantem?
1242 3576 1357 3611 cum

302 3645 427 3681 vero
470 3646 634 3696 prope
679 3634 745 3682 ad
790 3648 973 3684 manus
1017 3644 1225 3687 ventum
1261 3644 1360 3702 est,

200 3741 207 3746 -
301 3714 410 3757 tum
444 3709 557 3772 Jam
597 3724 626 3759 e
662 3711 948 3776 propinquo
976 3713 1136 3762 hostis
1169 3719 1226 3763 et
1264 3713 1357 3762 im·

300 3792 430 3846 petu
445 3786 821 3848 propulsandus
840 3795 896 3837 et
911 3788 1132 3850 clampre
1158 3797 1353 3838 terren-

305 3858 399 3908 dus
421 3868 505 3909 est
521 3859 567 3908 ?'
592 3863 689 3910 ὅτε.

369 3940 433 3985 19
466 3936 682 4000 Fugam
704 3939 871 3989 Terret
897 3954 1034 4004 equos
1058 3941 1357 4004 equitumque

303 4011 482 4074 vultus]
518 4014 691 4063 Caesar
729 4015 795 4065 de
824 4016 947 4084 uel.
985 4016 1132 4067 Civil.
1167 4031 1252 4069 111.
1271 4022 1353 4069 94.

305 4089 321 4117 ‘
342 4090 470 4140 Cum
492 4097 731 4140 recentes
753 4099 906 4157 atque
930 4092 1121 4158 integri
1143 4092 1359 4144 defessis

305 4168 690 4229 successissent,
711 4168 796 4218 alii
820 4176 992 4219 autem
1015 4184 1046 4219 a
1069 4175 1215 4234 tergo
1238 4170 1359 4222 ado·

304 4242 549 4306 rixentur,
593 4245 847 4294 sustinere
908 4246 1212 4311 Pompeiani
1255 4262 1359 4316 non

1436 1727 1739 1786 potuerunt,
1762 1728 1920 1788 atque
1943 1722 2165 1772 universi
2199 1728 2347 1786 terga
2377 1737 2492 1772 ver·

1342 1825 1349 1834 =
1437 1806 1683 1850 terunt...
1702 1834 1715 1849 .
1731 1798 1962 1849 Primum
1987 1798 2249 1864 equitatus
2271 1803 2355 1854 est
2377 1799 2492 1862 pul-

1434 1891 1551 1927 sus:
1572 1911 1585 1926 .
1604 1911 1616 1925 .
1636 1910 1649 1925 .
1670 1912 1683 1927 .
1697 1875 1979 1941 Pompeius
2001 1881 2061 1925 ut
2083 1874 2371 1938 equitatum
2408 1889 2491 1923 sn·

1435 1969 1519 2004 um
1562 1955 1764 2018 pulsum
1800 1953 1952 2016 vidit,
1981 1952 2068 2002 cui
2091 1951 2314 2002 maxime
2335 1952 2493 2002 confi-

1437 2028 1713 2080 debat....
1732 2028 1964 2094 protinus
1985 2043 2040 2078 se
2074 2028 2126 2078 in
2155 2035 2327 2094 castra
2361 2041 2496 2094 equo¹

1437 2105 1812 2163 contulit,'&c.
1867 2105 2042 2158 Quare
2077 2118 2196 2154 vero
2233 2109 2374 2153 tacet
2407 2102 2493 2153 hic

1438 2184 1615 2234 Caesar
1659 2197 1803 2232 suum
1846 2181 1972 2231 illud
2017 2187 2351 2244 strategema‚
2389 2194 2493 2244 quo

1437 2261 1662 2310 maxime
1708 2260 1931 2310 hostium
1981 2256 2122 2323 fuga,
2174 2261 2231 2307 et
2273 2262 2493 2320 strages,

1434 2334 1634 2401 sibique
1673 2335 1891 2386 victoria
1913 2334 2170 2398 contigit?
2234 2332 2492 2383 Nimirum

1435 2426 1501 2462 ex
1525 2412 1827 2469 Plutarcho,
1844 2410 2103 2475 Appiano,
2114 2410 2342 2469 Lucano,
2358 2408 2496 2458 aliis-

1435 2503 1557 2554 que,
1577 2488 1870 2539 cohortibus
1892 2488 1996 2537 suis
2020 2484 2356 2535 mandaverat
2378 2485 2491 2533 Οε-

1434 2578 1539 2624 sar,
1579 2569 1639 2614 ut
1697 2564 2105 2614 adversariorum
2160 2575 2270 2624 ora,
2313 2561 2491 2610 oculos

1435 2641 1715 2704 vultusque
1738 2639 1923 2705 gladiis
1946 2642 2201 2701 peterent.
2253 2636 2390 2686 Flor.
2414 2649 2493 2688 ιν.

1435 2720 1485 2767 2.
1533 2718 1549 2745 ‘
1576 2716 1948 2782 Obequitantis
1986 2715 2207 2766 Caesaris
2251 2723 2490 2778 exceptae

1436 2809 1615 2857 voces,
1649 2797 1814 2846 altera
1845 2802 2080 2857 cruenta,
2115 2794 2207 2844 sed
2242 2794 2401 2848 docta
2437 2800 2493 2843 et

1436 2869 1502 2919 ad
1526 2870 1794 2921 victoriam
1829 2868 2044 2922 efficax:
2079 2873 2095 2899 ⁶
2123 2871 2277 2919 Miles
2304 2868 2492 2919 faciem

1435 2944 1534 2996 feri
1552 2945 1587 3007 ;’
1620 2948 1782 2998 altera
1814 2948 1882 2998 ad
1912 2947 2255 3012 jactationem
2294 2946 2491 3010 posita:

1436 3022 1453 3051 ‘
1474 3022 1644 3073 Parce
1668 3023 1930 3076 civibus.'’
1994 3025 2011 3055 ⁸
2032 3025 2200 3075 Dolus
2230 3038 2297 3073 an
2330 3022 2494 3072 virtus

1435 3101 1549 3164 quis
1584 3101 1635 3150 in
1672 3101 1820 3151 hoste
1860 3100 2141 3166 requirat?'
2208 3100 2315 3149 Sua
2346 3104 2493 3147 certe

1436 3176 1698 3227 Caesarem
1732 3191 1833 3227 non
1867 3176 2061 3228 fefellit
2101 3176 2293 3227 callida
2328 3189 2491 3225 mens.

1440 3252 1713 3306 Enimvero
1758 3253 1957 3308 sciebat
1996 3253 2340 3316 Pompeianos
2386 3265 2492 3301 om·

1436 3342 1527 3377 nes
1565 3326 1675 3378 fere
1715 3329 1931 3391 nobiles,
1974 3329 2147 3379 aetatis
2185 3325 2315 3377 flore
2364 3328 2493 3377 oris-

1436 3419 1537 3469 que
1554 3411 1828 3456 venustate
1842 3405 2048 3455 nimium
2067 3409 2312 3468 quantum
2332 3400 2493 3453 affec-

1438 3490 1539 3545 tos,
1559 3496 1822 3547 nunqnam
1839 3481 2040 3531 laturos
2063 3481 2312 3544 impetum
2336 3486 2391 3527 et
2412 3479 2491 3540 ig-

1437 3559 1714 3609 nominiam
1741 3559 1913 3621 istam,
1942 3566 2097 3623 atque
2121 3571 2185 3605 ea
2206 3555 2376 3605 vultus
2398 3553 2491 3603 de-

1435 3632 1761 3692 formatione,
1804 3650 1835 3684 a
1875 3649 1977 3699 qua
2028 3631 2395 3691 abhorrebant,
2439 3630 2489 3678 in

1434 3709 1609 3775 sugam
1631 3709 1960 3761 avertendos.
2012 3708 2154 3757 Flor.
2178 3706 2271 3756 cit.
2309 3706 2325 3733 ‘
2348 3704 2491 3754 Stra-

1434 3799 1552 3850 gem
1594 3783 1840 3848 fugientis
1872 3783 2131 3849 equitatus
2165 3781 2297 3831 levis
2327 3795 2492 3831 arma·

1434 3868 1566 3911 tnrae
1601 3861 1751 3910 ruina
1782 3859 2029 3911 comitata
2056 3865 2156 3908 est.
2220 3858 2363 3908 Tunc
2388 3864 2492 3907 ter-

1436 3951 1552 3986 rore
1578 3937 1730 3987 latius
1751 3935 1876 3985 dato
1900 3934 2229 4002 turbantibus
2264 3934 2491 3985 invicem

1436 4013 1620 4077 copiis,
1640 4012 1837 4077 reliqua
1858 4017 2059 4076 strages
2087 4011 2234 4077 quasi
2260 4025 2362 4062 una
2383 4026 2491 4062 ma·

1437 4106 1506 4142 nu
1531 4090 1673 4160 facta
1695 4089 1807 4144 est.’
2488 4141 2494 4148 ,

1501 4173 1563 4220 21
1588 4170 1774 4220 Audire
1801 4184 1996 4232 magnos
2012 4167 2120 4231 jan
2139 4168 2300 4219 uideor·
2325 4168 2491 4231 duces]

1440 4247 1720 4313 Utriusque
1766 4248 1930 4313 partis
1969 4247 2319 4311 Imperatores
2366 4251 2493 4310 ante.⁸
