3059 4909
1007 400 1421 450 caussinum
1472 401 1619 452 mn.
1668 403 1748 452 ιι.
1796 389 1858 452 4.

732 466 777 536 :fi
997 508 1028 559 Ι
1099 493 1155 560 ,Ι

656 543 868 609 Serva
898 543 1157 608 Briseis

1230 544 1380 611 iveo
1411 520 1644 612 oolo‘re

1248 633 1388 714 dvit
1415 617 1794 716 Achillem:

649 747 871 815 Movit
900 749 1183 837 AJaoem
1211 751 1585 817 Telamone
1618 760 1852 820 natum

649 852 899 920 Forma
923 856 1211 939 captivae
1239 855 1577 921 dominum
1608 856 1996 922 Tecmessae
2024 877 2040 922 :

302 1043 493 1116 Briseis
511 1067 688 1117 ancilla
703 1070 905 1133 perculit
937 1070 1139 1121 candore
1159 1085 1274 1121 suo.-
1302 1070 1506 1136 perculit
1526 1069 1672 1121 etiam
1691 1069 1888 1133 Ajacem
1925 1067 2190 1120 Telamonis
2207 1068 2372 1134 filium
2394 1067 2500 1133 pul-

301 1131 515 1182 claritudo
535 1138 688 1197 «ταμίαι
726 1134 1004 1200 Tecmessoe,
1038 1135 1149 1186 licet
1183 1136 1284 1196 eius
1315 1136 1585 1186 dominum.-
1620 1135 1943 1199 Agamemnon
1975 1134 2163 1199 pariter
2193 1133 2321 1185 inter
2351 1135 2501 1200 ipsam

1211 1296 1579 1331 ocemoneee

301 1414 444 1461 1482.

480 1411 697 1475 Locher.
720 1412 938 1464 Ascens.
952 1414 1185 1465 Mancin.
1204 1422 1258 1464 et
1280 1414 1417 1464 Sivr.
1433 1413 1521 1478 qui
1542 1413 1768 1477 explieat
1788 1428 1800 1461 ι
1824 1409 1994 1473 flavae,
2013 1410 2316 1474 canotum—d
2339 1409 2501 1460 Movit

298 1475 518 1526 Achillen
562 1479 886 1543 Cuning.-—6
919 1479 1087 1530 Codd.
1139 1493 1222 1544 ap.
1258 1478 1402 1542 Jani,
1456 1480 1701 1543 Temessoe,
1739 1478 2036 1542 Tegmessoe,·
2084 1476 2340 1527 nonnulla·
2377 1475 2497 1526 edd.

1290 1622 1506 1673 NOTAE

294 1749 606 1814 quibusdam
630 1753 829 1816 placuit
854 1769 867 1803 ε
903 1753 1026 1804 Non
1064 1762 1218 1805 autea
1240 1769 1356 1805 sue·

294 1832 404 1874 tum
444 1840 640 1888 amare3
676 1827 820 1893 quasi
865 1843 964 1879 uon
1003 1827 1356 1880 meminissent

291 1901 587 1956 Deidamiae
612 1902 920 1967 Lycomedis
939 1903 1077 1966 tiliae,
1099 1905 1352 1969 suscepti·

288 1994 390 2046 que
425 1995 495 2032 ex
527 1996 591 2031 ea
629 1981 838 2046 Pyrrhi,
869 1982 957 2048 qui
983 1984 1155 2048 Trojae
1191 1982 1354 2034 fatum

290 2056 710 2110 adolescentulus
730 2059 986 2124 implevit.
1018 2061 1239 2113 Videtur
1258 2060 1357 2112 ita·

291 2149 396 2199 que
429 2136 634 2199 melius,
666 2139 941 2189 immitem
976 2140 1150 2194 vocari
1175 2139 1355 2191 Achil·

290 2210 414 2273 lem,
452 2211 504 2261 id
545 2220 647 2274 est,
678 2212 940 2276 ferocem3
975 2215 1018 2266 si
1050 2216 1257 2282 quidem
1286 2216 1352 2265 ad

290 2285 510 2338 Pisones
524 2289 756 2340 scribens
781 2291 1030 2341 Horatius
1053 2307 1126 2342 vs.
1146 2296 1256 2342 121.
1279 2293 1355 2342 ita

291 2365 405 2414 vult
430 2372 491 2414 ut
518 2366 789 2430 pingatur:
824 2369 839 2396 ‘
862 2365 1114 2432 Impiger,
1152 2369 1354 2419 iracun-

294 2438 411 2504 dus,
427 2440 785 2506 inexorabilis,
803 2442 959 2506 acer,’
975 2447 1077 2494 &c-

360 2520 392 2565 3
427 2515 580 2568 Serva
622 2518 824 2580 Briseis,
856 2519 964 2585 ξω]
1001 2518 1352 2584 Hippodamia

294 2606 324 2646 a
348 2601 496 2657 patre
520 2594 669 2644 Brise
690 2595 766 2644 sic
790 2595 949 2658 dicta,
969 2609 1108 2660 qum,
1137 2596 1352 2659 Lyrnes-

292 2683 349 2718 so
373 2670 499 2719 urbe
522 2677 698 2735 capta,
719 2671 770 2720 in
796 2670 987 2735 praedae
1012 2678 1214 2735 partem
1242 2686 1352 2721 ces·

292 2748 361 2800 sit
377 2747 570 2799 Achilli
588 2749 793 2808 victori,
815 2750 899 2800 cui
924 2756 1104 2814 postea
1123 2750 1190 2799 ab
1213 2749 1353 2813 Aga·

291 2840 564 2876 memnone
584 2834 766 2889 erepta
787 2841 947 2891 grave
981 2828 1193 2891 peperit·
1209 2827 1352 2877 dissi-

294 2900 452 2966 dium,
489 2902 628 2967 quod
651 2903 819 2968 Trojoe
851 2901 1014 2963 fatum
1045 2911 1353 2954 remoratum

290 2984 394 3042 est,
427 2985 488 3028 ut
528 2976 644 3029 fuse
683 2979 912 3043 explicui
944 2978 1009 3029 ad
1049 2994 1088 3031 1.
1126 2980 1231 3031 od.
1265 2985 1348 3032 15.

292 3058 374 3106 88.

358 3130 535 3196 Serva]
568 3132 702 3185 Jure
737 3133 861 3183 belli
897 3121 1074 3199 capta,
1117 3134 1348 3200 adeoque

291 3212 345 3261 in
368 3210 671 3270 servitutem
689 3210 917 3261 redacta.

293 3331 299 3337 .
357 3288 515 3340 Nirea
548 3288 721 3350 colore]
752 3287 939 3337 Colore
981 3287 1224 3350 candido,
1260 3287 1350 3352 qui

289 3364 345 3417 in
366 3363 607 3415 formosis
630 3371 918 3427 spectatur.
980 3365 1238 3428 Homerus
1254 3365 1345 3417 Ju-

292 3454 478 3496 nouem
522 3443 833 3499 λευκώλενον,
872 3440 1113 3506 Virgilius
1166 3444 1348 3501 niveos

292 3517 768 3581 lacertosveneris,
806 3518 1114 3582 Propertius
1146 3521 1349 3571 niveum

291 3592 500 3646 Adonin
525 3593 721 3643 laudat.

353 3673 387 3720 4
424 3669 609 3733 Movit]
642 3670 729 3720 Ita
771 3669 997 3736 quidem,
1033 3679 1094 3723 ut
1128 3672 1202 3722 olr
1232 3688 1347 3724 eam

292 3745 390 3798 sibi
438 3756 751 3811 praereptam
799 3763 828 3796 a
873 3748 1009 3797 bello
1058 3749 1352 3811 recesserit,

291 3822 500 3886 vixque,
553 3829 613 3873 ut
654 3822 777 3872 alibi
831 3824 1072 3887 diximuS,
1125 3825 1351 3876 redierit.

293 3897 514 3947 Homer.
558 3897 711 3949 Iliad.
745 3905 798 3949 B.
824 3900 1004 3959 ovid.
1049 3901 1220 3963 Epist.
1262 3913 1349 3949 111.

292 3987 411 4038 quse
436 3981 520 4023 est
546 3973 792 4025 Briseidis
814 3974 879 4023 ad
904 3974 1177 4026 Achillem.
1216 3976 1352 4025 Vide

292 4057 350 4098 et
403 4048 601 4114 Dictyn
656 4052 960 4102 Cretensem
1014 4053 1103 4105 lib.
1156 4068 1219 4103 ιι.
1261 4052 1351 4103 ubi

291 4126 509 4178 scribit:
542 4128 558 4155 ‘
581 4127 886 4190 Lyrnessum
912 4129 979 4179 ab
1005 4128 1203 4180 Achille
1225 4144 1349 4195 pau-

291 4204 367 4254 cis
385 4204 569 4255 diebus
590 4206 865 4270 pugnando
881 4214 1087 4270 captam
1109 4225 1123 4256 ι
1159 4218 1212 4259 et
1233 4224 1349 4273 pro·

292 4294 420 4344 pere
460 4282 581 4333 inde
605 4292 951 4349 expugnatam
975 4285 1232 4338 Pedasum
1257 4288 1350 4338 Le·

1437 1754 1607 1817 legum
1649 1754 1861 1816 urbem3
1899 1753 1986 1804 ubi
2028 1766 2120 1803 rex
2166 1749 2376 1801 Brises:
2410 1749 2500 1799 ab·

1437 1831 1751 1897 ductamque
1814 1829 1972 1880 filiam
2027 1829 2165 1892 regis
2222 1826 2497 1891 Hippoda-

1435 1906 1627 1958 miam.'
1690 1907 1855 1955 Dares
1899 1913 2072 1956 autem
2116 1902 2377 1967 Phrygius
2420 1902 2496 1954 ita

1436 1982 1709 2045 describit,
1730 1982 2010 2032 ‘Achillem
2032 1988 2385 2046 pectorosum,
2405 1993 2494 2029 ore

1437 2071 1676 2123 venusto,
1697 2058 1940 2110 membris
1967 2056 2259 2107 valentibus
2281 2063 2335 2105 et
2356 2070 2495 2118 mag-

1435 2139 1536 2198 nis,
1568 2136 1704 2187 bene
1741 2135 2045 2199 crispatum,
2076 2133 2405 2193 clementem,
2441 2133 2494 2181 in
2596 2136 2599 2141 '

1432 2215 1587 2270 armis
1632 2216 1956 2277 acerrimum,
2000 2216 2147 2264 vultu
2194 2211 2365 2271 hilari,
2394 2212 2496 2261 lar·

1432 2309 1573 2357 gum,
1594 2292 1868 2356 dapsilem,
1891 2290 2079 2354 capillo
2103 2286 2343 2354 myrteo.’
2383 2287 2496 2335 Bri·

1432 2372 1628 2420 seidam
1657 2384 1808 2433 porro
1841 2370 1856 2397 ‘
1874 2366 2172 2428 formosam,
2195 2367 2300 2415 alta
2331 2371 2494 2414 statu-

1431 2461 1507 2510 ra,
1528 2444 1821 2507 candidam,
1853 2444 2046 2507 capillo
2078 2441 2213 2492 flavo
2247 2448 2301 2491 et
2334 2441 2495 2502 molli,

1432 2521 1726 2587 superciliis
1761 2520 1981 2585 junctis,
2037 2518 2201 2569 oculis
2245 2517 2496 2577 venustis,

1432 2613 1654 2664 corpore
1694 2593 2185 2661 aequali‚'blandam,
2216 2590 2507 2655 affabilem,-

1432 2674 1806 2737 verecundam,
1830 2673 2001 2722 animo
2023 2669 2265 2733 simplici,
2287 2667 2461 2733 piam.’

1496 2762 1526 2805 6
1577 2754 1737 2805 Movit
1786 2753 1977 2815 Ajacem
2023 2750 2272 2799 Telamone
2311 2752 2493 2810 natum,

1431 2832 1539 2896 ssa]
1582 2831 1768 2897 Dictys
1805 2831 2021 2891 citatus,
2052 2829 2068 2855 ‘
2093 2824 2264 2891 Ajax,’
2307 2824 2495 2888 inquit,

1408 2923 1413 2927 ·
1436 2908 1791 2968 ‘Telamonius
1810 2906 1911 2955 iter
1932 2904 1996 2954 ad
2017 2901 2254 2966 Phrygas
2277 2912 2495 2949 conver·

1427 2984 1514 3047 tit,
1562 2984 1924 3047 ingressusque
1975 2993 2151 3031 eorum
2206 2979 2493 3042 regionem,

1425 3063 1793 3113 Teuthrantem
1817 3060 2076 3122 dominum
2113 3059 2343 3107 locorum
2371 3056 2493 3114 solis

1428 3139 1561 3188 tario
1605 3137 1889 3188 certamine
1942 3133 2214 3195 interficit,
2253 3147 2317 3183 ac
2375 3125 2500 3196 posi

1430 3229 1623 3279 paucos
1644 3215 1756 3265 dies
1780 3217 2082 3276 expugnata
2101 3216 2256 3273 atque
2281 3208 2494 3260 incensa

1429 3293 1663 3354 civitate,
1704 3303 1942 3355 maguam
1967 3287 2063 3337 vim
2100 3285 2292 3350 praedae
2318 3283 2493 3343 trahit,

1430 3369 1695 3419 abducens
1745 3369 2071 3417 Tecmessam
2116 3363 2271 3412 tiliam
2320 3359 2491 3423 regis!

1431 3447 1503 3497 Et
1541 3454 1754 3510 postea:
1776 3446 1792 3473 ‘
1814 3443 1987 3507 Ajaci,
2008 3443 2075 3493 ob
2107 3440 2318 3505 egregia
2349 3440 2494 3490 labo-2

1430 3536 1543 3572 rum
1568 3521 1677 3586 ejus
1699 3519 1953 3580 facinora,
1969 3517 2310 3569 Teuthrantis
2333 3515 2492 3568 filiam

1428 3598 1756 3648 Tecmessam
1794 3593 2115 3646 conceduut'
2151 3592 2323 3641 Graeci
2350 3606 2491 3641 nem.

1431 3660 1533 3738 pes
1546 3673 1796 3737 reliquam
1830 3669 2058 3733 praedam
2076 3669 2217 3718 iuter
2251 3659 2308 3715 se
2333 3668 2492 3727 parti-

1430 3755 1598 3799 entes.
1661 3748 1820 3797 Dares
1844 3747 1970 3793 item
1995 3743 2088 3791 cit.
2111 3744 2186 3791 ita
2207 3740 2488 3804 describit:

1430 3828 1445 3853 ‘
1462 3823 1678 3888 Ajacem
1692 3820 2045 3870 Telamonium
2064 3818 2346 3877 valentem,
2361 3830 2490 3867 voce

1430 3900 1595 3961 clara,
1612 3898 1813 3961 capillis
1836 3895 2015 3960 nigris,
2047 3894 2097 3943 iu
2122 3895 2321 3942 hostem
2350 3903 2489 3944 atro.

1431 3976 1578 4027 cem!
1614 3974 1771 4024 ovid.
1797 3971 1913 4022 Art.
1933 3971 2054 4022 Am.
2078 3983 2162 4022 ιιι.
2183 3972 2301 4020 517.
2325 3976 2339 3998 ‘
2360 3969 2489 4019 Odi.

1431 4069 1544 4106 mus
1582 4062 1635 4103 et
1667 4056 1908 4103 moestas:
1943 4049 2273 4099 Tecmessam
2309 4046 2491 4112 diligat

1432 4130 1608 4197 Ajax.'
1665 4132 1733 4180 Et
1773 4144 1846 4179 vs.
1888 4132 2004 4178 523.
2045 4126 2292 4178 ‘Scilicet
2333 4124 2489 4187 Ajaci

1432 4209 1618 4259 mulier
1647 4205 1971 4256 moestissima
2002 4203 2166 4254 dixit:
2207 4202 2317 4250 Lux
2343 4214 2489 4249 meat

1431 4297 1650 4353 quaeque
1672 4285 1838 4334 solent
1862 4281 2017 4332 verba
2025 4281 2208 4343 juvare
2233 4275 2404 4326 viros:
