3059 4909
527 360 653 425 190

1242 371 1308 431 Q.
1357 369 1674 418 nourrii
1728 367 1990 416 rucei

699 515 1012 581 Pulveris
1043 515 1272 599 exigui
1303 535 1508 601 prope
1537 515 1735 579 littus
1766 531 1981 596 parva
2007 509 2338 575 Matinum

788 618 1101 684 Munera:
1142 638 1266 683 neo
1297 618 1657 702 quicquam
1687 616 1810 679 tibi
1835 613 2115 698 prodest

523 835 732 897 pulveris
750 837 920 886 donum
939 843 1076 887 tenue
1095 835 1427 897 co‘e‘rcetjuxta
1447 848 1580 882 oram
1596 832 1855 882 Mutinam.
1905 829 1959 880 N
1961 830 2047 880 ihil
2062 844 2178 893 ergo
2192 830 2379 896 proficit
2403 828 2493 879 tibi
2510 829 2716 892 mortali,

1439 996 1651 1016 “““““

1653 995 1804 1015 00000

532 1108 744 1160 omnibus
755 1112 1143 1175 perArchytam3
1169 1112 1310 1162 Libri
1338 1118 1457 1161 ante
1479 1110 1680 1160 Fabric.
1709 1109 2068 1174 Archytam-8
2089 1108 2259 1157 Pulm.
2284 1105 2490 1157 Gembl.
2510 1110 2558 1154 1.
2577 1108 2725 1155 latam

528 1188 578 1235 p.
601 1175 840 1226 Matinum
853 1193 875 1235 ;
908 1175 1016 1226 Ait.
1038 1182 1087 1228 2.
1109 1178 1226 1228 litus
1238 1193 1286 1241 p.
1307 1176 1652 1227 marianna—4
1679 1175 1875 1225 Funera
1899 1188 1991 1236 pro
2014 1174 2218 1223 Munera
2239 1172 2372 1236 conj.
2392 1172 2441 1222 N
2446 1172 2514 1222 ic.
2541 1171 2723 1220 Heius.

1523 1354 1738 1405 NOTAE
2266 1378 2293 1403 ο

533 1484 795 1533 oraculum
836 1484 1112 1549 Apollinis,
1162 1500 1262 1551 quo
1317 1499 1583 1534 numerum
1664 1482 2015 1547 proditiones,’
2047 1486 2147 1532 ὅτε.
2214 1483 2269 1532 Is
2304 1451 2726 1548 l3ythagoricain

536 1574 710 1609 arenae
767 1559 863 1609 sibi
913 1569 1089 1611 notum
1149 1576 1264 1611 esse
1317 1561 1583 1624 gloriatur,

535 1634 656 1685 Οἶδα
685 1638 780 1698 ἐγὼ
817 1635 1007 1699 ψάμμου
1033 1639 1081 1694 τ’,
1118 1637 1311 1702 ἀριθμὸν
1344 1637 1421 1686 καὶ
1441 1635 1588 1700 μέτρα

533 1711 797 1771 θαλάσσης·
816 1728 881 1762 an
906 1714 969 1763 ad
994 1714 1182 1763 librum
1196 1715 1262 1763 ab
1278 1712 1588 1763 Archimede

485 1817 493 1826 ,
534 1790 875 1852 compositum
903 1789 987 1838 cui
1025 1790 1202 1838 titulus
1233 1787 1500 1849 Ψαμμίτης,
1533 1787 1585 1836 in

448 1902 469 1910 ,
536 1879 637 1929 qno
660 1864 820 1914 initur
851 1865 984 1915 ratio
1026 1879 1233 1915 arenam
1263 1863 1587 1927 numerandi,

537 1940 580 1988 si
621 1940 838 1990 mundus
872 1956 933 1991 ea
969 1940 1107 1992 foret
1131 1941 1407 2010 oppletus?
1454 1941 1589 1990 Vide

535 2018 760 2068 Turneb.
808 2031 971 2067 xxvn
1016 2022 1063 2067 1.
1104 2007 1354 2082 'Hyginus
1398 2018 1489 2068 lib.
1525 2018 1591 2067 de

539 2094 847 2144 Limitibns:
900 2097 915 2124 ‘
944 2094 1306 2145 Archimedem
1353 2096 1593 2159 praeclari

539 2172 706 2221 virum
727 2171 918 2235 ingenii
940 2170 1118 2221 ferunt
1139 2172 1409 2236 scripsisse
1432 2186 1593 2235 quan-

539 2257 648 2297 tum
673 2262 942 2298 arenarum
965 2264 1153 2314 capere
1175 2249 1394 2299 mundus
1418 2257 1593 2315 queat,

541 2325 582 2372 si
609 2339 671 2373 ea
694 2325 1017 2388 repleretur!

603 2404 635 2449 2
668 2399 908 2464 Archyta]
943 2401 1199 2466 Crnquius
1220 2416 1496 2466 perperam
1517 2401 1595 2452 in-

541 2477 732 2541 telligit
775 2478 1030 2542 quendam
1075 2477 1358 2543 Archytam
1404 2479 1596 2529 Firma·

539 2568 660 2603 num
707 2554 926 2605 Horatio
963 2570 1214 2617 coaevnm,
1248 2556 1594 2606 Geometricis

539 2636 595 2680 et
619 2630 990 2682 Astronomicis
1028 2633 1477 2683 observationibus
1517 2634 1590 2682 ni·

539 2707 638 2755 mis
677 2708 1138 2772 indulgentem‚de
1175 2724 1279 2774 qno
1316 2709 1501 2760 Cicero
1526 2708 1593 2758 de

539 2781 720 2833 Divin.
746 2796 810 2832 11.
844 2787 859 2812 ‘
881 2799 910 2833 o
949 2787 1051 2833 vim
1075 2799 1314 2847 magnam
1340 2785 1528 2833 erroris
1550 2782 1594 2833 !'

541 2859 638 2907 &m
705 2860 869 2911 Juvat
892 2875 1008 2909 cnm
1033 2861 1225 2909 ceteris
1257 2860 1489 2908 omnibus
1512 2875 1598 2910 ac-

542 2934 719 2996 cipere
773 2935 858 2984 hic
909 2935 1192 3000 Archytam
1246 2935 1598 2998 Tarentinum,

542 3008 780 3061 Platonis
793 3011 1098 3063 familiarem
1111 3020 1167 3063 et
1182 3029 1212 3062 a
1235 3013 1469 3076 Dionysii
1487 3028 1602 3063 crn-

543 3085 760 3135 delitate
785 3087 1060 3152 vindicem,
1082 3090 1332 3154 siquidem
1359 3091 1502 3139 illum
1527 3089 1596 3139 ob

542 3160 702 3210 verba
722 3162 955 3226 quaedam
981 3163 1045 3214 de
1082 3165 1356 3228 tyrannide
1386 3165 1597 3214 liberius

543 3236 747 3298 prolata
768 3239 883 3287 neci
909 3238 1167 3290 addictum
1194 3255 1284 3303 per
1307 3241 1597 3303 Epistolam

543 3312 753 3376 eripuit.
824 3314 1048 3379 Diogen.
1082 3318 1258 3367 Laert.
1290 3331 1376 3367 in.
1401 3325 1454 3368 et
1478 3330 1600 3366 vm.

542 3383 597 3433 Is
620 3387 827 3450 praefuit
845 3393 1039 3454 septies
1075 3408 1182 3442 suae
1220 3394 1443 3458 civitati,
1481 3407 1599 3442 cnm

544 3467 717 3511 tamen
742 3463 1031 3528 imperandi
1067 3474 1268 3534 tenipus
1303 3485 1434 3519 anno
1458 3476 1601 3519 esset

544 3552 647 3606 uno
671 3540 782 3602 aliis
804 3540 1073 3595 definitum
1097 3563 1109 3596 ε
1146 3542 1488 3596 idemibidem
1510 3549 1599 3597 ho-

543 3614 808 3666 norificam
832 3617 1083 3686 Archytae
1108 3624 1421 3672 mentionem
1446 3621 1601 3674 habet

541 3690 735 3741 Tullius
758 3693 811 3742 in
846 3694 1047 3745 Catone
1078 3697 1312 3761 Majore:
1360 3702 1376 3726 ‘
1395 3698 1599 3747 Virum-

545 3782 644 3830 que
667 3784 909 3833 magnum
926 3773 1159 3836 inprimis
1185 3782 1240 3823 et
1259 3774 1568 3838 praeclarnm
1586 3773 1602 3796 '

545 3843 791 3907 nominat,
815 3847 988 3895 dicere
1009 3848 1216 3911 quidem
1243 3846 1449 3914 egre'gie
1483 3850 1601 3898 soli-

548 3924 685 3966 tum:
721 3919 736 3945 ‘
757 3920 1123 3983 Capitaliorem
1158 3923 1449 3975 hominibus
1487 3941 1600 3990 pes-

546 4001 652 4042 tem
667 3995 854 4043 nullam
871 4010 982 4044 esse
998 4011 1029 4045 a
1044 4004 1229 4049 natura
1246 4000 1438 4065 datam,
1450 4018 1598 4068 quam

545 4072 777 4133 corporis
810 4074 1150 4141 voluptatem,
1175 4078 1320 4141 cujus
1351 4081 1516 4129 avidae
1543 4083 1600 4130 li·

548 4145 750 4196 bidines
775 4153 967 4199 temere
989 4157 1045 4201 et
1073 4150 1340 4204 effraenate
1374 4157 1438 4205 ad
1463 4158 1598 4220 poti-

501 4272 507 4276 ,
545 4219 737 4270 undum
780 4222 1134 4278 incitarentur.
1224 4228 1363 4282 Hinc
1411 4231 1598 4295 patriae

1667 1560 2061 1625 Philosophicis,
2096 1560 2365 1610 Platonica
2407 1562 2459 1609 in
2504 1560 2727 1610 Geome-

1669 1636 1810 1684 tricis
1835 1642 2105 1700 praecepta
2127 1638 2381 1686 hauserat.
2433 1638 2726 1686 Mathema-

1669 1712 1786 1760 ticis
1810 1718 1864 1761 et
1890 1712 2208 1761 Mechanicis
2229 1713 2426 1762 artibus
2447 1713 2727 1768 excellens,

1668 1787 1959 1837 columbam
1992 1788 2214 1852 ligneam
2237 1790 2252 1817 ‘
2273 1789 2597 1839 libramentis
2620 1803 2727 1838 sus·

1670 1878 1900 1927 pensam,
1924 1871 1979 1914 et
2015 1879 2138 1914 aura
2168 1865 2379 1928 spiritus
2419 1865 2615 1914 inclusa
2652 1872 2729 1913 at-

1671 1954 1774 2004 que
1798 1940 2003 1989 occulta
2030 1940 2284 1990 concitam
2319 1939 2522 1990 fecerat
2553 1941 2731 1990 volan-

1673 2016 1813 2066 tem!
1847 2016 2071 2066 Gell.-x.
2091 2020 2169 2066 12.
2211 2015 2411 2067 cubum
2437 2017 2745 2089 primusin1
2769 2013 2772 2015 ’

1673 2093 1837 2157 venit,
1862 2092 2086 2142 Platone
2109 2099 2247 2142 teste
2269 2093 2321 2141 in
2345 2093 2569 2156 Republ.
2602 2094 2731 2143 Dio-

1675 2184 1794 2234 gen.
1819 2168 1990 2222 LaSrt.
2008 2169 2095 2220 cit.
2114 2170 2205 2219 lib.
2226 2183 2352 2220 vni.

1737 2252 1767 2297 3
1796 2249 2014 2297 Pulveris
2034 2249 2221 2311 exigui]
2250 2249 2324 2298 Te
2342 2247 2554 2314 dignum
2573 2250 2736 2314 insig-

1674 2324 1726 2373 ni
1750 2325 2047 2384 mansolaeo,
2070 2338 2256 2388 nempe
2272 2332 2351 2373 tot
2374 2326 2575 2375 meritis
2600 2340 2737 2389 prae-

1672 2404 1894 2449 stantem
1926 2401 2025 2449 beu
2059 2400 2267 2450 cohibet
2299 2415 2360 2450 ac
2382 2403 2518 2465 tegit
2542 2402 2737 2466 pulvis-

1673 2476 1816 2524 culus
1846 2476 2054 2524 marinis
2085 2475 2289 2540 quidem
2330 2478 2478 2527 undis
2517 2479 2736 2527 advolu-

1677 2558 1778 2602 tus.

1738 2628 1897 2691 Prope
1944 2625 2082 2677 littus
2136 2626 2405 2689 Matinum]
2456 2627 2540 2678 Ad
2594 2643 2738 2680 oram

1674 2704 1911 2768 Apuliae;
1948 2704 2034 2753 ubi
2053 2703 2106 2751 in
2128 2703 2371 2754 Lucaniae
2395 2705 2618 2756 confinio
2647 2720 2738 2770 po-

1676 2786 1784 2849 puli
1827 2785 2025 2849 degunt
2070 2786 2295 2834 Matini=
2331 2791 2452 2835 sunt
2487 2794 2545 2836 et
2577 2788 2739 2837 saltus

1681 2860 1884 2911 buxetia
1925 2860 2268 2922 abundantes,
2303 2862 2371 2911 de
2411 2862 2596 2927 quibus
2637 2864 2738 2912 Lu·

1682 2951 1796 2987 can.
1832 2951 1914 2988 ix.
1959 2942 2070 2989 185.
2104 2937 2292 2987 ‘calidi
2326 2939 2505 2988 lucent
2540 2939 2739 2989 buxeta
2786 2989 2790 2993 .

1683 3011 1913 3062 Matini!

1739 3094 1770 3138 4
1807 3090 1912 3139 Nec
1928 3091 2121 3152 prodest
2136 3089 2311 3139 A'e‘rias
2324 3094 2532 3140 tentasse
2551 3090 2737 3153 domos]

1677 3165 1781 3218 Qui
1801 3162 2014 3219 ,factum
2037 3173 2096 3215 nt
2117 3167 2299 3215 mortis
2330 3166 2427 3216 hoc
2455 3179 2619 3229 genus
2644 3167 2738 3214 mi·
2821 3227 2832 3234 .

1678 3241 1953 3292 secandum
1975 3241 2040 3290 ab
2057 3241 2322 3292 astris,tibi
2342 3242 2518 3305 parari
2538 3255 2644 3290 non
2666 3241 2739 3290 in-

1680 3317 1943 3367 tellexeris
1982 3332 2079 3366 nee
2102 3315 2346 3381 effugeris
2381 3317 2617 3366 eruditus
2648 3332 2738 3380 ap-

1680 3399 1845 3461 prime
1871 3398 2200 3449 Astronomia
2223 3404 2276 3446 et
2293 3398 2555 3446 Mathesi?
2599 3397 2739 3448 Quin

1680 3473 1941 3539 praescisti
1986 3481 2041 3523 et
2083 3475 2343 3524 eluctatus
2386 3488 2443 3522 es
2482 3471 2666 3534 fatum,
2706 3486 2738 3521 o

1680 3550 1949 3615 Archyta?
1981 3550 2069 3600 Sic
2090 3552 2392 3614 Astrologos
2414 3549 2588 3599 futura
2605 3563 2740 3613 prae-

1681 3625 1857 3696 videre
1878 3633 1932 3676 et
1957 3625 2308 3690 praejudicare
2333 3634 2590 3676 tentantes
2611 3625 2738 3675 data

1680 3715 1886 3764 semper
1905 3702 2175 3751 occasione
2207 3701 2448 3766 suggillat
2475 3700 2741 3750 Horatius.

1680 3778 1855 3828 Aerias
1870 3782 2073 3827 tentasse
2089 3777 2268 3842 domos]
2300 3777 2636 3826 Planetarum
2648 3775 2740 3824 do·

1681 3854 1888 3916 micilia,
1911 3851 2484 3912 siderum‘affectiones‚
2502 3852 2742 3913 virtutes,

1681 3931 1830 3994 situs,
1848 3937 2108 3995 aspectus,
2129 3931 2542 3992 contemplatum
2551 3926 2707 3976 fuisse
2723 3942 2738 3975 ε

1678 4007 1926 4069 animoque
1955 4007 2204 4055 rotundum
2229 4004 2534 4055 Pereat-risse
2559 4005 2737 4065 pdum,

1682 4083 1939 4146 sphaeram
1982 4082 2302 4146 sphaeraeque
2362 4081 2739 4141 inclinationes,

1679 4158 1815 4208 orbis
1848 4158 1990 4207 varia
2021 4158 2248 4220 climata,
2286 4155 2618 4222 diversasque
2657 4169 2739 4205 re-

1679 4233 1855 4300 giones
1877 4232 2192 4300 cognovisse.
