3059 4909
1302 375 1372 437 Q.
1419 374 1739 427 noun-11
1759 410 1768 415 .
1790 378 2053 430 nacor

838 516 1067 598 Hunc,
1097 523 1164 586 et
1193 519 1502 587 incomtis
1531 522 1807 590 Curium
1837 512 2103 610 capillis

838 620 1091 689 Utilem
1119 624 1296 689 bello
1323 625 1500 703 tulit,
1531 631 1599 691 et
1628 625 1979 692 Camillum

782 723 1040 805 „Saeva
1067 734 1454 813 paupertas,
1482 736 1553 794 et
1580 730 1802 795 avitus
1832 737 1993 814 apto

1351 829 1520 897 Cum
1550 832 1687 896 lare
1713 831 1982 897 fundus·

577 990 627 1036 ee
653 988 851 1041 cmm
886 993 1091 1058 impexis
1112 995 1324 1046 crinib«,
1355 996 1473 1045 aeuo
1510 995 1748 1058 saonam,
1778 997 1964 1060 pariter
1994 1002 2043 1048 et
2077 997 2326 1046 emmam
2354 981 2583 1061 produxit
2610 997 2773 1061 inopia

550 1055 761 1137 ¹‹litu-ior,
779 1062 827 1106 et
844 1060 1032 1122 pau-ius
1049 1062 1233 1123 ugellus
1254 1076 1359 1111 cum
1379 1064 1513 1111 domo
1535 1063 1859 1113 mveaiente.
1925 1062 2146 1112 Marcelli
2177 1078 2321 1128 porro
2354 1078 2524 1113 nom
2553 1063 2772 1126 augescit

1489 1188 1550 1210 00

580 1263 730 1314 Dess.
755 1270 805 1316 2.
836 1267 1042 1330 insignis
1062 1270 1409 1330 reseram—41
1445 1272 1595 1323 Hunc
1616 1279 1663 1323 et
1681 1274 1885 1325 intonsis
1905 1274 2033 1324 citat
2057 1273 2277 1326 Quintil.
2301 1288 2380 1324 tx,
2402 1278 2584 1324 9.-48
2619 1274 2772 1324 Sane-

577 1332 631 1376 tu
647 1338 904 1394 paupertas
929 1336 1070 1400 conj.
1091 1338 1268 1387 Bentl.
1303 1337 1443 1387 Laeta
1459 1344 1719 1403 paupertas
1740 1340 1987 1402 Crusius;
2040 1341 2188 1389 Casta
2221 1345 2478 1403 paupertas
2510 1340 2670 1390 With.
2705 1354 2773 1389 ex

1572 1470 1785 1523 NOTAE

636 1564 698 1612 41
729 1561 894 1628 Hunc,
913 1570 960 1615 et
980 1565 1199 1619 incautus
1213 1569 1412 1620 Curium
1430 1569 1633 1632 capillis,

570 1636 679 1702 ξω]
712 1640 972 1691 Virtutem
999 1652 1311 1708 paupertate
1334 1645 1632 1707 educatam,

573 1727 636 1763 ac
657 1714 911 1766 celebrem
934 1717 1145 1781 factam,
1162 1721 1212 1770 in
1233 1721 1398 1771 tribus
1420 1722 1633 1771 summis

570 1788 695 1839 viris
733 1805 848 1839 cum
880 1793 1103 1845 Horatio
1134 1811 1399 1858 venerare,
1431 1798 1632 1860 lector3

567 1862 623 1912 in
671 1865 934 1929 Fabricio,
982 1870 1036 1921 in
1083 1871 1261 1936 Curio,
1304 1874 1356 1924 iu
1395 1875 1632 1928 Camillo.

571 1940 685 1991 Hos
706 1944 969 1997 enimvero
992 1964 1123 2001 soeoa
1151 1958 1422 2016 paupertas,
1453 1954 1506 2003 id
1531 1960 1631 2011 est.

568 2030 754 2081 magna
804 2020 1095 2088 frugalitas,
1136 2030 1307 2079 tennis
1352 2030 1629 2079 admodum

567 2110 652 2146 res
689 2097 975 2165 familiaris,
1018 2103 1286 2164 fundulus,
1332 2121 1425 2157 seu
1462 2123 1632 2170 pauca

569 2174 679 2234 agri
708 2175 894 2238 jugera
932 2178 1034 2229 sibi
1069 2181 1135 2230 ab
1165 2182 1274 2231 avis
1298 2183 1502 2243 relicta,
1523 2198 1632 2231 cum

567 2248 669 2298 lare
687 2256 816 2313 apto,
839 2253 892 2301 id
917 2259 1018 2318 est,
1051 2257 1246 2318 pariter
1268 2257 1492 2314 modico,
1513 2257 1630 2307 bello

567 2324 713 2374 utiles
745 2325 890 2377 fecit.
962 2330 1217 2382 Nimirum
1256 2334 1398 2382 victu
1440 2348 1628 2398 aspero

566 2398 797 2454 indurati
829 2407 895 2456 ad
936 2408 1184 2472 laborem,
1217 2427 1414 2462 morum
1450 2419 1623 2462 autem

565 2478 869 2543 integritate
904 2483 970 2534 ad
1003 2485 1246 2538 virtutem
1279 2486 1483 2538 ornnem
1520 2487 1625 2538 for-

565 2556 710 2614 mati,
743 2561 1009 2625 egregiam
1040 2562 1363 2628 Reipublicae
1388 2563 1623 2614 difficilli-

565 2635 664 2685 mis
689 2642 1006 2703 temporibus
1028 2658 1240 2708 operam
1270 2652 1625 2705 navaverunt;

563 2724 669 2761 non
692 2720 798 2763 tam
822 2731 927 2766 suoe
961 2733 1112 2783 quam
1152 2721 1375 2784 publicae
1407 2723 1625 2771 utilitati

566 2789 869 2841 studentes:
905 2793 1042 2844 nude
1070 2804 1125 2845 et
1147 2811 1395 2846 summam
1419 2793 1622 2847 laudem

564 2868 833 2915 consecuti
850 2877 994 2920 snut.

631 2940 805 3007 Hunc]
839 2945 1042 3008 Nempe
1080 2946 1138 2997 C.
1170 2947 1467 2998 Fabricium
1502 2951 1624 3000 Lus·

563 3015 754 3079 einum,
789 3025 871 3067 ter
906 3019 1203 3086 Consulem,
1233 3025 1299 3073 de
1330 3038 1433 3089 quo
1470 3032 1619 3076 antes

564 3099 625 3143 et
656 3093 833 3146 Valer.
870 3095 1089 3147 Maxim.
1122 3112 1201 3150 tv.
1223 3104 1272 3150 8.
1306 3100 1361 3149 Is
1385 3100 1402 3127 ‘
1424 3103 1624 3152 honori·

506 3190 519 3203 ·
563 3168 660 3218 bus
683 3177 739 3219 et
762 3173 1076 3223 auctoritate
1096 3176 1234 3225 omni
1255 3176 1474 3227 civitate
1495 3186 1623 3229 tem·

564 3247 776 3308 poribus
799 3250 904 3298 suis
927 3251 1112 3315 major,
1132 3265 1289 3302 censu
1314 3269 1410 3318 par
1432 3257 1625 3321 uuicui-

562 3337 667 3386 que
685 3326 1014 3388 pauperrimo
1034 3344 1048 3389 3
1085 3344 1116 3377 a
1137 3330 1475 3392 Samnitibus,
1493 3347 1622 3396 quos

561 3398 832 3449 universos
877 3401 927 3450 iu
961 3404 1210 3455 clientela
1253 3406 1494 3468 ilabebat,
1531 3407 1621 3456 de-

563 3486 675 3523 cem
713 3476 848 3539 oeris,
874 3485 928 3526 et
949 3479 1174 3545 quinque
1197 3482 1369 3546 pondo
1399 3485 1622 3547 argenti,

560 3551 884 3619 totidemque
903 3570 1078 3606 servos
1095 3558 1194 3607 sibi
1207 3561 1466 3621 missos,in
1478 3561 1622 3610 Sam·

559 3628 700 3678 nium
735 3633 948 3695 remisit,
969 3636 1306 3686 continentiae
1332 3651 1440 3685 suae
1464 3636 1621 3686 bene·

555 3705 673 3756 ficio
695 3708 805 3757 sine
844 3713 1062 3772 pecunia
1095 3713 1370 3776 praedives,
1395 3713 1503 3762 siue
1526 3729 1621 3765 usu

558 3781 768 3833 familia·
800 3787 1006 3836 abunde
1040 3790 1346 3839 comitatus:
1392 3790 1514 3858 quia
1547 3793 1622 3841 lo·

560 3862 820 3923 cnpletem
856 3864 999 3913 illum
1035 3863 1280 3929 faciebat,
1319 3880 1420 3916 non
1459 3869 1624 3918 multa

559 3937 848 3998 possidere,
906 3939 996 3986 sed
1046 3941 1249 3990 modica
1304 3942 1620 3992 desiderare.

560 4011 701 4074 Ergo
718 4011 901 4060 domus
918 4013 1053 4075 ejus,
1072 4017 1496 4079 quemadmodum
1516 4033 1621 4068 aere

558 4093 615 4133 et
657 4092 875 4149 argento
919 4094 974 4136 et
1022 4092 1291 4155 mancipiis
1330 4093 1620 4143 Samnitum

560 4173 750 4222 vacua,
784 4161 860 4212 ita
897 4164 1082 4226 gloria,
1124 4180 1191 4217 ex
1228 4169 1305 4219 his
1343 4172 1621 4219 contemtis

561 4241 733 4299 parta,
775 4236 972 4289 referta
1015 4238 1151 4305 fuit,⁸
1185 4246 1287 4295 διο.
1376 4244 1514 4295 Vide
1564 4252 1622 4296 et

564 4500 569 4511 “
610 4506 629 4533 D

1714 1568 1939 1633 ejusdem
1963 1567 2136 1618 valer.
2160 1583 2224 1619 11.
2245 1573 2295 1621 9.
2356 1581 2359 1584 ’
2651 1609 2656 1615 ,

1782 1643 2005 1709 Curium]
2049 1644 2234 1694 Curius
2277 1644 2543 1693 Dentatus
2578 1648 2772 1692 ‘exac-

1714 1721 1914 1771 tissima
1934 1733 2115 1770 norma
2143 1719 2389 1769 Romanae
2428 1717 2770 1781 frugalitatis,

1712 1792 2772 1859 idemqnefortitudinisperspectissimum

1710 1872 1989 1937 specimen,
2022 1872 2311 1921 Samnitum
2353 1871 2538 1934 legatis
2575 1869 2774 1933 agresti

1711 1962 1769 1997 se
1804 1948 1855 1996 in
1887 1960 2092 1997 scamno
2115 1947 2422 1996 assidentem
2448 1945 2591 2005 foco,
2608 1953 2771 2012 atque

1709 2024 1883 2086 ligneo
1906 2024 2084 2073 catillo
2103 2031 2390 2075 coeuautem
2414 2023 2620 2087 (quales
2641 2037 2772 2085 epu-

1708 2103 1806 2162 las,
1818 2110 2101 2165 apparatus
2113 2101 2300 2149 iudicio
2313 2101 2420 2164 est)
2430 2100 2771 2163 spectandum

1709 2175 1968 2241 praebuit!
1992 2176 2090 2226 Ille
2112 2190 2287 2225 eorum
2310 2175 2519 2226 divitias
2535 2182 2773 2225 contem·

1709 2254 1812 2304 sitz
1850 2258 2210 2316 paupertatem
2244 2252 2359 2315 ejus
2388 2251 2645 2302 Samnites
2678 2253 2773 2301 mi·

1709 2329 1811 2379 rati
1854 2335 1991 2378 sunt.
2060 2326 2412 2379 offerentibus
2460 2341 2640 2376 aurum
2687 2343 2770 2376 re-

1707 2405 1950 2470 sponditz
1986 2405 2147 2456 Malle
2181 2419 2238 2454 se
2262 2410 2277 2433 ⁴
2304 2404 2650 2467 locupletibus
2674 2405 2772 2455 im·

1707 2497 1909 2548 perure,
1920 2498 2074 2548 quam
2092 2482 2257 2546 ipsum
2273 2481 2387 2531 fieri
2401 2481 2718 2544 locupletem
2737 2481 2772 2532 τ’

1707 2569 1763 2611 et
1783 2561 1993 2612 Curium
2024 2562 2041 2589 ⁴
2062 2574 2160 2610 uec
2176 2559 2288 2609 acie
2308 2559 2464 2620 vinci,
2485 2572 2584 2606 nec
2607 2573 2771 2621 pecu·

1706 2637 1796 2687 nia
1836 2636 2098 2700 corrumpi
2142 2635 2328 2699 posse,'
2360 2637 2459 2684 διο.
2498 2648 2616 2699 quae
2650 2636 2769 2698 lege

1706 2714 1842 2777 apud
1876 2712 2055 2762 Valer.
2093 2711 2307 2761 Maxim.
2341 2724 2416 2761 tv·
2448 2715 2498 2761 ὃς
2548 2711 2692 2760 Vide
2714 2719 2768 2761 et

1706 2789 1975 2840 Aurelium
2000 2789 2268 2837 Victorem
2292 2787 2360 2837 de
2377 2786 2519 2837 Viris
2540 2787 2769 2838 Illustri-

1706 2866 1821 2928 bus,
1840 2865 1950 2916 Cic.
1969 2866 2037 2915 de
2057 2864 2363 2926 Senectute,
2387 2864 2487 2913 stc.

1768 2944 1998 2993 Immtis
2052 2941 2252 2990 Curium
2293 2940 2503 3004 cupillis]
2555 2941 2768 3003 Legunt

1703 3020 1933 3087 qnidam,
1956 3036 2072 3071 cum
2109 3020 2434 3073 Quintiliano
2457 3021 2665 3084 quidem
2689 3035 2767 3072 rr.

1706 3097 1975 3147 &intonsis
1986 3097 2170 3161 cupillis
2185 3114 2203 3148 .-
2221 3098 2422 3147 scilicet
2439 3098 2619 3161 priscis
2637 3104 2766 3148 tem·

1707 3174 1915 3238 poribus
1941 3173 2163 3222 nondum
2200 3181 2353 3223 erant
2385 3174 2565 3223 Romae
2590 3181 2765 3223 tonso-

1706 3265 1821 3301 res:
1859 3257 1917 3300 et
1947 3250 2141 3300 cultum
2174 3251 2508 3320 negligebant
2539 3250 2763 3299 maxime

1704 3330 1983 3381 bellatores
2007 3328 2121 3378 viri.
2163 3329 2281 3378 Hoc
2303 3328 2511 3394 quidem
2542 3328 2763 3391 perinde

1704 3406 2029 3471 significatur
2063 3419 2155 3469 per
2178 3418 2355 3453 vocem
2377 3405 2595 3454 §nemis
2615 3421 2634 3453 .·
2667 3406 2761 3455 sed

1703 3497 1804 3532 non
1850 3482 2009 3544 illud3
2062 3482 2202 3548 quod
2243 3495 2368 3531 sane
2416 3482 2483 3531 ab
2538 3481 2761 3531 Horatio

1702 3560 1931 3623 spectari
1967 3559 2231 3623 opor-tuin
2266 3558 2338 3607 sic
2363 3557 2518 3608 Ovid.
2540 3558 2762 3608 Fast.1r.

1703 3637 1853 3688 ‘Hoc
1876 3636 2013 3701 apud
2050 3635 2284 3685 intonsos
2321 3649 2503 3684 nomen
2534 3634 2762 3684 habebat

1704 3714 1862 3765 avos?
1923 3702 1994 3764 Et
2017 3713 2159 3763 Fast.
2192 3726 2268 3762 tv·
2305 3711 2372 3761 de
2396 3712 2601 3761 Numa:
2634 3711 2759 3761 ‘Bis

1702 3797 1865 3854 caput
1887 3789 2142 3839 intonsum
2161 3785 2373 3836 fontana
2387 3785 2652 3850 spargitur
2665 3802 2761 3836 un-

1702 3866 1802 3916 da!
1867 3865 2088 3916 Codices
2103 3868 2282 3912 tamen
2313 3860 2424 3910 fere
2458 3863 2759 3911 omues-lia·

1697 3943 1846 4002 bem,
1878 3940 2097 3990 incantatis
2133 3938 2332 3987 Curium
2360 3937 2581 4000 capulis,-
2623 3939 2759 3988 unde

1701 4019 1769 4066 ab
1803 4032 1867 4066 ea
1898 4016 2123 4064 lectione
2154 4021 2351 4063 temere
2382 4011 2757 4064 discedendum

1700 4107 1803 4142 nou
1821 4090 1940 4140 fuit.
2663 4133 2678 4146 ,

1762 4171 1829 4217 42
1866 4164 2142 4228 Camillam]
2196 4164 2274 4213 M.
2305 4163 2494 4212 Furius
2512 4164 2758 4214 Camillus

1701 4242 1971 4310 quinquies
1993 4241 2237 4291 Dictator
2257 4238 2377 4302 fuit,
2397 4240 2464 4290 de
2483 4240 2655 4295 Gallis
2679 4242 2760 4293 bis
