3059 4909
519 434 650 501 546
930 446 1335 499 exconsus
1383 444 1488 494 AD
1538 440 1958 492 οΛιιιιιΝυΜ
2010 442 2152 490 ms.
2201 442 2313 491 111.

521 602 765 660 tanquam
796 607 916 658 non,
951 592 1048 643 lioc
1088 591 1163 642 ita
1184 604 1318 646 esse,
1352 601 1446 653 per
1476 601 1533 638 se
1566 599 1777 638 necesse
1799 586 1888 649 sit,
1920 585 1964 635 si
1999 584 2176 636 Lamia
2210 602 2242 636 a
2277 580 2435 637 Lamo
2468 587 2723 652 originem

521 666 698 727 ducat.
753 674 907 737 Tum,
932 679 1205 738 postquam
1229 685 1347 721 eum
1366 666 1681 720 certitudine
1702 666 1875 719 dictus
1894 674 1975 718 est
1997 668 2176 718 Lamia
2204 669 2222 699 ⁸
2238 669 2426 719 nobilis
2443 669 2508 718 ab
2528 671 2726 727 Lamo?

518 757 687 823 ipsum
711 756 856 820 illud,
877 755 1010 808 uude
1030 755 1128 804 hoc
1150 758 1376 814 constet,
1403 746 1781 817 argumentum,
1813 764 1966 815 quam
1996 749 2211 799 incertis
2251 750 2527 814 dubiisque
2552 751 2727 801 verbis

521 837 860 903 exprimitur:
894 838 910 865 ⁸
928 837 1051 902 quia
1082 841 1143 886 et
1175 834 1375 899 priores
1398 832 1603 883 Lamias
1631 829 1822 891 fervat,
1844 830 2008 887 aiunt,
2033 830 2099 880 ab
2138 830 2225 881 illo
2253 831 2415 882 Lamo
2446 846 2565 882 esse
2584 833 2728 881 deno·

520 918 760 970 minutos!
827 916 971 972 Quid
991 918 1091 968 boc
1123 921 1208 967 est
1238 913 1396 979 aliud,
1417 913 1517 964 nisi
1551 912 1879 978 magnificam
1903 911 2041 961 illam
2074 911 2282 975 generis
2321 911 2731 962 commendatio-

518 1016 637 1052 nem
678 1001 868 1051 iterum
912 999 1140 1062 abolere,
1181 996 1575 1062 ambiguamque
1608 1008 1673 1044 ac
1703 993 1911 1043 dubiam
1950 991 2162 1043 facere?
2226 992 2382 1049 Sane,
2421 992 2464 1041 si
2498 995 2513 1020 ‘
2532 990 2733 1043 fertur’

520 1082 810 1134 Lamiarum
832 1093 956 1145 gens
978 1093 1010 1130 a
1033 1081 1192 1130 Lamo
1221 1085 1240 1107 ⁴
1255 1092 1444 1128 nomen
1462 1074 1692 1140 habere,'
1714 1074 1992 1139 splendida
2016 1074 2109 1125 illa
2129 1073 2248 1124 AElii
2268 1074 2332 1124 ab
2355 1072 2538 1123 eodem
2564 1074 2732 1123 Lamo

520 1163 668 1227 origo
688 1161 882 1214 fabulm
905 1160 1085 1211 similis
1107 1159 1185 1210 fit.
1249 1159 1402 1209 Bella
1423 1155 1665 1223 profecto
1687 1170 1749 1207 ac
1773 1156 1972 1206 urbana
1992 1155 2288 1205 conversio!
2358 1155 2546 1218 Neque
2567 1152 2740 1204 facile

521 1244 798 1310 quicquam
821 1241 1041 1310 reperiri
1064 1240 1231 1305 possit
1253 1238 1503 1304 putidius,
1520 1252 1674 1303 quam
1696 1237 1802 1301 illa,
1823 1236 1888 1287 de
1910 1251 2012 1302 qua
2026 1237 2139 1301 jam
2160 1236 2381 1291 dictum,
2402 1235 2588 1286 mise-ra
2613 1250 2731 1326 ver-

520 1339 605 1375 sus
624 1324 777 1388 primi
800 1321 1104 1373 ruminatio:
1141 1318 1408 1370 ‘Auctore
1434 1318 1499 1368 ab
1523 1318 1612 1368 illo
1633 1317 1781 1368 ducis
1803 1316 2090 1381 originem!

583 1405 721 1456 Item
738 1404 967 1456 elocutio
987 1417 1139 1470 quam
1163 1400 1390 1466 insipida
1411 1399 1521 1450 est!
1560 1413 1715 1465 quam
1739 1399 1986 1462 languida
2008 1405 2064 1447 et
2086 1399 2386 1464 protracta!
2419 1395 2656 1462 (scilicet
2674 1404 2737 1448 ut

520 1492 744 1554 quatuor
764 1499 946 1536 versus
981 1480 1390 1548 complerentur)
1423 1495 1575 1547 quam
1600 1481 1837 1546 prosaica
1860 1486 2018 1545 atque
2042 1480 2277 1529 humilis!
2346 1480 2513 1531 Quam
2540 1479 2739 1529 moles·

520 1575 630 1619 tum
664 1573 748 1617 est
779 1565 907 1616 illud
942 1564 1187 1622 ‘ferunt,’
1219 1562 1469 1628 inprimis,
1502 1578 1620 1614 cum
1654 1563 1829 1614 statim
1862 1567 2129 1627 sequatur,
2161 1560 2178 1589 ‘
2197 1559 2427 1610 dieiturl’
2492 1558 2618 1609 ‘Ab
2640 1559 2737 1610 illo

517 1647 833 1699 denominati
873 1652 994 1696 sunt
1023 1651 1071 1696 et
1105 1645 1347 1711 majores,
1396 1650 1445 1695 et
1478 1652 1699 1709 nepotes
1718 1662 1734 1694 z
1786 1659 1941 1710 quam
1985 1657 2150 1707 prope
2195 1643 2415 1707 puerilis
2469 1642 2738 1706 composi·

519 1729 623 1779 tio!
660 1731 676 1759 ‘
696 1730 805 1779 Per
826 1741 1078 1778 memores
1097 1725 1290 1791 fastos,’
1314 1741 1466 1792 quam
1490 1726 1542 1777 h.
1566 1727 1601 1777 Ι.
1622 1725 1869 1792 frigidum
1891 1740 1954 1776 ac
1975 1725 2197 1775 otiosum
2220 1726 2331 1774 est!
2376 1723 2516 1772 Illud
2541 1737 2738 1785 urgere

517 1800 655 1876 nolo,
690 1811 706 1840 ‘
725 1808 1044 1860 denominari
1060 1807 1076 1832 ’
1112 1822 1206 1871 pro
1226 1808 1501 1870 nominari,
1521 1822 1712 1859 nomen
1734 1808 1946 1870 habere,
1966 1807 2171 1857 serioris
2190 1805 2362 1856 aetatis
2384 1805 2596 1855 verbum
2615 1819 2737 1856 esse

515 1892 713 1954 videri;
750 1906 867 1941 nam
896 1890 1058 1956 possit
1078 1889 1258 1955 aliquis
1279 1889 1561 1955 poeticam,
1577 1891 1812 1954 inprimis
1835 1889 2136 1955 lyricam,in
2160 1887 2431 1938 verborum
2451 1903 2546 1937 usu
2564 1887 2736 1937 licen-

515 1973 640 2024 tiam
664 1972 910 2036 objicere.
978 1970 1102 2033 Sed,
1138 1972 1155 1999 ⁸
1178 1968 1263 2020 Ab
1294 1970 1383 2020 illo
1403 1977 1615 2021 auctore
1651 1970 1801 2020 ducis
1825 1967 2111 2033 origiuem’
2140 1983 2291 2034 quam
2323 1968 2516 2017 humile
2538 1974 2594 2018 et
2616 1969 2736 2017 vul·

515 2068 643 2119 gare
665 2061 767 2116 est,
790 2052 1010 2102 maxime
1032 2056 1150 2115 post
1187 2057 1293 2102 tam
1324 2051 1630 2116 exquisitam
1656 2051 1968 2117 doctamque
1999 2049 2234 2114 ejusdem
2255 2049 2529 2100 sententiae
2552 2049 2736 2100 elocu-

517 2135 731 2196 tionem,
761 2134 778 2162 ‘
796 2138 1000 2184 vetusto
1024 2132 1211 2201 nobilis
1234 2132 1298 2183 ab
1322 2133 1480 2183 Lamo
1500 2134 1513 2182 l
1531 2132 1548 2156 ²

581 2216 825 2282 Denique
847 2213 991 2264 facili
1026 2228 1188 2279 opera
1219 2220 1412 2279 potest,
1447 2215 1586 2265 unde
1626 2214 1878 2279 originem
1907 2215 2099 2265 habeat
2122 2221 2227 2265 tam
2259 2214 2502 2264 miserum
2523 2209 2732 2261 addita·

514 2303 768 2360 mentum,
803 2295 1040 2361 intelligi.
1106 2296 1322 2346 Scilicet
1359 2301 1636 2346 annotarat
1675 2295 2057 2346 Grammaticus
2092 2295 2159 2345 ad
2201 2310 2277 2345 vs.
2316 2299 2365 2346 1.
2397 2294 2516 2343 ideo
2538 2290 2732 2341 AElium

515 2377 749 2428 Lamiam
778 2376 1031 2437 ‘no—bilem
1066 2376 1133 2427 ab
1173 2375 1367 2426 Lamo’
1398 2375 1523 2439 dici,
1567 2375 1692 2442 quia
1725 2375 1951 2440 majores
1984 2376 2197 2436 Lamiae‚
2237 2381 2294 2425 et
2325 2374 2488 2424 omnis
2521 2371 2733 2441 omuino

515 2457 811 2508 Lamiarum
832 2472 959 2522 gens
992 2457 1193 2507 dicatur
1226 2471 1412 2506 nomen
1444 2456 1511 2507 ab
1547 2459 1765 2522 antiquo
1799 2457 1890 2507 illo
1923 2458 2084 2507 Lamo
2115 2457 2329 2517 habere,
2361 2469 2452 2518 np.
2483 2468 2550 2504 ex
2580 2465 2729 2502 more

513 2536 825 2603 familiarum
846 2538 1222 2587 Romanarum:
1259 2553 1308 2588 v.
1336 2536 1494 2588 Obss.
1561 2535 1856 2588 Infeliciter
1878 2537 1962 2587 vel
1980 2537 2136 2600 idem,
2158 2539 2242 2587 vel
2261 2537 2390 2587 alius
2415 2534 2547 2600 quis,
2571 2532 2731 2583 animi

515 2633 690 2676 causa,
712 2619 767 2668 in
789 2632 967 2669 versus
989 2617 1114 2668 illud
1138 2617 1368 2668 scholion
1394 2618 1701 2684 redigebat:
1734 2621 1749 2648 ‘
1771 2619 1996 2672 Quando
2019 2626 2073 2670 et
2096 2619 2299 2683 priores
2322 2617 2441 2667 hinc
2464 2617 2526 2666 L.
2547 2613 2728 2665 ferunt

514 2699 893 2750 Deuominatos
914 2704 970 2749 et
988 2706 1238 2764 nepotum
1261 2700 1369 2750 Per
1390 2714 1459 2750 m.
1480 2715 1643 2765 genus
1665 2715 1716 2752 o.
1734 2698 1934 2752 fastos!
1986 2700 2229 2753 Quicum
2253 2704 2309 2749 et
2334 2712 2534 2749 versum
2559 2695 2729 2746 adbuc

514 2779 696 2831 deesse
720 2779 958 2846 vidisset,
979 2787 1035 2832 et
1056 2781 1366 2831 sententiam
1390 2782 1445 2832 in
1478 2797 1669 2832 nexum
1692 2796 1810 2833 cum
1833 2796 1945 2847 sqq.
1970 2780 2247 2832 reflectere
2284 2784 2525 2844 cuperet,
2545 2777 2597 2827 in
2620 2776 2727 2826 ani-

512 2877 651 2912 mum
674 2862 978 2927 inducebat,
999 2868 1238 2927 repetere
1262 2864 1418 2928 primi
1441 2878 1618 2914 versus
1641 2863 1955 2915 sententiam
1978 2879 1991 2912 τ
2027 2862 2044 2890 ‘
2061 2861 2292 2913 Auctore
2308 2861 2480 2912 abillo
2503 2861 2554 2911 d.
2571 2859 2725 2923 origi-

513 2941 667 2994 nem!
735 2943 865 2995 Mox
885 2943 1149 3009 librarius,
1183 2944 1287 2994 tale
1325 2946 1623 3010 exemplum
1659 2951 1868 3007 nactus,
1891 2944 2188 3009 gaudioque
2216 2945 2473 3006 exultans,
2497 2939 2635 3007 quod
2660 2953 2726 2988 ex

512 3036 577 3073 eo
601 3021 758 3073 Oden
776 3038 964 3087 augere
981 3029 1178 3089 posset,
1205 3025 1257 3074 in
1279 3031 1584 3076 contextum
1608 3034 1715 3077 tam
1736 3027 2029 3090 elegantem
2053 3040 2278 3091 pannum
2295 3022 2570 3074 inferebat.
2620 3020 2727 3068 Ve-

514 3118 627 3152 rum
668 3104 784 3153 haec
827 3104 999 3165 omnia
1040 3104 1319 3155 admodum
1364 3113 1569 3158 mature
1602 3106 1746 3158 facta
1788 3122 1904 3158 esse
1932 3113 2159 3171 oportet,
2196 3114 2258 3158 ut
2300 3121 2497 3168 omnes,
2533 3103 2624 3169 qui
2661 3100 2725 3151 ad

511 3190 745 3234 nostram
768 3189 978 3234 aetatem
1001 3199 1312 3252 pervenere,
1335 3186 1544 3239 codices
1562 3188 1662 3240 isto
1686 3188 1780 3239 tali
1803 3188 2161 3239 additamento
2185 3192 2663 3252 corrumperentur.

577 3265 752 3329 Quare
778 3271 883 3316 tam
909 3265 1136 3324 inutiles,
1161 3273 1264 3318 tam
1290 3267 1528 3319 inficetos
1554 3284 1616 3319 ac
1640 3270 1956 3328 invenustos,
1979 3277 2088 3320 tam
2112 3283 2323 3334 prorsus
2344 3267 2583 3330 indignos
2607 3269 2725 3314 vate

515 3345 761 3408 Horatio,
784 3354 939 3412 atque
959 3347 1156 3398 alienos
1178 3349 1244 3398 ab
1269 3349 1469 3399 ratione
1493 3349 1659 3415 lyrica
1681 3365 1881 3413 versus,
1904 3350 2019 3417 quis
2035 3364 2137 3401 non
2158 3364 2255 3415 pro
2276 3347 2443 3415 inepti
2461 3347 2724 3397 Gramma-

513 3426 610 3492 tici=
649 3427 836 3477 malive
872 3427 1148 3479 deterioris
1185 3430 1358 3481 aetatis
1391 3431 1580 3482 Poe'tae
1615 3438 1910 3484 commento
1944 3432 2156 3496 habeat,
2177 3429 2570 3496 ejiciendosque
2603 3441 2723 3497 cenf

510 3508 668 3571 seat?
735 3507 884 3563 Fecit
904 3508 1004 3559 boc
1024 3509 1260 3561 ultimum
1281 3511 1620 3575 Sauadonus;
1654 3512 1911 3578 probante
1932 3512 2166 3575 Jonesio,
2184 3526 2353 3578 neque
2376 3509 2723 3573 improbante,

511 3595 573 3653 ιιιΙ
595 3587 819 3652 videtur,
852 3589 1109 3640 Gesnero.
1179 3591 1428 3642 Attamen
1452 3607 1574 3657 ego,
1598 3593 1826 3644 dandum
1848 3593 2041 3660 aliquid
2076 3593 2314 3644 codicum
2348 3598 2504 3656 atque
2540 3588 2723 3639 editio-

510 3682 651 3731 num,
674 3685 788 3735 quae
809 3671 969 3721 semel
992 3669 1225 3729 invaluit,
1260 3673 1566 3724 auctoritati
1600 3680 1766 3737 ratus,
1796 3688 1995 3731 versus,
2025 3674 2230 3724 etiamsi
2267 3680 2372 3722 tam
2404 3669 2593 3723 merito
2614 3683 2722 3718 sus-

390 3774 409 3790 *
508 3757 713 3813 pectos,
732 3757 837 3801 tam
862 3751 1221 3818 probabiliter,
1239 3755 1322 3804 vel
1345 3760 1493 3805 certe
1514 3754 1710 3820 potius,
1731 3756 1955 3820 spurios,
1976 3761 2149 3830 tamen
2180 3768 2283 3807 uon
2310 3750 2649 3813 resecandos,
2665 3755 2723 3799 at

513 3830 658 3885 uncis
680 3832 1021 3884 includendos
1043 3840 1203 3902 atque
1221 3835 1484 3887 asteriscis
1503 3836 1757 3903 notandos
1781 3835 1978 3899 curavi.
