3059 4909
940 386 1346 438 cARanM
1402 387 1551 436 mn.
1601 388 1651 438 1.
1698 372 1806 438 14.
2343 378 2470 448 129

187 577 883 755 ΜΜῙῙ
1134 574 1334 696 one
1382 626 1598 696 xlv.

296 800 367 847 IN
419 801 732 850 SEXTUM
783 800 1177 849 POMPElUM
1228 800 1486 848 CIVILE
1541 799 1847 849 BELLUM
1901 799 2449 848 RENovAN'rEM.

275 931 534 1007 Perpetua
555 945 652 996 hac
675 946 959 1008 Allegoria,
994 961 1096 1010 qna
1117 960 1181 996 ex
1216 944 1503 995 imitatione
1527 944 1694 1004 Alcaei
1719 944 2107 1008 Rempublicam
2131 946 2304 995 lacero
2328 943 2466 993 navi·

335 1025 419 1089 gio
439 1035 731 1090 comparat,
753 1027 1100 1090 Pompeianos
1125 1041 1243 1075 snos
1267 1041 1296 1075 a
1318 1024 1615 1075 renovando
1636 1026 1784 1075 Bello
1806 1026 1944 1075 civili
1966 1025 2213 1076 deterret.
2278 1025 2469 1089 (Quin-

338 1105 413 1155 til.
440 1120 566 1156 vm.
603 1112 653 1156 6.
689 1111 771 1156 44.
809 1109 1102 1170 exemplum
1134 1105 1311 1156 laudat
1351 1105 1631 1169 Allegoriae
1669 1106 1802 1155 hunc
1837 1107 2026 1169 locum,
2068 1107 2084 1134 ‘
2107 1106 2240 1170 qno,'
2281 1108 2468 1171 inquit,

334 1185 534 1237 ‘navim
577 1202 671 1252 pro
711 1189 860 1250 Rep„
882 1186 1128 1241 fluctuum
1169 1192 1509 1251 tempestates
1550 1201 1644 1250 pro
1682 1187 1833 1238 hellis
1867 1187 2122 1246 civilibus,
2144 1193 2348 1249 portum
2374 1202 2468 1250 pro

337 1281 462 1330 pace
483 1274 643 1334 atque
666 1269 946 1320 concordia
967 1269 1133 1321 dicit!
1195 1270 1258 1318 Τ.
1283 1268 1475 1332 Faber,
1504 1268 1673 1332 Epist.
1710 1283 1749 1323 1.
1772 1273 1855 1319 63.
1883 1275 2002 1333 post
2024 1269 2287 1318 Muretum
2311 1274 2472 1332 negat

336 1348 418 1398 hic
455 1364 570 1400 esse
607 1350 942 1414 Allegoriam,
980 1351 1071 1400 sed
1102 1351 1292 1416 alloqui
1328 1350 1606 1401 Horatium
1644 1353 1833 1416 navim,
1869 1365 1972 1415 qna
1995 1357 2110 1413 post
2132 1350 2470 1414 Philippense

337 1429 569 1492 praelinm
606 1439 791 1481 vectus
825 1429 986 1480 suerit
1021 1431 1074 1480 in
1113 1430 1339 1481 Italiam.
1408 1430 1505 1480 His
1530 1432 1814 1481 assentitur
1837 1445 1937 1481 non
1962 1445 2120 1495 gener
2138 1430 2290 1480 modo
2314 1431 2469 1480 Fabri

338 1511 611 1576 Dacerius,
634 1512 727 1560 sed
764 1512 878 1576 ipse
917 1512 1183 1561 Bentleius
1205 1513 1381 1562 etiam.
1444 1513 1660 1563 Crever.
1681 1512 1736 1563 in
1759 1513 1902 1562 Hist.
1933 1513 2030 1563 Ro.
2054 1513 2237 1576 probat
2263 1512 2470 1577 Allego·

339 1592 460 1641 riam
487 1604 542 1642 et
565 1592 788 1642 collocat
811 1592 863 1642 in
889 1598 1094 1657 tempus
1118 1592 1486 1657 aPhilippensi
1510 1593 1695 1657 praelio
1719 1594 2039 1658 proximum:
2065 1594 2367 1644 Sanadonns
2384 1609 2471 1644 au·
2535 1596 2548 1607 ⁸

338 1680 440 1724 tem
464 1674 517 1722 in
541 1674 691 1734 illud,
713 1670 815 1739 qno
838 1674 922 1723 vel
944 1673 1077 1722 serio
1101 1673 1183 1721 vel
1206 1672 1444 1723 simulate
1467 1672 1793 1725 deliberabat
1815 1674 1882 1724 de
1915 1674 2051 1738 Rep.
2074 1670 2341 1725 reddenda
2364 1674 2469 1723 Au-

338 1763 537 1819 gustus.
605 1755 696 1803 Me
733 1754 960 1804 nondum
1002 1753 1223 1817 poenitet
1257 1754 1541 1812 modestiae,
1580 1770 1731 1820 qnam
1770 1756 1833 1804 ad
1871 1755 2051 1816 Quint.
2078 1756 2114 1803 l.
2137 1771 2185 1805 c.
2209 1755 2470 1818 professus

338 1850 476 1886 sum:
512 1850 607 1885 nec
644 1835 805 1884 ausim
829 1836 950 1885 mihi
974 1849 1175 1885 sumere
1199 1835 1471 1885 arbitrium
1495 1850 1664 1887 causae
1704 1837 1864 1887 tantis
1901 1836 2018 1886 hinc
2055 1836 2470 1892 auctoritatibus,

334 1919 451 1968 hinc
490 1916 713 1981 ingeniis
749 1915 992 1966 defensae.
1056 1915 1194 1965 Illud
1226 1916 1377 1964 modo
1399 1916 1662 1966 observari
1692 1917 1860 1972 velim,
1882 1904 2099 1981 propter
2118 1930 2292 1965 versus
2316 1921 2394 1965 17.
2417 1924 2474 1965 et

340 2004 418 2050 18.
449 2014 551 2049 non
586 1997 749 2047 videri
771 2012 922 2061 posse
946 1996 1166 2062 intelligi
1199 2002 1358 2047 totam
1384 1998 1809 2061 Rempublicam3
1843 2011 2016 2046 verum
2041 2004 2295 2061 qnatenus
2319 1997 2474 2046 Pom·

337 2080 521 2145 poiana
543 2078 748 2128 fuerat:
785 2078 973 2129 deinde
992 2078 1294 2145 illud,quod
1318 2088 1463 2129 recte
1486 2079 1641 2128 etiam
1666 2080 1923 2128 Baxterus
1949 2077 2210 2142 praecipit,
2235 2091 2335 2126 non
2361 2091 2470 2126 esse

335 2176 463 2225 opus
486 2162 539 2210 in
576 2160 842 2225 allegoria,
874 2168 933 2211 ut
969 2175 1172 2211 morose
1206 2174 1386 2231 omnes
1422 2160 1560 2210 illius
1600 2168 1776 2225 partes
1811 2161 2172 2221 examinentur
2197 2158 2336 2206 etad
2363 2170 2471 2207 rem

334 2241 677 2306 significatam
697 2241 1043 2306 applicentur.
1109 2243 1290 2309 Suavis
1310 2250 1411 2307 est,
1431 2243 1473 2292 si
1493 2257 1729 2308 usquam,
1752 2242 1835 2292 hic
1862 2240 2180 2302 Har-dutinus,
2200 2239 2286 2303 qui
2311 2239 2473 2301 scrip-

336 2331 440 2373 tam
464 2323 538 2371 ait
558 2321 690 2371 hanc
714 2322 866 2372 Oden
888 2322 957 2373 Α.
991 2323 1051 2372 C.
1078 2328 1224 2374 1233.
1253 2326 1336 2376 vel
1361 2329 1506 2375 1234.
1529 2340 1648 2376 cum
1669 2326 1930 2378 ,Iohannes
1951 2322 2268 2374 Brennensis
2298 2335 2472 2371 comes

336 2403 620 2468 Imperium
640 2404 901 2453 Romanioe
924 2414 1259 2469 suscepturus
1283 2406 1413 2456 mari
1437 2406 1745 2469 Byzantium
1770 2411 1995 2470 peteret.
2031 2403 2206 2466 Gesta.)

606 2478 629 2515 Ι
868 2476 898 2513 Ι
1146 2498 1176 2541 Ι
1292 2494 1312 2533 9
1621 2499 1645 2536 Ι
1809 2490 1834 2525 J

530 2540 591 2604 Ο
626 2540 909 2607 NAv1s!
954 2543 1230 2609 referent
1260 2546 1328 2609 in
1361 2564 1544 2610 mare
1579 2552 1638 2611 te
1667 2546 1826 2611 novi

342 2704 386 2751 Ο
424 2704 596 2767 Navis,
624 2705 734 2754 novi
759 2704 945 2769 fluctus
981 2707 1032 2757 in
1065 2721 1193 2767 mare
1226 2678 1275 2756 ie
1305 2709 1546 2759 reducent.
1617 2708 1663 2756 0
1697 2706 1990 2771 quidsoecis?
2025 2704 2258 2754 Firmiter
2284 2708 2471 2766 portum

1185 2837 1552 2859 mmOOO

343 2930 462 2982 Ode
500 2931 727 2982 secunda
751 2933 893 2983 Libri
922 2935 1062 2983 tertii
1087 2935 1137 2983 in
1162 2934 1259 2985 Ed.
1284 2936 1473 2985 Sanad.
1524 2939 1826 3002 Epigraphe
1861 2944 1979 2988 est:
2015 2936 2095 2985 Ad
2122 2930 2474 2995 Rempnblicam

279 2998 441 3046 bellum
473 2996 615 3046 civile
650 3003 976 3060 reparantem3
1022 3000 1123 3054 vel,
1163 3002 1243 3049 Ad
1276 2999 1392 3063 (alii
1436 3002 1522 3065 In)
1575 3004 1650 3052 M.
1690 3004 1921 3058 Brutum,
1957 2998 2215 3066 (nonnulli
2255 2995 2471 3057 addunt,

279 3063 441 3110 bellum
463 3061 601 3109 civile
635 3062 1042 3127 proepnrantem5)
1080 3064 1181 3128 vel,
1215 3066 1295 3113 Ad
1329 3065 1538 3115 Brutum
1557 3069 1791 3124 ornicum5
1840 3068 1940 3129 vel,
1976 3065 2057 3114 Aa
2094 3063 2243 3112 Bruti
2277 3060 2473 3115 navim;

277 3128 377 3189 vel,
411 3125 491 3174 Ad
511 3124 689 3189 navim,
729 3128 880 3175 Bruto
904 3134 1151 3191 reparante
1185 3128 1381 3187 bellum
1442 3132 1546 3194 vel,
1583 3134 1698 3182 Per·
1719 3130 2015 3191 Auegoriam
2038 3131 2073 3179 i.
2097 3143 2135 3177 e.
2162 3125 2474 3176 inversionem

278 3191 355 3239 M.
380 3190 594 3238 Brutum
612 3191 869 3257 alloquitur
888 3207 908 3249 ,-
942 3193 1027 3241 vel
1049 3193 1291 3258 denique,
1327 3194 1390 3242 In
1425 3195 1629 3245 Sextum
1653 3196 1928 3259 Pompeium
1965 3196 2102 3243 civile
2134 3193 2303 3241 bellum
2340 3202 2477 3236 reno·

278 3259 480 3303 mem.
550 3254 707 3303 Gott.
728 3255 941 3304 Lemma
978 3257 1135 3307 habet
1158 3274 1170 3306 ε
1210 3259 1270 3306 In
1286 3259 1449 3307 navim
1467 3262 1526 3309 de
1549 3262 1711 3310 Bruto
1739 3264 1993 3323 reparante
2014 3259 2216 3308 bellum.-
2245 3256 2391 3302 immo
2412 3252 2474 3299 ad

279 3332 419 3381 remp.
442 3320 519 3368 vel
541 3317 739 3368 Sextum
764 3320 1149 3383 Pompeiana-1
1192 3323 1238 3370 0
1258 3324 1397 3372 navis
1416 3325 1632 3384 reserant
1655 3325 1860 3376 emend.
1886 3323 2209 3386 Cuning.-—2
2245 3319 2481 3369 Fluctua?

1271 3452 1484 3504 NOTAE

338 3546 569 3596 Metrnm
588 3554 671 3599 est
685 3548 818 3603 idem
835 3548 972 3612 quod
990 3563 1144 3612 supra
1161 3548 1267 3599 Od.
1288 3565 1333 3598 v.

338 3627 459 3677 Non
484 3642 655 3689 pauca
688 3643 752 3678 ex
787 3628 967 3679 Alcaeo
999 3630 1229 3680 imitatus
1251 3637 1335 3681 est

279 3701 528 3755 Horatius
553 3704 606 3753 in
628 3706 724 3755 hac
748 3702 886 3763 Ode,
907 3703 1059 3771 quam
1084 3705 1198 3756 fere
1226 3722 1333 3758 om·

279 3792 367 3829 nes
386 3780 718 3843 allegoricam
742 3789 1029 3844 agnoscunt
1051 3789 1234 3842 totam,
1255 3784 1333 3846 ip·

280 3868 435 3920 seque
457 3857 767 3907 Quintilian.
792 3872 918 3916 vm.
940 3863 991 3907 6.
1056 3857 1120 3907 In
1143 3873 1207 3908 ea
1229 3873 1338 3909 cer-

278 3936 330 3980 te
349 3933 574 3994 plurima
594 3931 836 3983 dicuntur
864 3932 1043 3999 figuris
1076 3950 1136 3985 ac
1175 3936 1339 3998 tropis

279 4005 527 4071 involuta,
547 4024 662 4087 quae
685 4017 865 4074 aperte
888 4024 1207 4075 nequaquam
1231 4010 1338 4059 dici

280 4079 353 4132 fas
392 4082 594 4134 fuisset.
660 4085 761 4133 Vel
805 4086 1214 4150 Rempublicam‚
1257 4086 1341 4136 vel

282 4159 518 4226 Brutum,
540 4164 625 4212 vel
645 4163 861 4212 Sextum
886 4164 1192 4228 Pompeium
1217 4163 1340 4213 allo·

285 4237 474 4301 quitur,
520 4236 926 4305 dehortaturque
968 4255 998 4289 a
1041 4240 1340 4304 reparandis

410 4317 583 4381 Delph·
606 4324 653 4369 et
676 4318 790 4369 Vor.
810 4320 941 4373 cmo.

1416 3553 1654 3605 civilibus
1680 3553 2004 3613 tumultibus,
2018 3548 2201 3614 quibus
2221 3544 2364 3593 velut
2386 3555 2475 3589 no-

1415 3631 1492 3679 vis
1512 3630 1755 3694 procellis
1778 3644 1879 3679 non
1902 3627 2001 3676 nisi
2028 3622 2225 3686 ingenti
2252 3635 2347 3668 suo
2371 3632 2476 3665 ma-

1416 3706 1466 3755 lo
1488 3706 1803 3768 Respublica
1824 3698 2167 3754 concutienda
2189 3697 2274 3745 sit.

1438 3808 1443 3813 -
1480 3780 1648 3831 Porro
1664 3780 1739 3830 sic
1761 3776 2096 3840 interpretari
2117 3771 2316 3835 singula
2326 3769 2473 3818 nobis

1415 3856 1579 3906 licet:

1481 3931 1657 3987 Navis,
1710 3936 1793 3981 est
1845 3925 2156 3992 Respublica
2209 3923 2440 3972 Romana
2463 3938 2475 3970 ε

1417 4021 1565 4069 mare,
1587 4006 1737 4072 civile
1756 4005 1945 4055 bellum
1964 4021 1977 4054 :
1987 4000 2192 4065 fluctus,
2206 3995 2476 4051 discordiae

1420 4098 1480 4133 ac
1502 4083 1786 4135 tumultun
1813 4086 2000 4145 portus,
2029 4094 2159 4143 pax:
2206 4077 2381 4125 nudum
2403 4088 2476 4121 re-

1415 4161 1565 4223 migio
1585 4160 1728 4224 tatus,
1749 4158 1953 4217 Cassius
1977 4172 2093 4207 cum
2117 4154 2326 4205 sinistro
2365 4164 2478 4199 cor-

1417 4252 1489 4288 nn
1526 4239 1611 4289 cni
1651 4243 1899 4302 praeerat,
1936 4232 2184 4285 militibus
2222 4228 2372 4279 caesis
2414 4239 2475 4273 ac

1288 4320 1468 4372 Horat.
2319 4307 2346 4356 Ῑ
