3059 4909
951 405 1367 457 οΑΒΜιΝυΜ
1421 397 1566 457 ma.
1614 409 1704 477 11,
1740 393 1845 458 19.

2366 395 2496 463 351

1148 678 1347 759 ODE
1415 680 1645 747 XIX.

317 811 691 939 acuat«

1152 869 1234 923 ιΝ
1276 869 1674 933 amenum.

777 1003 1029 1055 Horatius
1045 1019 1202 1070 super
1225 1005 1346 1057 vino
1370 984 1552 1058 cantat
1573 1005 1754 1057 laudes
1779 1006 1990 1058 Bacchi.

571 1087 590 1114 ‘
606 1087 764 1138 Satur
785 1094 865 1138 est
882 1101 1000 1137 cum
1020 1087 1147 1138 dicit
1171 1088 1440 1154 Horatius,
1472 1089 1599 1139 Evoe
1622 1087 1665 1138 l'
1702 1089 1946 1142 Juvenal.
1963 1101 2069 1141 vn.
2086 1093 2170 1140 62.

1056 1184 1087 1233 ²
1304 1200 1331 1252 t

635 1234 1015 1301 BAccHUM
1048 1237 1117 1314 in
1148 1239 1421 1304 remotis

632 1315 1397 1453 Vidi'docebtemstcrffd

1423 1178 2066 1407 Uadi-minaerdpibug

1457 1363 1495 1408 e
1525 1324 1807 1459 po‘sten)
1849 1415 1856 1429 ι

720 1440 900 1527 Nym
951 1421 1210 1529 hasque
1240 1418 1606 1524 discentes,
1633 1450 1700 1510 et
1729 1463 1930 1509 aures

807 1544 863 1611 C
910 1520 1272 1633 pripedu‘m
1305 1522 1697 1636 Satyro‘rum
1728 1524 1987 1614 acutas.

347 1732 600 1784 Bacchum
616 1749 783 1784 versus
797 1735 1057 1785 dictantem
1080 1735 1134 1785 iu
1153 1734 1348 1787 secretis
1376 1735 1544 1800 aspexi
1564 1736 1800 1800 cautibus,
1820 1743 1869 1788 et
1894 1737 2141 1802 Nymphas
2160 1737 2504 1797 auscultantes,

285 1806 589 1864 arrectasque
619 1815 758 1851 atores
789 1800 1075 1866 Satyrorum
1113 1802 1329 1866 caprinos
1354 1805 1499 1867 pedes
1524 1802 1817 1855 habentium.
1883 1804 1934 1853 F
1932 1806 2054 1854 idem
2087 1798 2274 1868 habete}
2289 1806 2498 1866 nepotes.

353 2045 474 2098 Ode
510 2046 788 2098 undecima
827 2045 972 2098 Libri
1009 2046 1163 2113 primi
1190 2048 1260 2115 lin
1303 2047 1402 2099 Ed.
1443 2047 1633 2099 Sanad.
1703 2047 1873 2100 Codd.
1900 2046 2160 2100 Torrentii
2184 2047 2499 2113 inscribunt,

1283 2198 1503 2252 NOTAE

351 2311 590 2362 Mettum
606 2311 746 2363 idem
770 2312 909 2379 quod
932 2327 1086 2379 supra
1116 2328 1154 2365 1.
1175 2312 1282 2365 Od.
1303 2317 1355 2366 9.

352 2393 380 2438 1
419 2389 664 2438 Bacchum
681 2389 735 2439 iu
755 2393 967 2447 remotis,
999 2389 1109 2456 ξω]
1141 2391 1355 2442 Festum

288 2465 474 2517 Poetis
500 2466 695 2516 Bacchi
711 2467 868 2530 diem,
887 2469 1206 2534 epulumque
1228 2476 1354 2520 tuuc

1438 2331 1471 2366 a
1505 2315 1732 2381 strepitu
1764 2316 2094 2382 tumultuque
2130 2314 2389 2380 populari,
2415 2330 2504 2366 ur·

1437 2392 1593 2450 bano,
1614 2392 1826 2443 forensi.
1882 2392 2018 2444 Nam
2052 2392 2234 2459 (Ovid.
2267 2394 2431 2444 Trist.
2467 2407 2506 2443 ι.

1439 2474 1485 2521 1.
1509 2468 1619 2533 41.)
1682 2469 1699 2498 ‘
1726 2470 1969 2520 Carmina
1986 2484 2245 2521 secessum
2272 2471 2502 2521 scriben-

289 2543 567 2595 Poiiticum
591 2542 772 2609 fuisse,
795 2561 1102 2612 sacrumque
1124 2546 1356 2605 celebre,
1433 2546 1504 2597 tis
1527 2553 1584 2597 et
1606 2547 1711 2596 otia
1735 2545 2010 2612 quaerunt.’

290 2630 345 2674 et
368 2623 635 2689 Hymnum
671 2627 937 2677 solennem
976 2626 1248 2677 decantari
1280 2641 1359 2676 so-

288 2703 463 2767 litum,
525 2711 770 2755 constat:
827 2711 1178 2772 auctoresque
1235 2710 1361 2756 sunt

292 2782 452 2833 Ovid.
477 2783 640 2833 Trist.
668 2798 724 2834 v.
748 2789 797 2835 3.
826 2791 883 2835 et
919 2785 1170 2850 Propert.
1206 2798 1282 2835 ιν.
1307 2788 1359 2835 6.

292 2860 404 2910 sive
424 2860 564 2926 quod
589 2861 748 2912 Liber
763 2860 822 2913 et
838 2861 1030 2928 Apollo
1047 2864 1196 2913 Deus
1220 2861 1358 2914 idem

292 2944 393 2999 est,
413 2944 487 3005 ut·
507 2938 740 3002 pluribus
772 2939 965 2990 asserit
990 2938 1230 2990 Macrob.
1266 2939 1360 2989 Sa·

293 3022 432 3064 turn.
451 3029 492 3066 1.
514 3018 595 3070 18.
609 3029 672 3066 ac
694 3015 942 3067 evincunt
965 3015 1192 3082 AEscbyli
1217 3016 1362 3067 Euri·

292 3093 533 3159 pidlsque
543 3093 1045 3146 testimoniaibidem
1057 3096 1233 3147 allata.
1250 3095 1364 3146 AEs·

293 3170 432 3235 chyl.
472 3171 741 3237 Ἄπολλον,
782 3169 821 3221 ὦ
855 3169 1036 3234 Βάκχε,
1083 3169 1122 3221 ὦ
1165 3169 1362 3222 Μάντις.

293 3248 532 3314 Euripid.
564 3248 849 3315 Φιλόδαφνε,
880 3249 1061 3313 Βάκχε,
1091 3249 1263 3315 Παιὰν,
1275 3249 1361 3300 ’'A-

290 3333 501 3388 πολλον,
530 3326 727 3392 Rumpe.
801 3328 922 3379 Sive
944 3326 1083 3395 qnod
1105 3328 1364 3391 Bacchus,

292 3402 344 3451 id
370 3412 476 3467 est,
499 3404 694 3468 vinum,
712 3404 1000 3456 scribendis
1024 3404 1260 3455 versibus
1286 3403 1362 3454 in·
1388 3445 1405 3455 ,

294 3482 504 3543 genium
529 3489 768 3533 exacuat.
809 3481 986 3545 Unde,
1016 3496 1173 3549 supra
1194 3496 1233 3534 1.
1256 3481 1361 3532 od.

293 3561 342 3607 9.
414 3565 429 3586 ‘
459 3558 620 3609 Nulla
659 3558 872 3624 placere
914 3558 1004 3609 diu
1044 3574 1143 3610 nec
1187 3559 1364 3609 vivere

294 3635 529 3687 carmina
593 3644 811 3700 possunt
869 3638 1005 3690 Quoe
1062 3635 1366 3687 scribuntur

295 3729 445 3777 aquae
508 3712 816 3778 potoribus,'
863 3716 965 3763 διο.
1040 3713 1117 3763 Ut
1167 3712 1366 3763 Noster

296 3792 508 3856 egregie
552 3791 713 3844 docet
759 3807 798 3843 ι.
845 3792 1014 3857 Epist.
1047 3796 1130 3842 19.
1204 3790 1364 3840 Istius

297 3869 464 3933 igitur
493 3870 698 3932 generis
720 3869 961 3934 Hymnus
990 3875 1075 3919 est
1092 3868 1229 3920 Ode
1252 3865 1365 3918 haec'

254 3948 258 3951 “
297 3947 701 4013 elegantissima,
741 3953 799 3998 et
842 3962 958 4013 quae
1001 3961 1126 3996 sane
1176 3945 1367 4010 probet

298 4030 313 4053 ⁸
335 4024 616 4089 benignam
647 4025 841 4090 ingenii
869 4023 1092 4088 venam,'
1123 4037 1225 4089 qua
1257 4023 1366 4085 glo-

299 4102 531 4153 riabatur
554 4101 742 4165 Poeta,
770 4101 891 4153 Ode
912 4100 1184 4166 superiori.
1228 4099 1366 4150 'Palis

303 4180 459 4231 etiam
497 4192 586 4230 ιιι.
624 4178 730 4230 od.
763 4183 846 4230 25.
900 4179 971 4230 Et
1000 4179 1248 4244 Propert.
1281 4189 1365 4227 111.

304 4259 384 4308 16.

371 4333 432 4384 Iu
465 4333 659 4384 remotis
687 4338 902 4387 cartuiua
928 4337 1151 4403 rupibus]
1187 4337 1367 4404 Longe

1503 2628 1537 2674 2
1578 2623 1691 2675 Vidi
1711 2624 1976 2690 docentem]
2008 2623 2096 2674 Sic
2134 2629 2192 2674 et
2221 2622 2360 2689 apud
2384 2623 2508 2674 Vir-

1440 2700 1531 2765 gil.
1573 2702 1755 2766 Eclog.
1793 2715 1871 2754 vr.
1930 2702 2138 2753 Silenus
2176 2701 2228 2751 in
2277 2706 2432 2756 antro
2473 2717 2505 2752 a

1440 2778 1620 2842 pueris
1645 2776 2003 2843 Nymphisque
2032 2776 2383 2842 deprehensus
2417 2791 2506 2841 pe-

1442 2855 1543 2906 tita
1564 2854 1757 2906 dudum
1789 2854 2022 2906 carmina
2046 2852 2257 2905 tandem
2290 2853 2505 2918 pangit:

1442 2933 1458 2961 ⁴
1484 2933 1620 2983 Satis
1652 2939 1735 2983 est
1771 2932 1999 2998 potuisse
2027 2930 2209 2981 videri.
2267 2928 2511 2980 Carmina

1441 3024 1559 3077 quae
1583 3013 1737 3062 vultis
1760 3008 2100 3077 cognoscite,'
2115 3012 2213 3059 διο.
2402 3044 2412 3053 .

1508 3091 1540 3138 8
1577 3088 1909 3154 Nymphasque
1930 3087 2189 3152 discentes]
2225 3087 2402 3137 Musas
2431 3086 2507 3135 in-

1444 3165 1640 3230 tellige.
1691 3167 1780 3218 Sic
1819 3167 1999 3230 Eclog.
2040 3179 2138 3216 vn.
2162 3169 2246 3216 21.
2301 3167 2318 3194 ⁶
2344 3163 2512 3230 Nym-

1442 3243 1580 3308 phae,
1617 3253 1793 3295 noster
1824 3259 1987 3304 amor,
2028 3230 2379 3305 Libethrides,
2419 3248 2510 3292 aut

1444 3320 1567 3371 mihi
1590 3336 1818 3387 carmen,
1838 3322 2009 3375 Quale
2032 3335 2147 3372 meo
2174 3319 2368 3384 Codro,
2387 3334 2509 3370 con·

1445 3396 1655 3449 cedite?

1509 3477 1670 3526 Aures
1689 3477 2005 3542 Capripedum
2028 3475 2309 3543 Satyrorum
2325 3473 2514 3539 acutas]

1444 3554 1545 3607 Vel
1581 3554 1635 3604 in
1670 3569 1885 3605 acumen
1925 3553 2095 3605 factas
2135 3561 2190 3604 et
2227 3553 2510 3604 formatas:

1448 3633 1581 3683 tales
1616 3632 1755 3683 enim
1790 3633 1988 3684 habere
2026 3633 2270 3684 dicuntur
2301 3632 2509 3696 Satyri:

1447 3710 1529 3760 vel
1567 3711 1631 3761 ad
1675 3710 1986 3761 audiendum
2023 3717 2245 3773 erectas,
2282 3718 2511 3775 paratas,

1446 3787 1644 3857 ayidas.
1682 3788 1899 3838 Lucian.
1928 3788 1991 3838 Οἱ
2009 3786 2060 3837 δὲ
2081 3785 2282 3852 Σάτυροι
2302 3785 2426 3850 ὀξεῖς
2447 3786 2513 3836 τὰ

1445 3864 1563 3930 ὦτα,
1610 3864 1688 3915 καὶ
1732 3865 1867 3916 αὐτοὶ
1913 3865 2167 3931 φαλακροί.
2239 3867 2306 3917 Et
2355 3864 2509 3915 alibi:

1446 3942 1547 3992 ὦτα
1564 3943 1757 4006 μεγάλα
1772 3943 1900 4010 ὄρθια
1923 3945 2052 3995 dicit
2082 3943 2319 3997 habuisse
2355 3958 2512 3994 unum

1447 4037 1477 4072 e
1498 4022 1748 4072 Baccliici
1769 4022 2030 4074 exercitus
2055 4022 2293 4088 ducibus,
2314 4035 2514 4083 magnas

1447 4114 1587 4150 aures
1615 4105 1787 4151 rectas.
1845 4101 2057 4165 Dialog.
2097 4100 2181 4151 cui
2218 4100 2300 4151 tit.
2335 4099 2350 4126 ‘
2376 4098 2513 4149 Bac·

1451 4179 1615 4233 chus-⁹
1651 4180 1810 4232 Ovid.
1845 4180 2002 4232 Trist.
2039 4194 2094 4230 v.
2132 4184 2179 4230 3.
2214 4182 2296 4229 36.
2348 4179 2363 4207 ‘
2389 4179 2512 4238 Fer,

1446 4258 1585 4309 bone
1620 4258 1798 4322 Liber,
1822 4256 2007 4324 opem,’
2027 4265 2112 4309 et:
2146 4258 2161 4285 ‘
2176 4257 2265 4308 Sic
2285 4255 2378 4306 tibi
2394 4269 2512 4304 cum

1448 4337 1669 4390 Bacchis
1710 4337 2009 4403 Satyrorum
2056 4349 2223 4401 gnava
2256 4334 2514 4400 juventus
