3059 4909
940 443 1359 494 caninium
1411 447 1554 496 ma.
1601 446 1650 495 1.
1693 430 1800 497 28.

2326 433 2454 498 195

443 583 848 648 Particulam
867 585 1056 653 dare:
1090 588 1213 665 sic,
1235 554 1707 673 quodcumque
1736 590 2089 662 minabitur
2107 590 2327 657 Eurus
2369 593 2457 658 25

531 685 887 751 Fluctibus
916 687 1292 773 HesperiiS,
1323 691 1695 757 Venusinae

288 869 450 922 tionem
469 872 664 935 injicere
683 874 862 924 ossibus
882 876 929 925 et
950 876 1097 940 capiti
1118 876 1363 940 insepulto.
1428 877 1510 928 Ita
1530 879 1752 944 quicquid
1773 882 1937 931 Eurus
1963 880 2262 931 minitabatur
2289 877 2455 927 Italico

1190 1002 1366 1024 000000
1369 1004 1548 1025 000000

283 1079 453 1131 Jones.
477 1080 546 1132 ob
560 1080 901 1132 hiatum.-25
937 1082 1117 1134 Codex
1141 1083 1433 1137 Helmstad.
1465 1086 1511 1136 si
1536 1090 1977 1153 quodcunque—28
2019 1088 2154 1139 Unde
2170 1087 2298 1151 potis
2319 1084 2454 1148 conj.

1261 1197 1474 1249 NOTAE
2062 1207 2066 1212 ’

284 1297 349 1353 ιο,
368 1307 540 1357 quem,
560 1293 615 1343 in
641 1293 759 1356 ipso
790 1294 968 1345 statim
991 1295 1136 1347 Odes
1158 1295 1328 1360 initio,

281 1371 486 1434 pulvere
514 1378 828 1430 contectum
872 1372 983 1423 ait?
1037 1373 1178 1423 Satis
1219 1378 1331 1424 erat

280 1446 470 1509 quippe
484 1446 567 1495 vel
581 1445 786 1496 minima
798 1454 938 1497 terra
950 1455 1148 1511 partem
1158 1464 1329 1514 quam·

279 1522 411 1584 piam
435 1522 667 1586 corporis
689 1523 827 1586 tegi?
890 1524 1101 1574 Scilicet
1122 1539 1328 1575 arenam

277 1605 413 1647 mare
430 1597 733 1648 advolverat
748 1599 1135 1664 aliquantulam,
1148 1610 1200 1650 et
1216 1615 1332 1650 cor-

279 1688 370 1737 pus
395 1677 678 1737 utcumque
702 1682 924 1726 texerat.
991 1675 1062 1728 At
1085 1677 1330 1742 numquid

278 1750 384 1801 haec
410 1757 524 1800 erat
545 1750 772 1813 legitima
795 1755 1099 1822 sepultura?
1155 1755 1332 1804 Talem

280 1842 400 1877 vero
425 1830 598 1891 poscit
620 1826 893 1893 Archytas,
928 1832 945 1859 ‘
961 1831 1049 1894 qui
1089 1831 1223 1898 solus
1245 1832 1332 1879 ho·

278 1916 370 1952 nos
393 1901 688 1954 Acheronte
720 1904 813 1954 sub
847 1905 950 1954 imo
983 1904 1099 1966 est,’
1131 1920 1197 1954 ex
1219 1905 1334 1964 Yir-

276 1979 363 2043 gil.
381 1978 586 2029 AEneid.
605 1993 682 2028 xi.
696 1984 778 2030 23.
814 1981 890 2030 Eo
912 1994 1062 2044 porro
1081 1982 1166 2045 qui
1192 1994 1338 2030 care·

276 2056 421 2118 baut,
442 2070 599 2105 annos
623 2064 832 2107 centum
870 2071 1065 2118 errare,
1103 2063 1333 2106 veterum

279 2132 584 2196 superstitio
625 2132 973 2183 existimabat.
1036 2133 1221 2198 virgil.
1247 2133 1333 2182 AE-

278 2207 418 2258 neidz
442 2221 521 2256 vr.
542 2208 684 2257 325.ι
701 2208 832 2257 Haec
850 2208 1033 2271 omnis,
1054 2223 1204 2273 quam
1223 2222 1336 2258 cer·

281 2285 380 2346 nis,
426 2283 574 2348 inops
616 2283 980 2348 inhumataque
1023 2284 1173 2335 turba
1216 2290 1331 2333 est:

282 2358 515 2410 Portitor
536 2360 625 2409 ille
660 2359 897 2413 Charon:
929 2361 1002 2422 hi,
1034 2375 1160 2425 quos
1196 2354 1335 2411 vehit

284 2435 440 2500 unda,
464 2436 671 2499 sepulti.
738 2437 856 2487 Nec
878 2438 1019 2501 ripas
1043 2439 1198 2488 datur
1218 2438 1336 2486 hor-

283 2510 468 2562 rendas
502 2527 601 2562 nec
635 2528 790 2564 rauca
822 2512 1020 2564 fluenta
1050 2516 1330 2577 Transpor·

285 2593 397 2636 tare
432 2587 594 2651 prius,
624 2603 779 2653 quam
813 2590 1022 2640 sedibus
1055 2604 1170 2641 ossa
1191 2590 1332 2654 quie-

286 2669 420 2712 runt.
462 2663 684 2713 Centum
706 2673 879 2716 errant
897 2680 1076 2730 annos,
1099 2667 1340 2716 volitant·

286 2753 384 2802 que
405 2738 517 2789 haec
538 2739 715 2789 littora
729 2741 952 2790 circum:
988 2743 1117 2791 Tum
1137 2742 1339 2790 demum

289 2813 495 2864 admissi
550 2823 734 2880 stagna
776 2826 1029 2883 exoptata
1073 2817 1338 2871 revisunt!

287 2890 441 2942 Adde
482 2893 618 2957 quod
655 2892 812 2944 habet
845 2894 997 2945 Alex.
1024 2895 1091 2944 ab
1111 2893 1264 2945 Alex.
1284 2908 1339 2945 v-

287 2971 369 3017 26.
404 2967 496 3017 ubi
518 2969 594 3017 sic
616 2969 831 3019 scribit:
866 2971 882 2998 ‘
908 2970 1038 3020 Ludi
1061 2970 1126 3020 ad
1148 2971 1343 3020 Taren-

289 3048 396 3093 tum
418 3044 706 3095 Saeculares
722 3046 869 3108 dicti,
883 3048 969 3110 qui
991 3047 1204 3109 singulis
1226 3059 1344 3095 ceu·

240 3131 245 3138 ’
290 3125 399 3170 ιιιιιι
421 3122 569 3170 annis
592 3135 658 3170 ex
683 3128 948 3186 praecepto
974 3121 1343 3186 Sibyllinorum

290 3197 569 3247 carminum
591 3196 787 3248 fiebant
820 3196 884 3247 ad
923 3197 1201 3262 placandos
1231 3196 1344 3246 Ma-

289 3283 405 3322 nes:
440 3287 655 3338 quorum
676 3280 857 3323 auctor
876 3274 1050 3324 Valer.
1077 3273 1346 3324 Publicola

296 3381 310 3395 .
330 3381 344 3396 .
363 3383 378 3398 .
416 3348 663 3398 Proditur
684 3349 950 3400 decretum
974 3349 1109 3399 inter
1127 3348 1345 3399 Pontifi-

292 3438 380 3473 ces
399 3429 458 3476 ut
471 3424 517 3474 si
533 3424 783 3475 defuncto
799 3423 1040 3475 cadaveri
1054 3425 1197 3489 justa
1211 3425 1346 3489 quis·

293 3499 431 3563 piam
454 3500 701 3550 exhibere
730 3501 858 3561 vult,
888 3507 943 3551 et
981 3514 1046 3550 au
1083 3502 1344 3550 humatum

292 3582 434 3626 esset
466 3575 521 3625 in
542 3575 755 3624 dubium
778 3577 1000 3639 veniret,
1027 3577 1154 3626 satis
1190 3576 1348 3626 habe·

297 3657 412 3701 rent
448 3650 496 3700 si
532 3649 838 3714 quibusdam
860 3652 1019 3702 sacris
1042 3652 1348 3714 precationi·

296 3726 495 3792 busque
534 3727 781 3777 exhibitis
813 3728 1013 3792 glebam
1037 3728 1239 3779 absenti
1263 3742 1347 3777 ca-

298 3803 470 3856 daveri
494 3811 584 3853 aut
607 3810 796 3853 terram
828 3804 1124 3868 injicerent,
1163 3812 1348 3868 terque

299 3878 493 3944 injecto
520 3881 781 3943 pulverea
796 3881 911 3931 labe
929 3883 1116 3931 erroris
1132 3880 1353 3930 cadaver

299 3969 576 4021 manesque
608 3958 846 4021 expiatos
879 3958 1160 4009 ducerent·
1195 3962 1353 4021 atque

300 4031 342 4079 si
378 4040 565 4096 operto
602 4031 753 4082 humo
784 4032 1059 4098 cadavere,
1089 4047 1146 4083 os
1169 4047 1354 4101 exicep-

301 4112 407 4158 tnm
423 4107 631 4170 fuisset,
647 4089 813 4159 donec
838 4117 1106 4173 purgetur,
1129 4110 1352 4165 inhuma-

305 4192 411 4236 tum
459 4186 645 4238 videri.
648 4186 662 4208 ’
727 4186 860 4236 Haec
897 4187 1003 4237 ille.
1065 4187 1228 4252 Atqui
1268 4187 1351 4236 hic

303 4263 575 4318 inhumato
589 4262 750 4327 capiti
775 4277 948 4313 arenas
978 4263 1090 4314 dari
1127 4263 1354 4328 particu-

1408 1299 1510 1348 lam
1535 1305 1648 1349 orat
1665 1273 1943 1367 Archytas.
1976 1299 2116 1359 Ergo
2133 1302 2292 1373 caput
2308 1308 2458 1383 oper-

1410 1382 1519 1424 tum
1536 1389 1637 1423 non
1655 1383 1797 1436 erat3
1824 1388 1926 1440 qua
1940 1376 2173 1438 corporis
2196 1371 2460 1436 praecipua

1358 1459 1564 1518 parte
1586 1465 1686 1500 nou
1710 1457 1967 1511 contecta,
2002 1450 2314 1513 insepultum
2339 1463 2459 1497 cen-

1412 1527 1508 1575 seri
1535 1526 1691 1577 debet
1714 1542 1918 1591 corpus.
1983 1526 2134 1578 Quod
2159 1525 2398 1590 quidem
2387 1539 2462 1573 ιιι-

1413 1602 1665 1667 telligitur
1689 1618 1754 1652 ex
1776 1604 2035 1654 sententia
2059 1601 2462 1654 Jurisconsulto-

1413 1694 1546 1739 rum,
1577 1679 1715 1742 apud
1752 1694 1874 1744 quos
1907 1694 2108 1728 sacrum
2141 1677 2361 1727 habetur
2383 1690 2463 1726 se·

1415 1756 1649 1819 pulcrum
1685 1754 1736 1803 in
1774 1769 1872 1818 quo
1905 1753 2165 1818 conditum
2204 1754 2271 1802 sit
2305 1759 2464 1815 caput
2499 1755 2506 1767 ¹

1412 1831 1646 1891 hominis,
1674 1830 1873 1884 etiamsi
1899 1831 2092 1896 reliqua
2114 1829 2285 1879 absint
2307 1842 2464 1878 mem-

1413 1907 1543 1956 bra:
1588 1907 1714 1956 item
1750 1905 1947 1956 offenso
1985 1907 2180 1970 capite,
2222 1905 2464 1955 violatum

1413 1982 1635 2033 habetur
1653 1984 1965 2047 sepulcrum,
1984 1982 2220 2047 quoniam
2238 1996 2331 2031 arx
2348 1995 2465 2029 sen-

1414 2073 1562 2107 suum
1605 2066 1659 2107 et
1702 2058 1914 2108 rationis
1957 2065 2113 2121 caput
2155 2065 2256 2120 est,
2303 2067 2466 2119 eoque

1417 2142 1585 2184 amoto
1617 2142 1792 2185 cetera
1827 2150 2061 2198 prorsum
2095 2135 2278 2199 ignota
2309 2130 2468 2181 omni-

1415 2226 1516 2275 que
1539 2211 1724 2262 decore
1733 2212 1918 2276 jacent
1936 2218 2123 2272 exuta3
2147 2216 2203 2260 et
2223 2206 2466 2273 quicquid

1414 2287 1619 2337 honoris
1642 2285 1990 2337 contribuitur
2017 2285 2196 2349 capiti,
2228 2283 2468 2333 universo

1417 2364 1571 2427 plane
1614 2362 1821 2426 corpori
1862 2361 2166 2411 attributum
2207 2357 2467 2408 existima·

1416 2445 1539 2488 tur:
1602 2453 1718 2502 quae
1767 2436 2025 2486 Ambrosii
2074 2434 2329 2484 sententia
2372 2438 2470 2481 est·

1412 2512 1548 2563 Haec
1574 2513 1808 2576 apposite
1833 2513 1962 2561 Coel.
1986 2510 2202 2572 Rhodig.
2226 2521 2365 2556 xvn.
2389 2510 2468 2555 19.

1479 2593 1542 2639 25
1580 2589 1684 2651 Sic,
1707 2590 2022 2652 quodcumque
2046 2583 2321 2646 minabitur,
2354 2582 2465 2646 ξω]

1418 2667 1505 2716 Sic
1529 2674 1585 2715 te
1608 2667 1771 2728 pietas
1792 2664 2048 2713 numinum
2073 2661 2139 2710 ab
2158 2659 2292 2708 omni
2313 2657 2475 2706 vindi·

1421 2747 1506 2793 cet
1528 2742 1681 2804 malo,
1703 2748 1857 2805 teque
1880 2738 2022 2787 bonis
2042 2737 2287 2797 cumulet,
2310 2740 2370 2783 ιιι
2392 2747 2473 2781 er-

1418 2833 1482 2884 ga
1505 2833 1587 2867 me
1613 2819 1721 2879 pius
1745 2814 1925 2877 fue'ris,
1945 2820 2000 2863 et
2025 2827 2139 2877 quae
2169 2810 2317 2874 justa
2350 2813 2471 2871 peto

1421 2893 1757 2946 concesseris.
1821 2894 1958 2955 Ergo
1989 2890 2033 2940 si
2070 2904 2152 2938 me
2186 2885 2471 2950 sepelieris,

1422 2975 1665 3020 avertant
1712 2967 1797 3018 Dii
1826 2982 1858 3016 a
1891 2973 1944 3017 te
1989 2963 2214 3030 pericula
2255 2968 2475 3023 tempes-

1425 3053 1611 3112 tatum,
1652 3050 2024 3107 ventorumque
2078 3039 2303 3089 furorem
2347 3036 2474 3085 mari

1423 3120 1561 3186 quod
1608 3118 1822 3182 navigas
1866 3116 2168 3167 minantium
2216 3114 2266 3161 iu
2306 3112 2477 3175 sylvas

1424 3197 1733 3262 propinquas
1755 3194 2039 3258 depellant,
2061 3191 2271 3253 insuper
2302 3196 2473 3237 autem

1425 3281 1479 3323 et
1499 3279 1752 3339 quaestum
1773 3272 2072 3333 lucrumque
2106 3276 2249 3316 tuum
2277 3278 2478 3327 promo-

1428 3357 1613 3401 veant:
1666 3348 1898 3411 adeoque
1948 3345 2018 3395 sit
2071 3343 2243 3405 exigui
2286 3339 2478 3389 laboris

1428 3431 1540 3490 pro·
1567 3440 1649 3475 me
1681 3423 1756 3475 tui
1792 3436 1989 3472 merces
2034 3421 2197 3469 multa
2242 3416 2308 3466 ab
2341 3417 2477 3468 Jove

1430 3503 1779 3566 Neptunoque
1808 3510 2068 3549 concessa.

1499 3577 1678 3640 Eurus]
1700 3574 1920 3639 Syuecd.
1944 3585 2036 3636 pro
2057 3567 2290 3634 quolibet
2310 3567 2482 3615 vento.

1429 3653 1528 3703 Ille
1563 3652 1754 3701 dicitur
1798 3650 1863 3698 ab
1906 3644 1967 3695 ἔω
2009 3643 2143 3707 ῥέων,
2189 3641 2251 3689 ab
2303 3640 2481 3688 oriente

1414 3729 1608 3793 fluens3
1642 3728 1741 3776 alio
1781 3723 1986 3773 nornine
2023 3717 2310 3778 ἂιήλιῶτης·
2377 3716 2480 3765 Ro-

1430 3806 1594 3854 manis
1664 3807 1836 3852 autern
1906 3796 2077 3849 nautis
2147 3793 2479 3844 Subsolanus.

1432 3880 1572 3930 Gen.
1596 3892 1659 3930 ιι.
1681 3881 1764 3927 22.

1496 3959 1561 4004 26
1579 3953 1823 4003 Fluctibus
1834 3948 2103 4014 Hesperiis]
2117 3946 2322 3999 Italiam
2338 3945 2487 3996 Grae·

1433 4031 1481 4081 ci
1521 4029 1826 4094 Hesperiam
1850 4028 2051 4091 dixere,
2084 4023 2219 4091 quod
2256 4023 2324 4073 sit
2358 4021 2485 4085 ipsis

1430 4106 1494 4158 ad
1518 4120 1786 4156 occasum.
1821 4104 1912 4154 hos
1934 4102 2122 4152 imitati
2145 4098 2324 4148 Ροὲιεε
2349 4096 2487 4147 Lati·

1412 4185 1484 4235 ui
1515 4184 1714 4249 pariter
1742 4194 2009 4233 vocavere.
2076 4177 2257 4240 Virgil.
2285 4173 2484 4226 AEneid.

1433 4264 1609 4311 1.534.
1642 4259 1658 4287 ‘
1684 4260 1779 4310 Est
1809 4259 1973 4321 locus,
2007 4254 2315 4319 Hesperiam
2339 4248 2486 4300 Graii
