3059 4909
459 374 546 439 40
1047 383 1514 435 τΕετιΜοΝιΑ
1564 384 1661 433 ns
1710 382 2076 433 nonturno.

722 529 902 607 Nec,
933 548 1105 613 quos
1125 528 1440 613 Thynica
1467 528 1635 594 lima
1663 526 2046 613 perpolivit,

715 629 1065 710 Annellos,
1096 650 1224 698 nec
1254 631 1542 715 Jaspios
1571 629 1867 714 lapillos.

1206 805 1498 871 Martial.
1533 820 1698 870 vm.
1730 803 1840 870 18.

457 924 573 988 Sic
606 922 802 990 Maro
832 943 952 989 nec
976 921 1251 989 Calabri
1274 923 1561 992 tentavit
1588 922 1883 988 carmina
1913 921 2165 1002 Flacci,

544 1024 945 1092 Pindaricos
975 1031 1216 1110 posset
1238 1045 1389 1091 cum
1418 1045 1732 1110 superare
1761 1025 2018 1092 modos.

1074 1207 1326 1274 Lucan.
1358 1207 1446 1273 ad
1476 1207 1673 1295 Calp.
1703 1208 2046 1275 Pisonem.

455 1325 968 1412 Ausoniamque
999 1326 1240 1413 chelyn
1264 1329 1537 1411 gracilis
1566 1330 1885 1414 patefecit
1912 1328 2183 1422 Horati.

1174 1508 1435 1577 Auson·
1466 1511 1555 1576 ad
1587 1511 1944 1596 Nepotem.

448 1626 551 1692 ΤΘ
585 1636 964 1710 praeeunte,
997 1628 1261 1714 Nepos,
1289 1630 1631 1696 modulata
1656 1628 1968 1714 poemata
1999 1626 2234 1694 Flacci

449 1731 957 1818 Altisonumque
988 1732 1222 1798 iterum
1245 1733 1353 1799 fas
1384 1739 1487 1800 est
1512 1732 1835 1822 didicisse
1868 1730 2232 1797 Maronem.

1019 1913 1111 1979 D.
1146 1912 1430 1978 Hieron.
1462 1907 1731 1978 Praefat.
1761 1912 1834 1977 in
1864 1910 2103 1976 Chron.

539 2026 726 2107 Quid
757 2030 1096 2098 Psalterio
1128 2033 1487 2099 canorius?
1543 2031 1749 2116 quod,
1789 2031 1858 2096 in
1892 2049 2149 2095 morem
2178 2028 2392 2093 nostri
2423 2027 2652 2093 Flacci

446 2137 518 2195 et
541 2131 766 2197 Graeci
784 2131 1084 2213 Pindari,
1103 2154 1278 2200 nnnc
1299 2135 1541 2200 lambo
1568 2134 1795 2211 currit,
1816 2152 1993 2198 nunc
2012 2131 2291 2197 Alcaico
2317 2137 2652 2215 personat,

448 2252 626 2299 nunc
655 2231 1005 2318 Sapphico
1034 2240 1267 2315 tumet,
1296 2254 1477 2301 nunc
1507 2234 1853 2320 semipede
1878 2233 2256 2317 ingreditur.

905 2418 1136 2486 Sidon.
1165 2416 1471 2504 Apollin.
1501 2416 1719 2502 Epist.
1744 2416 1830 2483 ad
1859 2416 2200 2501 Lamprid.

539 2535 625 2600 In
675 2534 938 2623 Lyricis
984 2537 1308 2603 Flaccum
1344 2542 1627 2603 secutus
1670 2556 1851 2602 nunc
1886 2535 2218 2603 ferebatur
2248 2537 2317 2601 in
2345 2534 2651 2601 Iambico

447 2637 647 2716 cituS,
675 2641 797 2703 Sto.

534 2736 623 2806 Et
652 2740 858 2805 alibi:

970 2826 1204 2909 Stylus
1220 2831 1355 2891 aut
1386 2823 1844 2904 Maronianus,

704 2927 849 2993 Aut
875 2947 1012 3012 quo
1042 2935 1117 2993 tu
1144 2927 1412 2992 Latium
1441 2928 1626 3004 beas,
1661 2926 1934 3007 Horati,

704 3028 946 3095 Alcaeo
975 3030 1199 3113 potior
1228 3028 1536 3113 Lyristes
1564 3030 1741 3115 ipso.

1276 3206 1653 3278 comment.
1681 3206 1843 3275 Vet.

532 3323 812 3390 Horatii
841 3324 1062 3391 Satira
1088 3325 1263 3391 inter
1293 3327 1540 3393 Lucilii
1590 3334 1660 3392 et
1704 3327 1751 3393 J
1757 3327 2058 3392 uvenalis
2101 3326 2385 3392 Satiram
2427 3325 2652 3394 media

437 3433 578 3491 est.
637 3426 735 3492 *N
739 3447 848 3493 am
880 3437 949 3495 et
976 3428 1420 3513 asperitatem
1457 3430 1665 3497 habet
1697 3434 1771 3494 ut
1799 3429 2127 3507 Lucilius,
2155 3436 2224 3494 et
2251 3430 2650 3498 suavitatem

443 3535 519 3595 ut
543 3528 590 3594 J
592 3531 913 3595 uvenalis.

1022 3679 1093 3745 J.
1124 3680 1316 3765 Lips.
1353 3680 1565 3764 Epist.
1600 3679 1862 3760 Quaest.
1896 3697 1980 3745 11.
2006 3680 2072 3745 9.

531 3794 890 3877 Horatius,
915 3800 985 3864 in
1005 3798 1231 3866 Satira
1250 3800 1591 3885 placidus,
1613 3800 1804 3878 lenis,
1830 3799 2123 3883 quietus,
2147 3805 2372 3865 monet
2389 3797 2646 3882 saepius

444 3915 647 3981 quam
696 3902 1024 3985 castigat3
1069 3902 1189 3969 sed
1220 3902 1340 3974 ita,
1370 3903 1693 3986 praeclare
1739 3907 1965 3966 tamen
2009 3900 2140 3966 hoc
2184 3901 2435 3987 ipsum,
2457 3906 2533 3966 ut
2573 3901 2645 3965 in

442 4019 526 4067 ea
551 4007 746 4084 parte
775 4009 844 4067 et
872 4010 1015 4069 arte
1044 4002 1212 4070 nihil
1244 4003 1468 4090 possit
1492 4021 1694 4091 supra
1723 4023 1901 4069 eum.
