3059 4909
508 373 651 438 -114
1232 380 1308 446 o.
1365 382 1684 434 noun-n
1736 383 2001 432 rmum

696 531 881 612 Quae·
901 544 1089 597 nuno·
1104 530 1432 617 oppositis
1456 528 1764 595 'debilitat
1788 526 2166 612 pumicibus
2193 532 2375 591 inare
2676 525 2719 589 5

695 633 1132 720 Tyrrhenum.
1223 632 1493 718 sapiae,
1521 634 1683 699 v'ina
1709 632 1954 715 liques,
1984 636 2052 696 et
2080 629 2304 714 spatio
2335 628 2518 694 brevi

527 821 609 872 det
628 823 766 887 hane,
798 838 900 887 quoe
921 825 1055 873 modo
1077 823 1335 873 Etruscum
1362 822 1563 886 pelagus
1580 818 1779 882 frangit
1808 817 1998 882 objectis
2019 817 2230 882 rupibus.
2282 816 2480 880 Sapiens
2499 813 2586 876 sis,
2610 810 2722 865 vina

1445 944 1806 968 ‘eeeeeeeeeaeo

527 1046 997 1110 interrogandi.-5
1037 1048 1134 1104 Qui
1155 1062 1295 1111 nune,
1331 1051 1391 1095 ut
1426 1045 1491 1095 ad
1526 1045 1713 1097 Jovem
1740 1043 2015 1107 pertineat,
2055 1043 2236 1094 Bland.
2261 1049 2499 1107 quatuor,
2532 1042 2720 1104 impro-

528 1111 687 1163 bante
705 1113 944 1164 Jani.—o
977 1111 1084 1162 Pro
1108 1112 1283 1178 Sepias
1305 1111 1468 1163 With.
1508 1110 1646 1174 conj.
1675 1108 1903 1173 Incipias.
1966 1107 2115 1160 Harl.
2138 1114 2188 1158 6.
2224 1110 2338 1158 vinu
2358 1108 2598 1158 bioca—7
2632 1106 2719 1154 Sa·

1522 1237 1735 1291 NOTAE

527 1342 626 1405 pro
660 1347 772 1391 toto
801 1355 968 1394 annot
1017 1340 1292 1406 posteriori
1330 1354 1452 1391 vero
1493 1354 1589 1403 pro

1670 1336 1871 1386 dulcius
1915 1335 2202 1385 reddebant
2243 1334 2434 1396 vinum,
2472 1331 2721 1398 potuique

530 1424 845 1482 tempestate
877 1418 1128 1483 hyemali:
1170 1417 1583 1483 quandoquidem
1659 1414 1963 1480 jucundius.
2001 1414 2138 1463 Hinc
2158 1420 2372 1464 vocatur
2386 1412 2725 1475 Theophrast.

528 1496 652 1545 satis
677 1502 845 1559 patet,
866 1495 989 1560 quid
1014 1497 1142 1546 velit
1167 1495 1437 1545 Horatius.
1485 1508 1489 1516 ·

592 1577 623 1621 5
662 1573 782 1629 Qua
810 1587 934 1622 nune
959 1573 1205 1637 oppositis,
1222 1573 1329 1637 ssa]
1357 1569 1584 1636 Synecd.

527 1647 581 1697 id
625 1654 727 1710 est,
771 1662 871 1712 qua
905 1646 1096 1699 fluctus
1133 1649 1387 1714 Tyrrheni
1425 1648 1585 1697 maris

526 1723 734 1788 hyeme,
757 1732 816 1773 nt
837 1725 915 1787 fit,
938 1725 1183 1790 procellis
1206 1725 1390 1790 agitati
1414 1725 1476 1773 ad
1501 1739 1585 1773 rn-

527 1814 625 1863 pes
664 1801 961 1863 alliduntur,
994 1802 1322 1862 debilitantur,
1341 1800 1585 1865 frangun-

528 1883 634 1926 tur.
690 1877 914 1930 Quidam
938 1878 1114 1940 legunt
1142 1877 1257 1939 Qui,
1278 1884 1333 1927 et
1350 1873 1590 1926 referunt

530 1951 595 2001 ad
619 1967 818 2018 vocem,
837 1955 1050 2018 Jupiter.
1115 1954 1218 2004 Sed
1250 1955 1462 2019 vulgata
1482 1955 1589 2003 lec-

528 2028 604 2077 tio
627 2028 952 2091 praeferenda
976 2031 1183 2080 videtur
1205 2029 1531 2080 doctissimis.

594 2104 895 2170 Panic-ibus]
928 2106 1131 2156 Pumex
1164 2107 1298 2170 lapis
1332 2113 1413 2156 est
1436 2120 1591 2168 spou-

530 2180 721 2243 giosus,
734 2195 903 2245 asper,
914 2180 1160 2232 foramine
1179 2182 1455 2245 multiplici
1474 2196 1590 2244 per-

528 2261 694 2318 tusus,
735 2270 916 2318 cavus,
953 2272 1289 2307 cavernosus:
1343 2258 1479 2306 unde
1524 2256 1591 2306 ab

531 2329 692 2380 ovid.
716 2331 733 2359 ‘
757 2332 1100 2394 multicavus,'
1122 2349 1153 2382 a
1184 2333 1366 2397 virgil.
1388 2333 1590 2384 AEneid.

529 2419 587 2455 v.
605 2410 719 2457 214.
739 2414 795 2458 et
818 2421 920 2458 xu.
943 2413 1056 2459 687.
1077 2410 1092 2439 ‘
1117 2410 1404 2460 latebrosus
1419 2409 1433 2428 '
1463 2409 1593 2459 dici-

530 2488 635 2531 tur.
690 2484 772 2532 De
817 2485 917 2536 isto
957 2487 1186 2552 lapidum
1221 2501 1411 2551 genere
1449 2488 1589 2538 Plin.

529 2570 724 2610 xxxvi.
746 2564 828 2610 21.

594 2637 738 2688 Mare
780 2640 1098 2707 Tyrrhenam]
1130 2641 1408 2701 Thuscum,
1446 2637 1588 2689 Infe-

527 2726 660 2774 rum,
680 2716 815 2778 quod
841 2732 960 2780 pars
984 2727 1066 2768 est
1088 2718 1245 2767 maris
1275 2716 1588 2770 Mediterra-

529 2791 615 2838 nei
637 2807 650 2838 :
675 2790 729 2839 id
753 2806 873 2841 vero
897 2793 1115 2842 nominis
1136 2795 1184 2843 ei
1204 2792 1351 2843 dedit
1373 2793 1595 2857 Tyrrhe·

527 2879 625 2913 nus
669 2865 829 2929 Atyos
867 2869 1049 2932 Lydiae
1082 2869 1239 2930 Regis
1273 2867 1429 2930 filius,
1452 2874 1593 2931 post·

531 2953 684 3003 quam
718 2940 781 2989 ad
820 2941 1014 2995 vicinas
1054 2950 1221 2993 terras
1250 2956 1366 2992 cum
1391 2942 1594 2991 colonia

533 3016 841 3080 appulisset,
891 3017 1129 3067 Tusciam
1173 3032 1377 3081 nempe,
1418 3018 1593 3083 ibique

530 3091 708 3140 sedem
731 3091 948 3144 fixisset.

556 3214 561 3221 ,
596 3171 629 3215 6
663 3167 855 3230 Sepias]
904 3168 1186 3232 Explicant
1223 3170 1484 3220 nonnulli:
1538 3171 1594 3221 Si

531 3243 718 3304 sapias,
756 3245 954 3294 scilicet
991 3253 1139 3295 utere
1179 3246 1303 3308 vita,
1335 3248 1484 3310 genio
1514 3247 1592 3297 in·

533 3316 709 3382 dulge‚
756 3319 874 3369 vina
920 3320 1038 3370 bibe
1066 3337 1232 3386 ,quam
1274 3323 1488 3386 optima,
1531 3324 1592 3377 li·

536 3404 714 3459 quata,
736 3399 834 3447 &c.
869 3398 1124 3448 Priscian.
1151 3413 1317 3452 xvm.
1343 3387 1391 3451 3.

603 3471 728 3521 Vina
766 3472 936 3540 liques]
975 3475 1075 3525 Vel
1111 3476 1434 3539 simpliciter,
1475 3476 1595 3527 vina

534 3547 702 3609 bibas,
718 3563 778 3599 ac
804 3551 962 3600 veluti
988 3566 1082 3614 per
1105 3560 1286 3614 guttur
1304 3553 1461 3603 coles.
1498 3552 1596 3601 Vel

529 3624 725 3690 potius,
746 3625 1021 3676 hilaritatis
1043 3641 1200 3677 causa
1220 3635 1397 3689 satage
1419 3635 1479 3676 nt
1502 3642 1596 3690 pa-

533 3715 618 3751 res
643 3701 739 3752 tibi
780 3703 901 3753 vina
934 3718 1085 3753 sacco
1120 3705 1405 3768 percolata,
1435 3703 1596 3754 defae·

533 3786 671 3844 cata,
704 3770 875 3830 dulcia
908 3782 983 3830 sic
1018 3779 1226 3842 effecta,
1251 3780 1484 3846 adeoque
1507 3797 1598 3831 na-

531 3861 668 3905 turae
691 3863 745 3905 et
769 3858 941 3920 palato
964 3857 1202 3906 muliebri
1237 3859 1598 3911 accommoda-

533 3931 684 3982 tiora.
714 3931 935 3979 Veteres
958 3945 1148 3993 nempe
1169 3940 1419 3996 mustum,
1435 3934 1598 3998 prius·

532 4021 685 4071 quam
728 4004 1032 4067 ferbuisset,
1063 4021 1157 4070 per
1196 4023 1404 4058 saccum
1439 4011 1596 4060 toties

533 4081 792 4144 colebant,
817 4090 878 4132 ιιι
910 4082 1291 4134 defaecaretur:
1326 4094 1486 4151 atque
1520 4087 1595 4137 sic

535 4157 760 4217 ademta,
785 4173 899 4221 qua!
923 4159 1026 4207 vini
1061 4158 1161 4208 vim
1198 4161 1290 4210 alit
1316 4170 1596 4226 augetque,

532 4229 688 4293 t'aece,
711 4232 972 4300 liquidius,
989 4232 1315 4302 imbecillius,
1336 4244 1393 4288 at
1410 4237 1597 4302 lenius,

1670 1505 1752 1542 vr.
1773 1496 1854 1542 24.
1883 1489 2060 1554 ἠθικὸν,
2078 1496 2356 1550 castratum,
2377 1489 2513 1554 quod
2538 1500 2725 1550 nempe

1666 1568 1891 1632 sparteis
1904 1575 1987 1618 est
2000 1566 2161 1616 saccis
2174 1567 2417 1617 colatum.
2442 1565 2573 1615 Coel.
2589 1564 2727 1613 Rbo-

1668 1644 1771 1711 ὥς.
1794 1657 2003 1694 xxvtu.
2022 1648 2102 1696 26.
2140 1650 2155 1671 ·
2181 1642 2485 1693 Eunuchum
2505 1648 2561 1690 et
2584 1639 2726 1690 effoe-

1667 1718 1954 1782 minatum‚'
1973 1734 2036 1768 ex
2056 1719 2341 1769 Plutarcho
2364 1733 2480 1767 mox
2495 1716 2727 1779 citanda,

1668 1786 1832 1860 ‘'quia
1866 1796 2151 1861 percolatio
2184 1796 2270 1844 illa
2302 1795 2408 1845 vini
2433 1802 2617 1844 nervos
2640 1808 2730 1842 ex-

1669 1872 1815 1935 cidit,
1859 1887 1921 1922 ac
1955 1873 2227 1937 genuinum
2248 1915 2252 1919 .
2271 1871 2549 1935 restinguit
2592 1870 2730 1920 calo-

1671 1965 1780 2000 rem
1801 1967 1814 1999 :
1866 1950 2066 2000 mollius
2105 1957 2274 2000 antem
2313 1948 2440 1999 facit
2483 1948 2549 1997 ad
2596 1947 2730 2010 gulas

1672 2026 2058 2077 curiositatem:
2092 2027 2193 2076 hoc
2223 2027 2384 2075 veluti
2409 2024 2731 2088 sophismate

1670 2105 1886 2153 invento
1931 2110 1987 2153 et
2011 2103 2331 2165 excogitato,
2367 2108 2427 2151 ιιι
2463 2100 2731 2164 perdendo

1674 2177 1785 2227 nati
1821 2177 1939 2227 vino
1975 2177 2247 2242 plurimum
2275 2178 2484 2227 valeant
2506 2176 2732 2241 ingurgi-

1670 2252 1821 2304 tare.’
1871 2253 2013 2303 Plin.
2037 2266 2155 2303 xiv.
2176 2257 2257 2303 22.
2286 2260 2301 2283 ‘
2327 2254 2402 2302 Ut
2425 2253 2539 2316 plus
2561 2252 2734 2317 capia·

1672 2346 1784 2382 mus
1819 2331 1944 2393 vini,
1979 2344 2132 2380 sacco
2166 2329 2449 2394 frangimus
2472 2330 2641 2379 vireat
2677 2336 2735 2379 e't

1672 2408 1771 2457 aiia
1813 2406 2138 2456 irritamenta
2176 2403 2572 2467 excogitantur?
2611 2417 2731 2454 xlx.

1671 2488 1720 2536 4.
1743 2491 1757 2514 ‘
1776 2483 2068 2534 Ferendum
2087 2496 2211 2532 sane
2231 2481 2392 2532 fuerit
2406 2512 2422 2529 .
2439 2514 2453 2530 .
2470 2515 2484 2528 .
2503 2515 2515 2529 .
2535 2480 2735 2530 invete-

1671 2562 1775 2612 rari
1796 2561 1935 2621 vina,
1959 2559 2226 2624 saccisque
2246 2558 2461 2608 castrari
2477 2557 2508 2607 ι’
2531 2558 2599 2606 al.
2633 2571 2734 2607 eas·

1671 2639 1841 2701 ligari.
1876 2650 2042 2688 xxm.
2062 2640 2107 2686 1.
2147 2634 2527 2685 ‘Utilissimum
2560 2633 2733 2684 vinum

1671 2713 1908 2764 omnibus
1936 2727 2090 2762 sacco
2113 2711 2303 2762 viribus
2335 2707 2557 2760 fractis!
2609 2708 2737 2759 Plu-

1673 2790 1843 2839 tarch.
1863 2789 2100 2853 Sympos.
2115 2788 2226 2836 sive
2245 2787 2512 2838 Convival.
2531 2785 2734 2838 Quaest.

1674 2878 1755 2917 v1.
1778 2868 1827 2913 7.
1857 2865 1963 2914 ait:
1997 2866 2013 2892 ‘
2040 2864 2353 2914 Exolescere
2386 2864 2577 2927 vinum,
2617 2875 2732 2912 cum

1672 2947 1775 2989 tam
1816 2938 2000 2990 crebro
2039 2937 2366 3002 diffunditur,
2410 2952 2624 3002 esseque
2666 2938 2730 2987 ad

1673 3015 2011 3067 bibacitatem
2075 3024 2422 3067 commentum
2447 3065 2456 3075 κ
2477 3015 2733 3080 ejusmodi

1674 3082 2110 3156 percolationem:
2146 3092 2348 3143 detrahi
2371 3094 2489 3143 vino
2517 3090 2733 3143 firmita-

1674 3177 1784 3220 tem
1816 3170 2001 3219 relicto
2035 3157 2478 3233 blandimento,'vi
2501 3169 2590 3219 iiia
2617 3181 2734 3234 qum

1673 3253 1900 3298 mentem
1926 3246 2154 3297 solicitat
2179 3253 2234 3297 et
2257 3246 2469 3296 infestat
2491 3246 2658 3309 ejecta
2681 3252 2735 3295 et

1675 3324 1916 3385 exclusa3
1944 3322 2108 3386 ipsum
2130 3337 2252 3372 vero
2268 3323 2548 3386 jucundius
2569 3319 2734 3371 efficit

1675 3414 1844 3462 neque
1868 3399 2003 3448 sicut
2018 3414 2048 3447 a
2063 3397 2206 3448 ferro
2221 3398 2454 3448 acumine
2476 3398 2731 3457 decusso;

1675 3475 1768 3525 sed
1792 3475 1965 3539 potius
1991 3474 2133 3524 velut
2157 3474 2396 3538 rubigine
2422 3483 2477 3525 et
2498 3473 2735 3524 sordibus

1676 3551 1915 3601 detersis.
1982 3551 2192 3614 Quippe
2220 3550 2496 3600 defaecatio
2518 3550 2606 3599 illa
2631 3549 2734 3599 vini

1678 3627 1802 3697 ssim,
1824 3642 1939 3692 quae
1971 3635 2130 3691 caput
2166 3634 2355 3688 tentat,
2393 3626 2731 3676 detrahitat·

1676 3718 1776 3771 que
1797 3704 1863 3753 ad
1887 3711 2079 3754 statum
2103 3702 2297 3767 redigit
2317 3703 2496 3753 mitem
2523 3709 2579 3752 et
2601 3703 2734 3752 salu·

1675 3781 1857 3832 brem.’
2067 3775 2075 3784 '

1740 3856 1908 3922 spatio
1946 3856 2075 3908 brevi
2118 3856 2261 3920 Spem
2303 3857 2498 3918 ,longum
2534 3853 2734 3918 reseces]

1678 3934 1887 3987 Quanto
1909 3933 2115 3984 brevius
2146 3940 2228 3982 est
2256 3933 2376 3981 vitae
2398 3936 2594 3980 nostrae
2618 3944 2732 3994 spa·

1676 4011 1826 4074 tium,
1863 4017 2009 4061 tanto
2044 4008 2339 4060 resecandas
2373 4021 2492 4071 spes
2525 4006 2733 4069 longa:

1675 4087 1840 4137 minus
1862 4083 2262 4151 expectandum,
2285 4082 2447 4132 minus
2474 4080 2735 4131 fidendum

1675 4159 1854 4212 futuro
1873 4178 1889 4224 ;
1912 4166 2081 4226 neque
2103 4160 2234 4210 adeo
2257 4157 2600 4208 differendum
2620 4171 2734 4206 car·

1677 4251 1802 4304 pere
1845 4245 2130 4306 praesentes
2167 4235 2380 4288 laetandi
2419 4233 2735 4288 occasiones.
