3059 4909
1264 377 1332 435 Q.
1380 369 1702 422 nonnul
1753 371 2020 420 micci

806 524 999 591 Metu
1036 524 1332 588 Deorum
1363 520 1737 585 continuit?
1772 518 2017 601 quibus

802 628 1124 712 Pepercit
1154 626 1337 690 arissl
1387 623 1446 686 Ο
1479 623 1736 687 utinam
1771 640 1948 685 nova

892 728 1143 794 Incudo
1173 726 1480 809 diffingas
1513 732 1811 790 retusum
1840 723 1908 786 in

975 831 1409 913 Massagetas
1438 826 1840 910 Arabasque
1868 824 2134 889 serrum.
2676 827 2756 891 40

544 1013 748 1063 rentiam
766 1012 1006 1063 minum
1020 1010 1046 1064 :1
1083 1012 1202 1070 Quoe
1224 1026 1315 1059 mm
1336 1009 1512 1059 altaria
1529 1009 1832 1073 polluerunt?
1868 1009 1913 1057 Ο
1940 1008 2152 1058 Fortuna
2176 984 2415 1069 hebetatos
2429 1010 2555 1060 male
2570 1001 2764 1070 omres:
2839 1040 2850 1054 -.

543 1093 676 1129 enses
694 1078 879 1130 utinam
900 1093 1019 1128 noea
1039 1077 1428 1139 incudesnbrices
1448 1079 1614 1124 contra
1636 1074 1941 1136 Massagetas
1959 1079 2009 1124 et
2030 1073 2233 1138 Arabas,
2253 1074 2379 1124 bene.
2683 1076 2700 1086 '⁷

1458 1222 1795 1243 Omumss
1803 1223 1832 1243 O

542 1325 715 1375 Pulm.
737 1323 912 1390 Hunn.
938 1323 1210 1375 Gemblac.
1230 1329 1278 1377 1.
1293 1329 1346 1376 2.
1369 1331 1423 1375 et
1446 1324 1638 1375 Beller.
1662 1323 1888 1374 Bentleii
1915 1319 2140 1387 plurimi,
2157 1322 2345 1373 venet.
2366 1324 2513 1372 1492.
2535 1321 2754 1374 Locher.

545 1389 764 1440 Ascens.
785 1389 924 1441 Flor.
951 1390 1188 1440 Torrent.
1214 1391 1420 1440 Marcil.
1453 1389 1661 1440 Talbot.
1699 1389 1851 1452 Pine,
1871 1389 2051 1439 Bentl.
2073 1388 2206 1438 Cun.
2229 1390 2350 1437 San.
2374 1387 2557 1440 Jones.
2591 1387 2755 1439 Gesn.

543 1455 688 1515 sani,
723 1454 939 1517 Bipont.
973 1455 1188 1506 Mitsclr.
1214 1456 1435 1506 Wetzel.
1458 1454 1669 1507 Wakef.
1701 1454 1885 1504 Comb.
1918 1461 1974 1505 et
2014 1454 2174 1505 Kidd.
2205 1454 2305 1504 ‘In
2336 1468 2501 1503 manus
2522 1454 2757 1514 ,iuventus

541 1522 981 1570 homoeoteleuton
1027 1521 1185 1571 etiam
1224 1522 1347 1585 jure
1385 1519 1673 1583 displicet!
1703 1520 1980 1570 dana—89
2010 1526 2025 1548 ‘
2045 1519 2427 1569 vexatissimus
2474 1534 2507 1568 a
2554 1519 2756 1569 criticis

541 1585 752 1635 versus!
785 1585 1007 1651 diffingas
1027 1592 1237 1638 retusum
1258 1586 1392 1637 haud
1419 1586 1578 1636 dubie
1601 1586 1921 1636 anctoritate
1942 1586 2164 1635 maxime
2183 1585 2326 1634 ⁴valet
2347 1600 2361 1646 3
2386 1584 2461 1633 sic
2483 1582 2624 1633 enim
2647 1599 2755 1633 om·

540 1663 822 1766 ffiffi?
838 1650 963 1767 {¹¹3³
975 1649 2756 1780 &¹325ss5⁶355a⁸123303¹⁰⁸12¹se¹zi52²1*ss¹6:¹2.·:,'¹‘5„‚¹L¹;¹.‚¹¹¹÷0¹5¹:2¹:‚¹{·

540 1780 709 1845 Lipss.
737 1789 860 1838 tres,
882 1781 1018 1833 Aut.
1042 1787 1088 1831 1.
1106 1787 1156 1833 2.
1184 1784 1331 1832 Dess.
1352 1784 1654 1848 2.-Franeq.
1681 1782 1906 1831 Mentel.
1934 1783 2166 1845 plerique
2188 1781 2364 1832 Bentl.
2394 1779 2622 1830 Locher.
2644 1781 2750 1831 Ve-

540 1853 674 1897 nett.
701 1847 878 1896 Basill.
914 1847 1068 1898 Brut.
1100 1847 1252 1898 Fabr.
1283 1849 1439 1911 Rutg.
1473 1845 1661 1897 Heius.
1685 1847 1815 1896 Fab.
1840 1849 2034 1910 Dacer.
2056 1848 2236 1896 Burm.
2274 1848 2431 1897 Baxt.
2462 1845 2657 1895 Sanad.
2694 1853 2750 1897 et

540 1911 726 1963 Jones.
788 1912 1003 1977 delinges
1024 1919 1236 1972 retusum
1258 1912 1468 1978 quidam
1488 1914 1620 1963 Mss.
1644 1920 1702 1963 et
1724 1919 1856 1963 vett.
1879 1912 2000 1963 edd.
2023 1912 2197 1963 Bentl.
2215 1911 2363 1962 Leid.
2398 1917 2454 1961 et
2478 1911 2671 1975 Regin.
2695 1918 2757 1961 et

540 1977 616 2028 sic
639 1978 812 2028 Bentl.
834 1977 967 2029 Cun.
1013 1980 1229 2043 definge-e
1248 1993 1459 2027 recusum
1482 1979 1627 2042 Lips.
1643 1982 1693 2029 4.
1739 1978 1963 2044 diffingas
1983 1992 2198 2028 recusum
2215 1992 2345 2027 unus
2366 1977 2555 2027 Bland.
2581 1977 2752 2041 Crnq,

539 2049 597 2091 et
620 2043 732 2107 ipse
757 2044 914 2108 Cruq.
970 2043 1029 2093 it.
1062 2044 1271 2094 Marcii.
1294 2044 1344 2093 h.
1371 2047 1570 2095 recndas
1589 2051 1645 2094 et
1664 2044 1905 2109 diffingas,
1928 2042 2357 2109 quemadmodum
2381 2044 2527 2106 virg.
2543 2043 2560 2069 ‘
2579 2039 2749 2091 flexos

535 2107 810 2158 incurvant
846 2108 1037 2160 arcus!
1103 2109 1207 2159 Sed
1247 2110 1363 2173 quis
1398 2107 1537 2159 ferre
1580 2114 1742 2173 possit
1778 2125 1993 2159 recusum
2031 2110 2233 2159 incude?
2277 2107 2493 2174 defingas
2531 2112 2745 2157 retusum

537 2172 707 2223 Mald.
732 2180 787 2223 et
808 2174 967 2223 Mart.
993 2174 1148 2239 Cruq.
1201 2174 1385 2240 defigas
1406 2180 1616 2225 retusum
1636 2174 1757 2224 Urs.
1778 2174 1960 2225 Lamb.
1995 2183 2050 2225 et
2088 2175 2181 2225 lib.
2218 2179 2325 2224 ant.
2363 2173 2578 2223 Canter.
2603 2172 2743 2222 Nov-

534 2237 708 2288 Lectt.
749 2251 849 2289 vu.
893 2242 975 2288 30.
1025 2239 1300 2300 destringens
1351 2240 1516 2305 (unde
1557 2240 1644 2289 alii
1685 2239 1979 2303 distringas)
2011 2255 2236 2300 recusum,
2265 2238 2559 2288 emendatio
2602 2238 2743 2301 prior

533 2303 772 2352 Lambini
796 2309 853 2353 et
883 2304 935 2354 in
971 2305 1137 2369 prima
1171 2306 1298 2357 edit.
1324 2306 1515 2367 lectio;
1551 2304 1760 2356 laudato
1783 2319 1872 2355 ru.
1904 2305 2009 2355 Od.
2037 2310 2086 2355 1.
2115 2308 2193 2355 1⁷.
2226 2302 2551 2365 ‘Diffingere
2574 2303 2590 2324 '
2623 2318 2739 2353 esse

534 2367 836 2433 dissolvere,
873 2383 1229 2434 corrumpere,
1253 2371 1581 2433 interimere;
1618 2371 1670 2420 in
1700 2385 1802 2436 quo
1823 2372 2215 2439 itaargutatur,
2237 2377 2297 2420 ut
2322 2369 2406 2419 vix
2431 2368 2746 2434 Lambinum·

535 2445 799 2498 agnoscas.
865 2433 1088 2485 Strenue
1112 2442 1285 2486 tamen
1307 2451 1422 2487 enm
1443 2438 1674 2502 sequitur
1697 2437 1870 2486 Bentl.
1903 2435 2085 2501 defigas
2104 2450 2335 2497 recusum,
2355 2434 2617 2497 posterior
2629 2436 2746 2485 lec-⁴

535 2500 611 2548 tio
636 2500 886 2550 Lambini.
933 2501 1174 2567 dtffind'ns,
1211 2501 1260 2551 h.
1281 2518 1328 2551 e.
1360 2502 1605 2561 deducas,
1641 2501 1929 2552 refabrices
1968 2510 2024 2550 et
2060 2515 2302 2559 exacuas,
2325 2499 2526 2550 emend.
2561 2499 2740 2563 Cujac.

533 2563 690 2615 obn.
715 2579 821 2615 xu.
849 2569 928 2615 18.
976 2567 1186 2626 refusum
1209 2567 1289 2616 vir
1305 2568 1446 2617 doct.
1465 2568 1515 2618 in
1537 2566 1697 2630 Obss,
1716 2566 1869 2618 Misc.
1892 2567 2071 2615 Burni.
2091 2571 2219 2617 tom.
2244 2580 2322 2614 lv.
2347 2580 2399 2628 p.
2417 2569 2533 2615 381.
2584 2579 2735 2614 recoc-

532 2634 635 2679 tum
657 2631 794 2693 conj.
816 2631 994 2684 Bentl.
1032 2632 1079 2683 h.
1097 2648 1143 2682 e.
1176 2632 1346 2685 denuo
1382 2631 1742 2697 liquefactum,
1782 2640 1840 2682 ut
1874 2631 2297 2693 recudatur3'uti
2330 2631 2479 2693 Virg.
2501 2628 2736 2680 AEn.vn.

531 2698 646 2746 636.
668 2697 766 2744 διο.
832 2695 1100 2747 Audacter
1122 2699 1279 2748 sane!
1318 2696 1402 2747 Cf.
1425 2698 1647 2762 Cuning.
1670 2696 1951 2747 Animadv.
1975 2711 2091 2760 cap.
2113 2709 2277 2746 xvnr.
2301 2712 2352 2760 p.
2370 2700 2484 2746 344.
2510 2696 2740 2759 Vulgata

528 2760 688 2810 lectio
707 2762 955 2828 optimum
981 2762 1406 2825 aptissimumque
1426 2778 1631 2813 sensum
1658 2762 1877 2827 praebet‚
1898 2777 2049 2827 quem
2067 2776 2169 2812 non
2194 2762 2463 2824 agnovisse
2482 2767 2588 2811 tam
2608 2761 2735 2809 mul·

532 2832 636 2884 tos,-
669 2826 1018 2889 stupendum!
1049 2828 1184 2877 dani.
1250 2829 1476 2893 diffingas
1513 2835 1727 2878 retusum
1762 2829 1918 2879 etiam
1952 2827 2105 2877 Harl.
2144 2830 2189 2876 1.
2232 2831 2280 2876 2.
2314 2830 2362 2875 3.
2396 2831 2445 2877 4.
2475 2830 2530 2875 6.
2564 2826 2744 2875 Bond.'

530 2890 798 2941 Schrevel.
824 2892 1013 2955 Delph.
1034 2892 1250 2956 Bipont.
1272 2894 1486 2943 Mitsclr.
1505 2895 1732 2945 Wetzel.
1754 2893 1938 2943 Comb.
1961 2893 2016 2942 et
2032 2891 2240 2942 Wakef.
2289 2892 2507 2957 depingas
2527 2897 2739 2958 retusum

531 2955 694 3007 Kidd.
743 2955 965 3023 diffingas
985 2962 1224 3009 retrusum
1246 2957 1401 3010 Harl.
1420 2965 1471 3010 6.
1517 2960 1747 3025 diffingas
1768 2974 1981 3010 recusum
2005 2959 2128 3009 Vet.
2144 2956 2327 3008 Comb.

1518 3092 1738 3146 NOTAE
1814 3139 1818 3144 .
1880 3137 1889 3144 .

528 3202 740 3266 templis
779 3208 936 3268 atque
965 3203 1068 3253 aris
1104 3202 1372 3268 violandis,
1410 3204 1592 3269 impie·
1674 3206 1819 3255 tralis
1856 3205 2144 3266 Tartariae;
2198 3202 2310 3252 aliis
2352 3206 2548 3263 autem,
2582 3200 2742 3251 Palu·

528 3289 631 3341 que
651 3277 936 3329 diruendis.
1418 3313 1437 3338 ,»
1673 3282 1791 3331 dem
1805 3282 2107 3336 Maeoticam
2123 3282 2436 3340 incolentes3
2463 3280 2741 3345 quasigra-

588 3357 655 3403 38
691 3354 751 3402 0.
774 3356 957 3405 utinam
989 3371 1110 3406 nova
1154 3357 1335 3408 Incede
1369 3358 1592 3424 diffingas
1671 3375 1762 3410 ves
1784 3360 1950 3410 Getas
1973 3354 2298 3423 appellatos:
2324 3358 2340 3386 ‘
2358 3353 2553 3406 massa’
2580 3357 2739 3419 enim,

522 3433 875 3497 ratramni-a]
908 3433 1134 3487 Quidam
1166 3435 1350 3498 legunt
1387 3436 1590 3484 distrin-
1671 3437 1920 3502 Scythica
1953 3437 2151 3500 lingua,
2180 3448 2336 3499 grave
2369 3432 2651 3497 significat,
2674 3448 2739 3481 ex

518 3523 630 3571 gas,
653 3522 729 3572 er,
750 3525 978 3563 recusum.
1044 3512 1238 3563 Sensus
1258 3519 1366 3561 est:
1389 3511 1438 3562 Ο
1465 3513 1595 3562 For··

520 3592 667 3650 tuna,
690 3586 829 3652 finge
852 3589 919 3638 de
950 3603 1082 3638 novo
1118 3592 1175 3637 et
1207 3586 1411 3637 fabrica
1441 3586 1589 3637 nobis

520 3664 735 3729 gladios,
750 3666 970 3729 gloriose
987 3666 1193 3732 quidem
1214 3666 1265 3714 in
1292 3665 1588 3715 hosteslm·

519 3741 651 3804 perii
693 3742 913 3792 Romani
950 3741 1320 3805 stringendos:
1357 3755 1475 3790 nam
1508 3741 1587 3791 illi

519 3818 660 3881 prins
684 3819 883 3872 anobis
907 3821 1043 3869 male
1075 3819 1226 3872 retusi
1258 3826 1380 3869 sunt
1398 3819 1594 3869 adver-·

518 3908 604 3942 sus
625 3893 834 3956 fratres,
850 3896 1011 3958 civ-⁸,
1032 3898 1381 3962 propinquos:
1405 3897 1587 3948 civiles

516 3969 806 4020 discordias
829 3974 1077 4036 extingue
1100 3987 1304 4041 semper
1330 3974 1585 4039 funestas,

517 4055 576 4096 ut
612 4055 832 4098 externa
861 4050 1119 4103 duntaxat
1160 4053 1297 4103 bella
1335 4052 1585 4117 deinceps

515 4123 784 4173 moliamur
795 4126 1045 4192 signaque
1057 4129 1289 4179 Romana
1302 4141 1423 4178 cum
1432 4128 1592 4179 deco*

515 4211 575 4247 re
595 4205 650 4247 et
672 4200 836 4263 gloria
852 4200 1132 4254 inferamus
1156 4205 1208 4254 in
1233 4205 1588 4269 Massagetas,

514 4274 740 4342 Scythiae
762 4279 999 4345 populos,
1020 4280 1111 4330 ubi
1133 4294 1271 4331 nunc
1297 4295 1415 4348 pars
1439 4279 1577 4330 Aus-

1670 3515 1876 3566 Isidoro
1901 3514 2104 3578 Origin.
2124 3516 2175 3563 9.
2201 3510 2472 3562 Claudian.
2494 3512 2511 3541 ‘
2539 3512 2742 3561 Massa·

1669 3598 1906 3655 getoeque
1956 3597 2150 3651 truces,
2193 3588 2323 3636 duro
2374 3600 2505 3650 gens
2552 3600 2736 3650 aspera

1670 3665 1840 3718 bello?
1904 3664 2044 3716 Item
2076 3665 2131 3713 in
2156 3660 2358 3712 Arabes
2391 3661 2528 3725 gazis
2564 3676 2626 3711 ac
2660 3662 2737 3710 di-

1667 3744 1807 3793 vitiis
1845 3741 2088 3792 famosos.
2142 3738 2343 3788 Arabia
2373 3740 2513 3788 inter
2554 3740 2737 3802 praeci·

1667 3825 1797 3885 puas
1823 3819 1964 3869 Asiae
2004 3816 2471 3881 partescen'setur.
2536 3815 2736 3865 Termi-

1666 3912 1758 3947 nos
1779 3896 1937 3946 habet
1971 3910 2002 3944 a
2022 3893 2414 3957 Septemtrione
2437 3893 2645 3956 Syriam
2677 3899 2738 3943 et‘

1666 3972 1875 4024 fiuvium
1920 3971 2257 4038 Euphratem,
2297 3968 2629 4022 anor-iente
2663 3970 2736 4018 si-

1664 4065 1786 4101 num
1810 4049 2101 4108 Persicum,
2133 4046 2199 4094 ab
2233 4044 2531 4095 Occidente
2564 4045 2730 4095 sinum

1664 4126 1968 4188 Arabicum,
2011 4139 2043 4172 a
2086 4120 2324 4171 Meridie‘
2356 4114 2499 4171 mare
2537 4111 2730 4171 'Arabi'-

1662 4217 1798 4262 cnm,
1813 4202 1923 4252 sive
1942 4205 2144 4266 partem
2165 4197 2333 4247 Indici
2349 4196 2572 4248 Oceani.
2597 4198 2729 4248 Por-

1661 4295 1721 4333 ro
1742 4280 1809 4331 ad
1831 4294 1940 4331 rem
1975 4280 2288 4345 prasentem
2319 4273 2451 4328 facit
2481 4276 2621 4341 quod
2639 4275 2728 4326 ba·
