<?xml version="1.0" encoding="UTF-8"?>
<!DOCTYPE html PUBLIC "-//W3C//DTD XHTML 1.0 Transitional//EN"
    "http://www.w3.org/TR/xhtml1/DTD/xhtml1-transitional.dtd">
<html xmlns="http://www.w3.org/1999/xhtml" xml:lang="en" lang="en">
 <head>
  <title>
</title>
<meta http-equiv="Content-Type" content="text/html;charset=utf-8" />
  <meta name='ocr-system' content='tesseract 3.04.00' />
  <meta name='ocr-capabilities' content='ocr_page ocr_carea ocr_par ocr_line ocrx_word'/>
</head>
<body>
  <div class='ocr_page' id='page_1' title='image "./quintihoratiifl00unkngoog_0252.png"; bbox 0 0 3059 4909; ppageno 0'>
   <div class='ocr_carea' id='block_1_1' title="bbox 45 70 50 842">
    <p class='ocr_par' dir='ltr' id='par_1_1' title="bbox 45 70 50 842">
     <span class='ocr_line' id='line_1_1' title="bbox 45 70 50 842; baseline 0 0"><span class='ocrx_word' id='word_1_1' title='bbox 45 70 50 842; x_wconf 95' lang='lat' dir='ltr'> </span> 
     </span>
    </p>
   </div>
   <div class='ocr_carea' id='block_1_2' title="bbox 545 353 1852 421">
    <p class='ocr_par' dir='ltr' id='par_1_2' title="bbox 545 353 1852 421">
     <span class='ocr_line' id='line_1_2' title="bbox 545 353 1852 421; baseline -0.007 0"><span class='ocrx_word' id='word_1_2' title='bbox 545 353 679 421; x_wconf 74' lang='lat'>242</span> <span class='ocrx_word' id='word_1_3' title='bbox 1448 362 1852 415; x_wconf 73' lang='lat' dir='ltr'>exconsus</span> 
     </span>
    </p>
   </div>
   <div class='ocr_carea' id='block_1_3' title="bbox 469 508 2747 4319">
    <p class='ocr_par' dir='ltr' id='par_1_3' title="bbox 545 508 2739 1053">
     <span class='ocr_line' id='line_1_3' title="bbox 610 508 2739 577; baseline -0.003 -12"><span class='ocrx_word' id='word_1_4' title='bbox 610 516 741 565; x_wconf 84' lang='lat' dir='ltr'>Tum</span> <span class='ocrx_word' id='word_1_5' title='bbox 760 512 917 565; x_wconf 80' lang='lat' dir='ltr'>facile</span> <span class='ocrx_word' id='word_1_6' title='bbox 941 517 1159 577; x_wconf 87' lang='lat' dir='ltr'>apparet</span> <span class='ocrx_word' id='word_1_7' title='bbox 1181 510 1360 573; x_wconf 87' lang='lat' dir='ltr'>etiam,</span> <span class='ocrx_word' id='word_1_8' title='bbox 1380 523 1475 560; x_wconf 88' lang='lat' dir='ltr'>cnr</span> <span class='ocrx_word' id='word_1_9' title='bbox 1495 508 1820 573; x_wconf 72' lang='lat' dir='ltr'>Eloquentiae</span> <span class='ocrx_word' id='word_1_10' title='bbox 1845 508 2021 574; x_wconf 71' lang='lat' dir='ltr'>praesit</span> <span class='ocrx_word' id='word_1_11' title='bbox 2053 509 2365 573; x_wconf 88' lang='lat' dir='ltr'>Mercurius,</span> <span class='ocrx_word' id='word_1_12' title='bbox 2383 515 2540 574; x_wconf 83' lang='lat' dir='ltr'>atque</span> <span class='ocrx_word' id='word_1_13' title='bbox 2576 508 2739 574; x_wconf 86' lang='lat' dir='ltr'>inpri-</span> 
     </span>
     <span class='ocr_line' id='line_1_4' title="bbox 547 590 2737 659; baseline -0.003 -12"><span class='ocrx_word' id='word_1_14' title='bbox 547 597 646 647; x_wconf 87' lang='lat' dir='ltr'>mis</span> <span class='ocrx_word' id='word_1_15' title='bbox 667 595 978 647; x_wconf 86' lang='lat' dir='ltr'>nobilissimo</span> <span class='ocrx_word' id='word_1_16' title='bbox 1007 595 1122 659; x_wconf 87' lang='lat' dir='ltr'>ejus</span> <span class='ocrx_word' id='word_1_17' title='bbox 1163 592 1358 657; x_wconf 77' lang='lat' dir='ltr'>generi,</span> <span class='ocrx_word' id='word_1_18' title='bbox 1379 590 1557 655; x_wconf 69' lang='lat' dir='ltr'>Poesi,</span> <span class='ocrx_word' id='word_1_19' title='bbox 1578 594 1629 641; x_wconf 89' lang='lat' dir='ltr'>in</span> <span class='ocrx_word' id='word_1_20' title='bbox 1656 606 1761 657; x_wconf 83' lang='lat' dir='ltr'>qua</span> <span class='ocrx_word' id='word_1_21' title='bbox 1784 598 2039 656; x_wconf 81' lang='lat' dir='ltr'>praeterea</span> <span class='ocrx_word' id='word_1_22' title='bbox 2077 606 2275 641; x_wconf 83' lang='lat' dir='ltr'>summa</span> <span class='ocrx_word' id='word_1_23' title='bbox 2306 592 2500 655; x_wconf 77' lang='lat' dir='ltr'>ingenii</span> <span class='ocrx_word' id='word_1_24' title='bbox 2531 591 2737 641; x_wconf 85' lang='lat' dir='ltr'>humani</span> 
     </span>
     <span class='ocr_line' id='line_1_5' title="bbox 546 670 2737 741; baseline -0.001 -14"><span class='ocrx_word' id='word_1_25' title='bbox 546 677 731 741; x_wconf 79' lang='lat' dir='ltr'>gloria,</span> <span class='ocrx_word' id='word_1_26' title='bbox 760 674 1215 740; x_wconf 86' lang='lat' dir='ltr'>antiquissimaque</span> <span class='ocrx_word' id='word_1_27' title='bbox 1252 671 1510 738; x_wconf 87' lang='lat' dir='ltr'>sapientia</span> <span class='ocrx_word' id='word_1_28' title='bbox 1542 677 1622 721; x_wconf 88' lang='lat' dir='ltr'>est</span> <span class='ocrx_word' id='word_1_29' title='bbox 1642 670 1771 737; x_wconf 81' lang='lat' dir='ltr'>(vid.</span> <span class='ocrx_word' id='word_1_30' title='bbox 1799 686 1834 723; x_wconf 89' lang='grc' dir='ltr'>ι.</span> <span class='ocrx_word' id='word_1_31' title='bbox 1857 671 1963 724; x_wconf 87' lang='lat' dir='ltr'>Od.</span> <span class='ocrx_word' id='word_1_32' title='bbox 1985 678 2031 722; x_wconf 91' lang='grc'><strong>1.</strong></span> <span class='ocrx_word' id='word_1_33' title='bbox 2054 672 2179 739; x_wconf 78' lang='grc'><strong>29.).</strong></span> <span class='ocrx_word' id='word_1_34' title='bbox 2244 673 2356 723; x_wconf 87' lang='lat' dir='ltr'>Cic.</span> <span class='ocrx_word' id='word_1_35' title='bbox 2383 672 2449 723; x_wconf 88' lang='lat' dir='ltr'>de</span> <span class='ocrx_word' id='word_1_36' title='bbox 2474 672 2570 723; x_wconf 89' lang='lat' dir='ltr'>Or.</span> <span class='ocrx_word' id='word_1_37' title='bbox 2598 687 2636 722; x_wconf 86' lang='lat'>1.</span> <span class='ocrx_word' id='word_1_38' title='bbox 2658 678 2737 725; x_wconf 77' lang='lat'>46.</span> 
     </span>
     <span class='ocr_line' id='line_1_6' title="bbox 545 752 2739 824; baseline -0.002 -15"><span class='ocrx_word' id='word_1_39' title='bbox 545 760 565 789; x_wconf 76' lang='lat'>⁸</span> <span class='ocrx_word' id='word_1_40' title='bbox 590 759 715 824; x_wconf 88' lang='lat' dir='ltr'>Ejus</span> <span class='ocrx_word' id='word_1_41' title='bbox 736 757 864 809; x_wconf 77' lang='lat' dir='ltr'>artis</span> <span class='ocrx_word' id='word_1_42' title='bbox 883 752 1265 823; x_wconf 75' lang='lat' dir='ltr'>(Eloquentiae)</span> <span class='ocrx_word' id='word_1_43' title='bbox 1285 788 1299 803; x_wconf 87' lang='lat'><strong>.</strong></span> <span class='ocrx_word' id='word_1_44' title='bbox 1320 788 1335 804; x_wconf 90' lang='lat'><em>.</em></span> <span class='ocrx_word' id='word_1_45' title='bbox 1352 789 1365 803; x_wconf 90' lang='lat'><strong><em>.</em></strong></span> <span class='ocrx_word' id='word_1_46' title='bbox 1388 753 1540 817; x_wconf 85' lang='lat' dir='ltr'>cnjus</span> <span class='ocrx_word' id='word_1_47' title='bbox 1566 767 1684 803; x_wconf 88' lang='lat' dir='ltr'>cnm</span> <span class='ocrx_word' id='word_1_48' title='bbox 1708 753 1824 818; x_wconf 83' lang='lat' dir='ltr'>ipsa</span> <span class='ocrx_word' id='word_1_49' title='bbox 1844 760 2033 803; x_wconf 86' lang='lat' dir='ltr'>natura</span> <span class='ocrx_word' id='word_1_50' title='bbox 2054 768 2291 819; x_wconf 75' lang='lat' dir='ltr'>magnam</span> <span class='ocrx_word' id='word_1_51' title='bbox 2315 753 2503 804; x_wconf 78' lang='lat' dir='ltr'>homini</span> <span class='ocrx_word' id='word_1_52' title='bbox 2519 754 2739 805; x_wconf 85' lang='lat' dir='ltr'>faculta-</span> 
     </span>
     <span class='ocr_line' id='line_1_7' title="bbox 549 835 2739 904; baseline -0.002 -14"><span class='ocrx_word' id='word_1_53' title='bbox 549 847 655 891; x_wconf 87' lang='lat' dir='ltr'>tem</span> <span class='ocrx_word' id='word_1_54' title='bbox 678 839 850 904; x_wconf 84' lang='lat' dir='ltr'>daret,</span> <span class='ocrx_word' id='word_1_55' title='bbox 875 846 1050 889; x_wconf 89' lang='lat' dir='ltr'>tamen</span> <span class='ocrx_word' id='word_1_56' title='bbox 1069 850 1184 887; x_wconf 87' lang='lat' dir='ltr'>esse</span> <span class='ocrx_word' id='word_1_57' title='bbox 1223 837 1368 888; x_wconf 89' lang='lat' dir='ltr'>Deus</span> <span class='ocrx_word' id='word_1_58' title='bbox 1402 842 1638 902; x_wconf 83' lang='lat' dir='ltr'>putatur,</span> <span class='ocrx_word' id='word_1_59' title='bbox 1660 844 1720 886; x_wconf 89' lang='lat' dir='ltr'>nt</span> <span class='ocrx_word' id='word_1_60' title='bbox 1754 841 1810 885; x_wconf 88' lang='lat' dir='ltr'>et</span> <span class='ocrx_word' id='word_1_61' title='bbox 1843 835 2029 900; x_wconf 84' lang='lat' dir='ltr'>ipsum,</span> <span class='ocrx_word' id='word_1_62' title='bbox 2061 835 2197 900; x_wconf 90' lang='lat' dir='ltr'>qnod</span> <span class='ocrx_word' id='word_1_63' title='bbox 2222 843 2337 887; x_wconf 88' lang='lat' dir='ltr'>erat</span> <span class='ocrx_word' id='word_1_64' title='bbox 2370 837 2587 887; x_wconf 85' lang='lat' dir='ltr'>hominis</span> <span class='ocrx_word' id='word_1_65' title='bbox 2622 850 2739 900; x_wconf 90' lang='lat' dir='ltr'>pro-</span> 
     </span>
     <span class='ocr_line' id='line_1_8' title="bbox 547 915 2739 986; baseline -0.002 -15"><span class='ocrx_word' id='word_1_66' title='bbox 547 923 735 986; x_wconf 82' lang='lat' dir='ltr'>prium.</span> <span class='ocrx_word' id='word_1_67' title='bbox 757 934 863 970; x_wconf 92' lang='lat' dir='ltr'>non</span> <span class='ocrx_word' id='word_1_68' title='bbox 897 929 1104 984; x_wconf 88' lang='lat' dir='ltr'>partum</span> <span class='ocrx_word' id='word_1_69' title='bbox 1139 931 1236 982; x_wconf 92' lang='lat' dir='ltr'>per</span> <span class='ocrx_word' id='word_1_70' title='bbox 1272 931 1386 980; x_wconf 90' lang='lat' dir='ltr'>nos,</span> <span class='ocrx_word' id='word_1_71' title='bbox 1408 916 1500 966; x_wconf 88' lang='lat' dir='ltr'>sed</span> <span class='ocrx_word' id='word_1_72' title='bbox 1537 916 1783 966; x_wconf 83' lang='lat' dir='ltr'>divinitus</span> <span class='ocrx_word' id='word_1_73' title='bbox 1809 915 1877 965; x_wconf 86' lang='lat' dir='ltr'>ad</span> <span class='ocrx_word' id='word_1_74' title='bbox 1917 931 2008 966; x_wconf 85' lang='lat' dir='ltr'>uos</span> <span class='ocrx_word' id='word_1_75' title='bbox 2043 917 2269 967; x_wconf 86' lang='lat' dir='ltr'>delatum</span> <span class='ocrx_word' id='word_1_76' title='bbox 2297 916 2603 968; x_wconf 65' lang='lat' dir='ltr'>videretur!</span> <span class='ocrx_word' id='word_1_77' title='bbox 2668 918 2739 967; x_wconf 89' lang='lat' dir='ltr'>Et</span> 
     </span>
     <span class='ocr_line' id='line_1_9' title="bbox 545 999 1286 1053; baseline -0.003 -2"><span class='ocrx_word' id='word_1_78' title='bbox 545 1003 655 1052; x_wconf 79' lang='lat' dir='ltr'>vid.</span> <span class='ocrx_word' id='word_1_79' title='bbox 678 1002 868 1053; x_wconf 86' lang='lat' dir='ltr'>Horat.</span> <span class='ocrx_word' id='word_1_80' title='bbox 889 1015 955 1052; x_wconf 85' lang='lat' dir='ltr'>u.</span> <span class='ocrx_word' id='word_1_81' title='bbox 975 999 1079 1050; x_wconf 88' lang='lat' dir='ltr'>Od.</span> <span class='ocrx_word' id='word_1_82' title='bbox 1101 1003 1180 1049; x_wconf 91' lang='grc'><strong>17.</strong></span> <span class='ocrx_word' id='word_1_83' title='bbox 1202 1002 1286 1049; x_wconf 78' lang='grc'><strong>29.</strong></span> 
     </span>
    </p>

    <p class='ocr_par' dir='ltr' id='par_1_4' title="bbox 544 1077 2745 1719">
     <span class='ocr_line' id='line_1_10' title="bbox 613 1077 2740 1148; baseline -0.001 -14"><span class='ocrx_word' id='word_1_84' title='bbox 613 1086 800 1148; x_wconf 86' lang='lat' dir='ltr'>Porro,</span> <span class='ocrx_word' id='word_1_85' title='bbox 821 1096 939 1135; x_wconf 88' lang='lat' dir='ltr'>cum</span> <span class='ocrx_word' id='word_1_86' title='bbox 961 1090 1015 1133; x_wconf 88' lang='lat' dir='ltr'>et</span> <span class='ocrx_word' id='word_1_87' title='bbox 1037 1080 1342 1132; x_wconf 70' lang='lat' dir='ltr'>Prudentiae</span> <span class='ocrx_word' id='word_1_88' title='bbox 1364 1095 1408 1130; x_wconf 83' lang='lat' dir='ltr'>s.</span> <span class='ocrx_word' id='word_1_89' title='bbox 1430 1077 1713 1145; x_wconf 69' lang='lat' dir='ltr'>S&#39;apientiae</span> <span class='ocrx_word' id='word_1_90' title='bbox 1736 1078 1904 1128; x_wconf 80' lang='lat' dir='ltr'>civilis</span> <span class='ocrx_word' id='word_1_91' title='bbox 1924 1085 1982 1129; x_wconf 85' lang='lat' dir='ltr'>et</span> <span class='ocrx_word' id='word_1_92' title='bbox 2003 1093 2126 1129; x_wconf 80' lang='lat' dir='ltr'>vero</span> <span class='ocrx_word' id='word_1_93' title='bbox 2144 1079 2471 1145; x_wconf 75' lang='lat' dir='ltr'>Eloquentiae</span> <span class='ocrx_word' id='word_1_94' title='bbox 2492 1080 2566 1141; x_wconf 76' lang='lat' dir='ltr'>vi,</span> <span class='ocrx_word' id='word_1_95' title='bbox 2584 1081 2740 1133; x_wconf 79' lang='lat' dir='ltr'>urbes</span> 
     </span>
     <span class='ocr_line' id='line_1_11' title="bbox 548 1160 2742 1227; baseline -0.001 -11"><span class='ocrx_word' id='word_1_96' title='bbox 548 1181 613 1218; x_wconf 89' lang='lat' dir='ltr'>ac</span> <span class='ocrx_word' id='word_1_97' title='bbox 633 1167 874 1217; x_wconf 82' lang='lat' dir='ltr'>civitates</span> <span class='ocrx_word' id='word_1_98' title='bbox 895 1163 1295 1225; x_wconf 70' lang='lat' dir='ltr'><strong>constituantur,</strong></span> <span class='ocrx_word' id='word_1_99' title='bbox 1314 1162 1478 1227; x_wconf 71' lang='lat' dir='ltr'>leges,</span> <span class='ocrx_word' id='word_1_100' title='bbox 1497 1161 1721 1225; x_wconf 78' lang='lat' dir='ltr'>judicia,</span> <span class='ocrx_word' id='word_1_101' title='bbox 1740 1161 1864 1224; x_wconf 88' lang='lat' dir='ltr'>jura</span> <span class='ocrx_word' id='word_1_102' title='bbox 1885 1160 2264 1225; x_wconf 83' lang='lat' dir='ltr'>describantur,</span> <span class='ocrx_word' id='word_1_103' title='bbox 2282 1160 2418 1211; x_wconf 88' lang='lat' dir='ltr'>bella</span> <span class='ocrx_word' id='word_1_104' title='bbox 2440 1175 2503 1212; x_wconf 88' lang='lat' dir='ltr'>ac</span> <span class='ocrx_word' id='word_1_105' title='bbox 2527 1161 2742 1215; x_wconf 86' lang='lat' dir='ltr'>dissidia</span> 
     </span>
     <span class='ocr_line' id='line_1_12' title="bbox 545 1242 2742 1311; baseline -0.002 -12"><span class='ocrx_word' id='word_1_106' title='bbox 545 1252 944 1311; x_wconf 85' lang='lat' dir='ltr'>componantur,</span> <span class='ocrx_word' id='word_1_107' title='bbox 972 1242 1243 1294; x_wconf 81' lang='lat' dir='ltr'>firmentur</span> <span class='ocrx_word' id='word_1_108' title='bbox 1273 1242 1576 1305; x_wconf 74' lang='lat' dir='ltr'>societates,</span> <span class='ocrx_word' id='word_1_109' title='bbox 1597 1255 1702 1305; x_wconf 80' lang='lat' dir='ltr'>pax</span> <span class='ocrx_word' id='word_1_110' title='bbox 1723 1247 1984 1306; x_wconf 64' lang='lat' dir='ltr'>queratur</span> <span class='ocrx_word' id='word_1_111' title='bbox 2004 1247 2061 1292; x_wconf 85' lang='lat' dir='ltr'>et</span> <span class='ocrx_word' id='word_1_112' title='bbox 2087 1249 2426 1293; x_wconf 79' lang='lat' dir='ltr'>conservetur</span> <span class='ocrx_word' id='word_1_113' title='bbox 2440 1259 2457 1304; x_wconf 90' lang='lat'>;</span> <span class='ocrx_word' id='word_1_114' title='bbox 2487 1244 2742 1294; x_wconf 75' lang='lat' dir='ltr'>Mercurii</span> 
     </span>
     <span class='ocr_line' id='line_1_13' title="bbox 548 1322 2744 1389; baseline -0.001 -10"><span class='ocrx_word' id='word_1_115' title='bbox 548 1329 603 1379; x_wconf 86' lang='lat' dir='ltr'>iu</span> <span class='ocrx_word' id='word_1_116' title='bbox 624 1329 700 1378; x_wconf 80' lang='lat' dir='ltr'>his</span> <span class='ocrx_word' id='word_1_117' title='bbox 721 1325 958 1377; x_wconf 82' lang='lat' dir='ltr'>omnibus</span> <span class='ocrx_word' id='word_1_118' title='bbox 979 1325 1205 1389; x_wconf 72' lang='lat' dir='ltr'>insigues</span> <span class='ocrx_word' id='word_1_119' title='bbox 1229 1330 1407 1388; x_wconf 85' lang='lat' dir='ltr'>partes</span> <span class='ocrx_word' id='word_1_120' title='bbox 1426 1337 1546 1373; x_wconf 85' lang='lat' dir='ltr'>esse</span> <span class='ocrx_word' id='word_1_121' title='bbox 1568 1323 1866 1387; x_wconf 81' lang='lat' dir='ltr'>oportebat.</span> <span class='ocrx_word' id='word_1_122' title='bbox 1913 1323 2053 1374; x_wconf 81' lang='lat' dir='ltr'>Hinc</span> <span class='ocrx_word' id='word_1_123' title='bbox 2075 1326 2092 1353; x_wconf 80' lang='lat'><strong><em>⁴</em></strong></span> <span class='ocrx_word' id='word_1_124' title='bbox 2108 1324 2403 1374; x_wconf 83' lang='lat' dir='ltr'>Mercurius</span> <span class='ocrx_word' id='word_1_125' title='bbox 2424 1322 2633 1376; x_wconf 75' lang='lat' dir='ltr'>Pacifer</span> <span class='ocrx_word' id='word_1_126' title='bbox 2649 1324 2663 1348; x_wconf 90' lang='lat'>&#39;</span> <span class='ocrx_word' id='word_1_127' title='bbox 2685 1324 2744 1376; x_wconf 83' lang='lat' dir='ltr'>iu</span> 
     </span>
     <span class='ocr_line' id='line_1_14' title="bbox 544 1405 2741 1473; baseline -0 -14"><span class='ocrx_word' id='word_1_128' title='bbox 544 1408 781 1473; x_wconf 81' lang='lat' dir='ltr'>nummis,</span> <span class='ocrx_word' id='word_1_129' title='bbox 800 1423 918 1459; x_wconf 87' lang='lat' dir='ltr'>cum</span> <span class='ocrx_word' id='word_1_130' title='bbox 948 1407 1195 1469; x_wconf 76' lang='lat' dir='ltr'>caduceo,</span> <span class='ocrx_word' id='word_1_131' title='bbox 1222 1406 1523 1456; x_wconf 62' lang='lat' dir='ltr'>dirimenda</span> <span class='ocrx_word' id='word_1_132' title='bbox 1546 1405 1840 1456; x_wconf 70' lang='lat' dir='ltr'>Discordia</span> <span class='ocrx_word' id='word_1_133' title='bbox 1861 1405 2209 1457; x_wconf 84' lang='lat' dir='ltr'>instrumento</span> <span class='ocrx_word' id='word_1_134' title='bbox 2243 1405 2587 1472; x_wconf 76' lang='lat' dir='ltr'>(vid.1sidor.</span> <span class='ocrx_word' id='word_1_135' title='bbox 2609 1420 2741 1458; x_wconf 82' lang='lat' dir='ltr'>vnt.</span> 
     </span>
     <span class='ocr_line' id='line_1_15' title="bbox 547 1486 2742 1555; baseline -0.001 -15"><span class='ocrx_word' id='word_1_136' title='bbox 547 1496 626 1541; x_wconf 82' lang='grc'><strong>11.</strong></span> <span class='ocrx_word' id='word_1_137' title='bbox 633 1490 677 1555; x_wconf 92' lang='grc'>),</span> <span class='ocrx_word' id='word_1_138' title='bbox 701 1491 826 1540; x_wconf 87' lang='lat' dir='ltr'>item</span> <span class='ocrx_word' id='word_1_139' title='bbox 850 1502 966 1539; x_wconf 90' lang='lat' dir='ltr'>cum</span> <span class='ocrx_word' id='word_1_140' title='bbox 989 1488 1126 1538; x_wconf 81' lang='lat' dir='ltr'>oliva</span> <span class='ocrx_word' id='word_1_141' title='bbox 1151 1487 1286 1553; x_wconf 74' lang='lat' dir='ltr'>(vid.</span> <span class='ocrx_word' id='word_1_142' title='bbox 1311 1486 1801 1538; x_wconf 72' lang='lat' dir='ltr'>OEsel.&#39;l&#39;ah.xu11.</span> <span class='ocrx_word' id='word_1_143' title='bbox 1823 1501 1876 1537; x_wconf 91' lang='grc' dir='ltr'>ιι.</span> <span class='ocrx_word' id='word_1_144' title='bbox 1896 1491 1945 1537; x_wconf 87' lang='grc'>7.</span> <span class='ocrx_word' id='word_1_145' title='bbox 1965 1486 2077 1553; x_wconf 83' lang='grc'><strong>8.);</strong></span> <span class='ocrx_word' id='word_1_146' title='bbox 2099 1488 2219 1539; x_wconf 86' lang='lat' dir='ltr'>hinc</span> <span class='ocrx_word' id='word_1_147' title='bbox 2244 1487 2551 1539; x_wconf 72' lang='lat' dir='ltr'>Securitatis</span> <span class='ocrx_word' id='word_1_148' title='bbox 2575 1489 2742 1554; x_wconf 84' lang='lat' dir='ltr'>publi·</span> 
     </span>
     <span class='ocr_line' id='line_1_16' title="bbox 545 1567 2745 1637; baseline -0 -14"><span class='ocrx_word' id='word_1_149' title='bbox 545 1587 624 1623; x_wconf 59' lang='grc' dir='ltr'>ου</span> <span class='ocrx_word' id='word_1_150' title='bbox 649 1577 854 1631; x_wconf 68' lang='grc' dir='ltr'><strong>συείοις</strong></span> <span class='ocrx_word' id='word_1_151' title='bbox 887 1576 944 1620; x_wconf 87' lang='lat' dir='ltr'>et</span> <span class='ocrx_word' id='word_1_152' title='bbox 966 1569 1086 1619; x_wconf 81' lang='lat' dir='ltr'>hinc</span> <span class='ocrx_word' id='word_1_153' title='bbox 1110 1570 1406 1632; x_wconf 82' lang='lat' dir='ltr'>deinceps‘</span> <span class='ocrx_word' id='word_1_154' title='bbox 1432 1567 1655 1619; x_wconf 82' lang='lat' dir='ltr'>viarum&#39;</span> <span class='ocrx_word' id='word_1_155' title='bbox 1675 1571 1774 1619; x_wconf 84' lang='lat' dir='ltr'>ae‘</span> <span class='ocrx_word' id='word_1_156' title='bbox 1798 1568 2263 1635; x_wconf 71' lang='lat' dir='ltr'>peregrinantium’</span> <span class='ocrx_word' id='word_1_157' title='bbox 2296 1576 2437 1620; x_wconf 83' lang='lat' dir='ltr'>tutor</span> <span class='ocrx_word' id='word_1_158' title='bbox 2468 1569 2603 1637; x_wconf 82' lang='lat' dir='ltr'>(vid.</span> <span class='ocrx_word' id='word_1_159' title='bbox 2621 1571 2745 1635; x_wconf 81' lang='lat' dir='ltr'>Lip-</span> 
     </span>
     <span class='ocr_line' id='line_1_17' title="bbox 545 1645 1467 1719; baseline -0.003 -16"><span class='ocrx_word' id='word_1_160' title='bbox 545 1660 684 1719; x_wconf 82' lang='lat' dir='ltr'>pett.</span> <span class='ocrx_word' id='word_1_161' title='bbox 707 1650 1282 1715; x_wconf 81' lang='lat' dir='ltr'>Dactyl.Mill.1.P.1.</span> <span class='ocrx_word' id='word_1_162' title='bbox 1307 1645 1467 1715; x_wconf 73' lang='lat'><strong>142..)</strong></span> 
     </span>
    </p>

    <p class='ocr_par' dir='ltr' id='par_1_5' title="bbox 541 1730 2743 2366">
     <span class='ocr_line' id='line_1_18' title="bbox 613 1730 2742 1796; baseline 0 -12"><span class='ocrx_word' id='word_1_163' title='bbox 613 1732 839 1793; x_wconf 87' lang='lat' dir='ltr'>Deinde,</span> <span class='ocrx_word' id='word_1_164' title='bbox 858 1745 974 1783; x_wconf 91' lang='lat' dir='ltr'>cum</span> <span class='ocrx_word' id='word_1_165' title='bbox 998 1731 1152 1796; x_wconf 79' lang='lat' dir='ltr'>prisci</span> <span class='ocrx_word' id='word_1_166' title='bbox 1172 1731 1419 1795; x_wconf 82' lang='lat' dir='ltr'>homines,</span> <span class='ocrx_word' id='word_1_167' title='bbox 1441 1731 1624 1781; x_wconf 86' lang='lat' dir='ltr'>durum</span> <span class='ocrx_word' id='word_1_168' title='bbox 1648 1744 1830 1795; x_wconf 77' lang='lat' dir='ltr'>genus,</span> <span class='ocrx_word' id='word_1_169' title='bbox 1852 1731 2007 1782; x_wconf 86' lang='lat' dir='ltr'>bruto</span> <span class='ocrx_word' id='word_1_170' title='bbox 2026 1730 2222 1795; x_wconf 81' lang='lat' dir='ltr'>furore,</span> <span class='ocrx_word' id='word_1_171' title='bbox 2244 1732 2409 1784; x_wconf 84' lang='lat' dir='ltr'>instar</span> <span class='ocrx_word' id='word_1_172' title='bbox 2431 1733 2742 1795; x_wconf 74' lang='lat' dir='ltr'>belluarum,</span> 
     </span>
     <span class='ocr_line' id='line_1_19' title="bbox 543 1811 2742 1880; baseline 0 -15"><span class='ocrx_word' id='word_1_173' title='bbox 543 1814 684 1865; x_wconf 87' lang='lat' dir='ltr'>bella</span> <span class='ocrx_word' id='word_1_174' title='bbox 703 1816 841 1865; x_wconf 88' lang='lat' dir='ltr'>inter</span> <span class='ocrx_word' id='word_1_175' title='bbox 860 1828 916 1864; x_wconf 91' lang='lat' dir='ltr'>se</span> <span class='ocrx_word' id='word_1_176' title='bbox 938 1817 1202 1877; x_wconf 79' lang='lat' dir='ltr'>gererent,</span> <span class='ocrx_word' id='word_1_177' title='bbox 1227 1819 1366 1877; x_wconf 90' lang='lat' dir='ltr'>pest,</span> <span class='ocrx_word' id='word_1_178' title='bbox 1386 1825 1502 1862; x_wconf 85' lang='lat' dir='ltr'>cum</span> <span class='ocrx_word' id='word_1_179' title='bbox 1526 1811 1592 1863; x_wconf 88' lang='lat' dir='ltr'>ad</span> <span class='ocrx_word' id='word_1_180' title='bbox 1616 1811 1982 1863; x_wconf 81' lang='lat' dir='ltr'>humanitatem</span> <span class='ocrx_word' id='word_1_181' title='bbox 2004 1811 2344 1877; x_wconf 78' lang='lat' dir='ltr'>fingerentur,</span> <span class='ocrx_word' id='word_1_182' title='bbox 2360 1815 2550 1866; x_wconf 86' lang='lat' dir='ltr'>sensim</span> <span class='ocrx_word' id='word_1_183' title='bbox 2568 1829 2742 1880; x_wconf 76' lang='lat' dir='ltr'>cmpe-</span> 
     </span>
     <span class='ocr_line' id='line_1_20' title="bbox 544 1894 2742 1962; baseline 0 -17"><span class='ocrx_word' id='word_1_184' title='bbox 544 1903 667 1945; x_wconf 88' lang='lat' dir='ltr'>runt</span> <span class='ocrx_word' id='word_1_185' title='bbox 689 1901 744 1945; x_wconf 88' lang='lat' dir='ltr'>et</span> <span class='ocrx_word' id='word_1_186' title='bbox 765 1895 885 1946; x_wconf 91' lang='lat' dir='ltr'>dolo</span> <span class='ocrx_word' id='word_1_187' title='bbox 907 1909 968 1946; x_wconf 87' lang='lat' dir='ltr'>ac</span> <span class='ocrx_word' id='word_1_188' title='bbox 991 1900 1365 1959; x_wconf 73' lang='lat' dir='ltr'>strategemate</span> <span class='ocrx_word' id='word_1_189' title='bbox 1390 1894 1488 1956; x_wconf 84' lang='lat' dir='ltr'>nti,</span> <span class='ocrx_word' id='word_1_190' title='bbox 1510 1900 1568 1944; x_wconf 92' lang='lat' dir='ltr'>et</span> <span class='ocrx_word' id='word_1_191' title='bbox 1590 1894 1886 1944; x_wconf 79' lang='lat' dir='ltr'>exercendo</span> <span class='ocrx_word' id='word_1_192' title='bbox 1919 1909 2110 1960; x_wconf 89' lang='lat' dir='ltr'>corpus</span> <span class='ocrx_word' id='word_1_193' title='bbox 2138 1894 2340 1960; x_wconf 74' lang='lat' dir='ltr'>fingere</span> <span class='ocrx_word' id='word_1_194' title='bbox 2377 1897 2621 1962; x_wconf 84' lang='lat' dir='ltr'>viresque</span> <span class='ocrx_word' id='word_1_195' title='bbox 2654 1895 2742 1946; x_wconf 82' lang='lat' dir='ltr'>su·-</span> 
     </span>
     <span class='ocr_line' id='line_1_21' title="bbox 542 1974 2743 2042; baseline 0 -15"><span class='ocrx_word' id='word_1_196' title='bbox 542 1990 705 2040; x_wconf 84' lang='lat' dir='ltr'>mare,</span> <span class='ocrx_word' id='word_1_197' title='bbox 726 1991 829 2042; x_wconf 90' lang='lat' dir='ltr'>quo</span> <span class='ocrx_word' id='word_1_198' title='bbox 852 1983 1030 2028; x_wconf 85' lang='lat' dir='ltr'>essent</span> <span class='ocrx_word' id='word_1_199' title='bbox 1051 1975 1361 2026; x_wconf 82' lang='lat' dir='ltr'>adversariis</span> <span class='ocrx_word' id='word_1_200' title='bbox 1387 1974 1440 2025; x_wconf 90' lang='lat' dir='ltr'>in</span> <span class='ocrx_word' id='word_1_201' title='bbox 1465 1988 1591 2025; x_wconf 81' lang='lat' dir='ltr'>vera</span> <span class='ocrx_word' id='word_1_202' title='bbox 1613 1989 1790 2039; x_wconf 76' lang='lat' dir='ltr'>pugna</span> <span class='ocrx_word' id='word_1_203' title='bbox 1811 1976 2126 2040; x_wconf 84' lang='lat' dir='ltr'>superiores.</span> <span class='ocrx_word' id='word_1_204' title='bbox 2190 1977 2325 2028; x_wconf 75' lang='lat' dir='ltr'>Haee</span> <span class='ocrx_word' id='word_1_205' title='bbox 2348 1977 2495 2042; x_wconf 69' lang='lat' dir='ltr'>origo</span> <span class='ocrx_word' id='word_1_206' title='bbox 2512 1979 2529 2006; x_wconf 88' lang='lat'>‘</span> <span class='ocrx_word' id='word_1_207' title='bbox 2546 1978 2743 2028; x_wconf 59' lang='lat' dir='ltr'>Palais-</span> 
     </span>
     <span class='ocr_line' id='line_1_22' title="bbox 541 2056 2743 2124; baseline 0 -16"><span class='ocrx_word' id='word_1_208' title='bbox 541 2063 678 2108; x_wconf 55' lang='grc' dir='ltr'><strong>ιω)</strong></span> <span class='ocrx_word' id='word_1_209' title='bbox 741 2058 895 2110; x_wconf 79' lang='lat' dir='ltr'>Quod</span> <span class='ocrx_word' id='word_1_210' title='bbox 917 2065 1190 2122; x_wconf 87' lang='lat' dir='ltr'>utrumque</span> <span class='ocrx_word' id='word_1_211' title='bbox 1222 2070 1341 2108; x_wconf 89' lang='lat' dir='ltr'>cnm</span> <span class='ocrx_word' id='word_1_212' title='bbox 1368 2056 1436 2106; x_wconf 85' lang='lat' dir='ltr'>ad</span> <span class='ocrx_word' id='word_1_213' title='bbox 1470 2056 1767 2107; x_wconf 70' lang='lat' dir='ltr'>formandos</span> <span class='ocrx_word' id='word_1_214' title='bbox 1788 2057 2019 2108; x_wconf 80' lang='lat' dir='ltr'>homines</span> <span class='ocrx_word' id='word_1_215' title='bbox 2040 2058 2399 2122; x_wconf 56' lang='lat' dir='ltr'>pertineatn‘n</span> <span class='ocrx_word' id='word_1_216' title='bbox 2420 2073 2591 2124; x_wconf 75' lang='lat' dir='ltr'>eoque</span> <span class='ocrx_word' id='word_1_217' title='bbox 2621 2073 2743 2123; x_wconf 82' lang='lat' dir='ltr'>prn-</span> 
     </span>
     <span class='ocr_line' id='line_1_23' title="bbox 543 2137 2742 2205; baseline 0.001 -18"><span class='ocrx_word' id='word_1_218' title='bbox 543 2138 724 2190; x_wconf 87' lang='lat' dir='ltr'>dentia</span> <span class='ocrx_word' id='word_1_219' title='bbox 750 2140 916 2189; x_wconf 80' lang='lat' dir='ltr'>civilis</span> <span class='ocrx_word' id='word_1_220' title='bbox 948 2144 1214 2202; x_wconf 85' lang='lat' dir='ltr'>cernatur,</span> <span class='ocrx_word' id='word_1_221' title='bbox 1248 2137 1370 2187; x_wconf 80' lang='lat' dir='ltr'>iude</span> <span class='ocrx_word' id='word_1_222' title='bbox 1413 2144 1470 2188; x_wconf 89' lang='lat' dir='ltr'>et</span> <span class='ocrx_word' id='word_1_223' title='bbox 1504 2138 1610 2188; x_wconf 78' lang='lat' dir='ltr'>doli</span> <span class='ocrx_word' id='word_1_224' title='bbox 1638 2137 1810 2188; x_wconf 86' lang='lat' dir='ltr'>bellici</span> <span class='ocrx_word' id='word_1_225' title='bbox 1844 2145 1901 2189; x_wconf 86' lang='lat' dir='ltr'>et</span> <span class='ocrx_word' id='word_1_226' title='bbox 1936 2139 2211 2189; x_wconf 60' lang='lat' dir='ltr'>Palaestra</span> <span class='ocrx_word' id='word_1_227' title='bbox 2232 2139 2474 2189; x_wconf 79' lang='lat' dir='ltr'>inventor</span> <span class='ocrx_word' id='word_1_228' title='bbox 2493 2145 2742 2205; x_wconf 83' lang='lat' dir='ltr'>tutorque</span> 
     </span>
     <span class='ocr_line' id='line_1_24' title="bbox 541 2218 2742 2272; baseline 0.001 -2"><span class='ocrx_word' id='word_1_229' title='bbox 541 2220 835 2270; x_wconf 86' lang='lat' dir='ltr'>Mercurius</span> <span class='ocrx_word' id='word_1_230' title='bbox 867 2226 965 2270; x_wconf 88' lang='lat' dir='ltr'>est.</span> <span class='ocrx_word' id='word_1_231' title='bbox 1032 2219 1198 2269; x_wconf 87' lang='lat' dir='ltr'>Erant</span> <span class='ocrx_word' id='word_1_232' title='bbox 1232 2225 1288 2268; x_wconf 88' lang='lat' dir='ltr'>et</span> <span class='ocrx_word' id='word_1_233' title='bbox 1323 2219 1378 2267; x_wconf 92' lang='lat' dir='ltr'>in</span> <span class='ocrx_word' id='word_1_234' title='bbox 1415 2218 1656 2269; x_wconf 84' lang='lat' dir='ltr'>omnibns</span> <span class='ocrx_word' id='word_1_235' title='bbox 1679 2218 1905 2270; x_wconf 63' lang='lat' dir='ltr'>Gracia</span> <span class='ocrx_word' id='word_1_236' title='bbox 1938 2220 2243 2272; x_wconf 80' lang='lat' dir='ltr'>civitatibus</span> <span class='ocrx_word' id='word_1_237' title='bbox 2279 2221 2412 2271; x_wconf 82' lang='lat' dir='ltr'>bene</span> <span class='ocrx_word' id='word_1_238' title='bbox 2435 2220 2742 2272; x_wconf 81' lang='lat' dir='ltr'>constitutis</span> 
     </span>
     <span class='ocr_line' id='line_1_25' title="bbox 544 2300 2418 2366; baseline 0.002 -16"><span class='ocrx_word' id='word_1_239' title='bbox 544 2301 835 2366; x_wconf 77' lang='lat' dir='ltr'>gymnasia,</span> <span class='ocrx_word' id='word_1_240' title='bbox 858 2302 911 2352; x_wconf 92' lang='lat' dir='ltr'>in</span> <span class='ocrx_word' id='word_1_241' title='bbox 932 2300 1115 2366; x_wconf 86' lang='lat' dir='ltr'>quibus</span> <span class='ocrx_word' id='word_1_242' title='bbox 1142 2301 1405 2351; x_wconf 84' lang='lat' dir='ltr'>Mercurio</span> <span class='ocrx_word' id='word_1_243' title='bbox 1425 2301 1626 2364; x_wconf 75' lang='lat' dir='ltr'>templa.</span> <span class='ocrx_word' id='word_1_244' title='bbox 1641 2307 1698 2351; x_wconf 84' lang='lat' dir='ltr'>et</span> <span class='ocrx_word' id='word_1_245' title='bbox 1717 2306 1905 2353; x_wconf 77' lang='lat' dir='ltr'>statute</span> <span class='ocrx_word' id='word_1_246' title='bbox 1928 2302 2199 2352; x_wconf 67' lang='lat' dir='ltr'>collocatae</span> <span class='ocrx_word' id='word_1_247' title='bbox 2222 2309 2418 2353; x_wconf 87' lang='lat' dir='ltr'>essent.</span> 
     </span>
    </p>

    <p class='ocr_par' dir='ltr' id='par_1_6' title="bbox 538 2381 2746 2856">
     <span class='ocr_line' id='line_1_26' title="bbox 608 2381 2743 2447; baseline 0.001 -17"><span class='ocrx_word' id='word_1_248' title='bbox 608 2382 925 2431; x_wconf 76' lang='lat' dir='ltr'>Mercaturae</span> <span class='ocrx_word' id='word_1_249' title='bbox 947 2382 1126 2444; x_wconf 86' lang='lat' dir='ltr'>etiam,</span> <span class='ocrx_word' id='word_1_250' title='bbox 1146 2394 1262 2445; x_wconf 77' lang='lat' dir='ltr'>quoe</span> <span class='ocrx_word' id='word_1_251' title='bbox 1294 2387 1350 2431; x_wconf 92' lang='lat' dir='ltr'>et</span> <span class='ocrx_word' id='word_1_252' title='bbox 1387 2381 1452 2431; x_wconf 85' lang='lat' dir='ltr'>ad</span> <span class='ocrx_word' id='word_1_253' title='bbox 1484 2381 1905 2447; x_wconf 84' lang='lat' dir='ltr'>conjunctionem</span> <span class='ocrx_word' id='word_1_254' title='bbox 1927 2397 1990 2433; x_wconf 88' lang='lat' dir='ltr'>ac</span> <span class='ocrx_word' id='word_1_255' title='bbox 2012 2384 2318 2434; x_wconf 76' lang='lat' dir='ltr'>societatem</span> <span class='ocrx_word' id='word_1_256' title='bbox 2340 2384 2602 2434; x_wconf 84' lang='lat' dir='ltr'>homiuum</span> <span class='ocrx_word' id='word_1_257' title='bbox 2625 2397 2743 2447; x_wconf 85' lang='lat' dir='ltr'>per·</span> 
     </span>
     <span class='ocr_line' id='line_1_27' title="bbox 541 2459 2743 2528; baseline 0.001 -17"><span class='ocrx_word' id='word_1_258' title='bbox 541 2459 725 2526; x_wconf 72' lang='lat' dir='ltr'>tinent,</span> <span class='ocrx_word' id='word_1_259' title='bbox 745 2468 802 2512; x_wconf 87' lang='lat' dir='ltr'>et</span> <span class='ocrx_word' id='word_1_260' title='bbox 823 2465 987 2513; x_wconf 85' lang='lat' dir='ltr'>multa</span> <span class='ocrx_word' id='word_1_261' title='bbox 1009 2463 1200 2528; x_wconf 75' lang='lat' dir='ltr'>ingenii</span> <span class='ocrx_word' id='word_1_262' title='bbox 1228 2464 1444 2514; x_wconf 72' lang='lat' dir='ltr'>solertia</span> <span class='ocrx_word' id='word_1_263' title='bbox 1473 2478 1605 2527; x_wconf 88' lang='lat' dir='ltr'>opus</span> <span class='ocrx_word' id='word_1_264' title='bbox 1638 2462 1850 2528; x_wconf 83' lang='lat' dir='ltr'>habeat,</span> <span class='ocrx_word' id='word_1_265' title='bbox 1881 2472 2071 2528; x_wconf 80' lang='lat' dir='ltr'>praeest</span> <span class='ocrx_word' id='word_1_266' title='bbox 2091 2465 2404 2527; x_wconf 81' lang='lat' dir='ltr'>Mercurius,</span> <span class='ocrx_word' id='word_1_267' title='bbox 2425 2465 2555 2515; x_wconf 88' lang='lat' dir='ltr'>lucri</span> <span class='ocrx_word' id='word_1_268' title='bbox 2579 2466 2743 2514; x_wconf 83' lang='lat' dir='ltr'>Deus.</span> 
     </span>
     <span class='ocr_line' id='line_1_28' title="bbox 541 2545 2743 2614; baseline 0 -19"><span class='ocrx_word' id='word_1_269' title='bbox 541 2545 696 2595; x_wconf 86' lang='lat' dir='ltr'>Unde</span> <span class='ocrx_word' id='word_1_270' title='bbox 731 2545 783 2595; x_wconf 92' lang='lat' dir='ltr'>in</span> <span class='ocrx_word' id='word_1_271' title='bbox 819 2553 1097 2596; x_wconf 84' lang='lat' dir='ltr'>monumm.</span> <span class='ocrx_word' id='word_1_272' title='bbox 1136 2545 1365 2596; x_wconf 86' lang='lat' dir='ltr'>occurrit</span> <span class='ocrx_word' id='word_1_273' title='bbox 1402 2552 1575 2596; x_wconf 88' lang='lat' dir='ltr'>rostro</span> <span class='ocrx_word' id='word_1_274' title='bbox 1613 2546 1784 2597; x_wconf 77' lang='lat' dir='ltr'>navali</span> <span class='ocrx_word' id='word_1_275' title='bbox 1819 2546 2059 2597; x_wconf 78' lang='lat' dir='ltr'>insistens</span> <span class='ocrx_word' id='word_1_276' title='bbox 2095 2547 2275 2614; x_wconf 80' lang='lat' dir='ltr'>(Lipp.</span> <span class='ocrx_word' id='word_1_277' title='bbox 2308 2548 2497 2612; x_wconf 85' lang='lat' dir='ltr'>Suppl.</span> <span class='ocrx_word' id='word_1_278' title='bbox 2521 2548 2680 2598; x_wconf 88' lang='lat' dir='ltr'>Dact.</span> <span class='ocrx_word' id='word_1_279' title='bbox 2702 2561 2743 2597; x_wconf 82' lang='lat'>1.</span> 
     </span>
     <span class='ocr_line' id='line_1_29' title="bbox 540 2627 2739 2694; baseline 0.001 -15"><span class='ocrx_word' id='word_1_280' title='bbox 540 2627 704 2691; x_wconf 70' lang='lat'>2⁰0.,)</span> <span class='ocrx_word' id='word_1_281' title='bbox 728 2641 846 2677; x_wconf 86' lang='lat' dir='ltr'>cnm</span> <span class='ocrx_word' id='word_1_282' title='bbox 871 2628 1098 2679; x_wconf 82' lang='lat' dir='ltr'>Fortuna</span> <span class='ocrx_word' id='word_1_283' title='bbox 1129 2628 1358 2678; x_wconf 79' lang='lat' dir='ltr'>sociatur</span> <span class='ocrx_word' id='word_1_284' title='bbox 1391 2628 1609 2694; x_wconf 79' lang='lat' dir='ltr'>(Cenaei</span> <span class='ocrx_word' id='word_1_285' title='bbox 1630 2629 1772 2680; x_wconf 85' lang='lat' dir='ltr'>Mus.</span> <span class='ocrx_word' id='word_1_286' title='bbox 1793 2630 1940 2679; x_wconf 74' lang='lat' dir='ltr'>Rom.</span> <span class='ocrx_word' id='word_1_287' title='bbox 1960 2635 2087 2679; x_wconf 86' lang='lat' dir='ltr'>tom.</span> <span class='ocrx_word' id='word_1_288' title='bbox 2109 2645 2153 2681; x_wconf 87' lang='lat'>1.</span> <span class='ocrx_word' id='word_1_289' title='bbox 2177 2630 2312 2681; x_wconf 83' lang='lat' dir='ltr'>Tab.</span> <span class='ocrx_word' id='word_1_290' title='bbox 2334 2643 2488 2681; x_wconf 57' lang='grc' dir='ltr'><strong>τινι.</strong></span> <span class='ocrx_word' id='word_1_291' title='bbox 2523 2645 2579 2694; x_wconf 88' lang='lat' dir='ltr'>p.</span> <span class='ocrx_word' id='word_1_292' title='bbox 2599 2628 2739 2693; x_wconf 71' lang='lat'><strong>82.)-</strong></span> 
     </span>
     <span class='ocr_line' id='line_1_30' title="bbox 539 2709 2746 2777; baseline 0 -17"><span class='ocrx_word' id='word_1_293' title='bbox 539 2711 641 2762; x_wconf 80' lang='lat' dir='ltr'>vid.</span> <span class='ocrx_word' id='word_1_294' title='bbox 657 2710 733 2760; x_wconf 89' lang='lat' dir='ltr'>ad</span> <span class='ocrx_word' id='word_1_295' title='bbox 757 2724 795 2760; x_wconf 87' lang='lat'>1.</span> <span class='ocrx_word' id='word_1_296' title='bbox 818 2710 925 2761; x_wconf 81' lang='lat' dir='ltr'>od.</span> <span class='ocrx_word' id='word_1_297' title='bbox 948 2714 1030 2761; x_wconf 69' lang='lat'>85.</span> <span class='ocrx_word' id='word_1_298' title='bbox 1049 2713 1100 2759; x_wconf 74' lang='grc' dir='ltr'><strong>ὃ.</strong></span> <span class='ocrx_word' id='word_1_299' title='bbox 1122 2710 1338 2775; x_wconf 67' lang='lat' dir='ltr'>ejusque</span> <span class='ocrx_word' id='word_1_300' title='bbox 1357 2709 1626 2760; x_wconf 89' lang='lat' dir='ltr'>caducens</span> <span class='ocrx_word' id='word_1_301' title='bbox 1668 2724 1785 2760; x_wconf 77' lang='lat' dir='ltr'>cum</span> <span class='ocrx_word' id='word_1_302' title='bbox 1825 2711 2051 2760; x_wconf 77' lang='lat' dir='ltr'>anchora</span> <span class='ocrx_word' id='word_1_303' title='bbox 2085 2711 2324 2775; x_wconf 73' lang='lat' dir='ltr'>jungitur</span> <span class='ocrx_word' id='word_1_304' title='bbox 2361 2710 2551 2777; x_wconf 79' lang='lat' dir='ltr'>(Lipp.</span> <span class='ocrx_word' id='word_1_305' title='bbox 2585 2711 2746 2762; x_wconf 66' lang='lat' dir='ltr'>Dact-</span> 
     </span>
     <span class='ocr_line' id='line_1_31' title="bbox 538 2790 1180 2856; baseline -0.002 -14"><span class='ocrx_word' id='word_1_306' title='bbox 538 2792 676 2842; x_wconf 87' lang='lat' dir='ltr'>Mill.</span> <span class='ocrx_word' id='word_1_307' title='bbox 699 2805 764 2841; x_wconf 89' lang='grc' dir='ltr'>ιι.</span> <span class='ocrx_word' id='word_1_308' title='bbox 789 2792 856 2841; x_wconf 88' lang='grc' dir='ltr'><strong>Ρ.</strong></span> <span class='ocrx_word' id='word_1_309' title='bbox 879 2805 919 2842; x_wconf 88' lang='grc' dir='ltr'>ι.</span> <span class='ocrx_word' id='word_1_310' title='bbox 946 2805 996 2839; x_wconf 88' lang='grc' dir='ltr'>ιι.</span> <span class='ocrx_word' id='word_1_311' title='bbox 1020 2790 1180 2856; x_wconf 74' lang='grc'><strong>130..)</strong></span> 
     </span>
    </p>

    <p class='ocr_par' dir='ltr' id='par_1_7' title="bbox 469 2853 2747 4319">
     <span class='ocr_line' id='line_1_32' title="bbox 602 2853 2742 2936; baseline -0.001 -12"><span class='ocrx_word' id='word_1_312' title='bbox 602 2872 857 2924; x_wconf 80' lang='lat' dir='ltr'>Quoniam</span> <span class='ocrx_word' id='word_1_313' title='bbox 894 2853 1102 2923; x_wconf 80' lang='lat' dir='ltr'>omnino</span> <span class='ocrx_word' id='word_1_314' title='bbox 1124 2872 1202 2923; x_wconf 90' lang='lat' dir='ltr'>sic</span> <span class='ocrx_word' id='word_1_315' title='bbox 1224 2872 1412 2935; x_wconf 86' lang='lat' dir='ltr'>omnia,</span> <span class='ocrx_word' id='word_1_316' title='bbox 1440 2871 1494 2920; x_wconf 89' lang='lat' dir='ltr'>in</span> <span class='ocrx_word' id='word_1_317' title='bbox 1518 2871 1707 2936; x_wconf 87' lang='lat' dir='ltr'>quibus</span> <span class='ocrx_word' id='word_1_318' title='bbox 1738 2871 1934 2935; x_wconf 78' lang='lat' dir='ltr'>ingenii</span> <span class='ocrx_word' id='word_1_319' title='bbox 1955 2872 2170 2923; x_wconf 86' lang='lat' dir='ltr'>solertia</span> <span class='ocrx_word' id='word_1_320' title='bbox 2196 2874 2450 2936; x_wconf 87' lang='lat' dir='ltr'>cernitur,</span> <span class='ocrx_word' id='word_1_321' title='bbox 2469 2872 2742 2923; x_wconf 78' lang='lat' dir='ltr'>Mercurio</span> 
     </span>
     <span class='ocr_line' id='line_1_33' title="bbox 537 2951 2742 3019; baseline -0 -15"><span class='ocrx_word' id='word_1_322' title='bbox 537 2954 697 3004; x_wconf 80' lang='lat' dir='ltr'>tribui</span> <span class='ocrx_word' id='word_1_323' title='bbox 721 2954 956 3017; x_wconf 78' lang='lat' dir='ltr'>proclive</span> <span class='ocrx_word' id='word_1_324' title='bbox 979 2960 1083 3016; x_wconf 88' lang='lat' dir='ltr'>est,</span> <span class='ocrx_word' id='word_1_325' title='bbox 1118 2952 1241 3002; x_wconf 86' lang='lat' dir='ltr'>hinc</span> <span class='ocrx_word' id='word_1_326' title='bbox 1260 2952 1409 3002; x_wconf 82' lang='lat' dir='ltr'>Deus</span> <span class='ocrx_word' id='word_1_327' title='bbox 1427 2958 1511 3002; x_wconf 89' lang='lat' dir='ltr'>est</span> <span class='ocrx_word' id='word_1_328' title='bbox 1534 2952 1695 3002; x_wconf 82' lang='lat' dir='ltr'>omnis</span> <span class='ocrx_word' id='word_1_329' title='bbox 1719 2953 1735 2980; x_wconf 90' lang='lat'>‘</span> <span class='ocrx_word' id='word_1_330' title='bbox 1753 2951 1883 3003; x_wconf 78' lang='lat' dir='ltr'>doli’</span> <span class='ocrx_word' id='word_1_331' title='bbox 1904 2967 1966 3002; x_wconf 93' lang='lat' dir='ltr'>ac</span> <span class='ocrx_word' id='word_1_332' title='bbox 1985 2955 2004 2981; x_wconf 74' lang='lat'><em>⁶</em></span> <span class='ocrx_word' id='word_1_333' title='bbox 2029 2951 2262 3015; x_wconf 77' lang='lat' dir='ltr'>fraudis,’</span> <span class='ocrx_word' id='word_1_334' title='bbox 2293 2955 2347 3003; x_wconf 85' lang='lat' dir='ltr'>in</span> <span class='ocrx_word' id='word_1_335' title='bbox 2369 2968 2472 3019; x_wconf 85' lang='lat' dir='ltr'>qua</span> <span class='ocrx_word' id='word_1_336' title='bbox 2492 2953 2742 3004; x_wconf 80' lang='lat' dir='ltr'>callidum</span> 
     </span>
     <span class='ocr_line' id='line_1_34' title="bbox 537 3031 2747 3101; baseline 0.001 -18"><span class='ocrx_word' id='word_1_337' title='bbox 537 3048 758 3084; x_wconf 80' lang='lat' dir='ltr'>acumen</span> <span class='ocrx_word' id='word_1_338' title='bbox 780 3042 881 3099; x_wconf 87' lang='lat' dir='ltr'>est,</span> <span class='ocrx_word' id='word_1_339' title='bbox 903 3050 1008 3101; x_wconf 87' lang='lat' dir='ltr'>qua</span> <span class='ocrx_word' id='word_1_340' title='bbox 1049 3034 1333 3098; x_wconf 80' lang='lat' dir='ltr'>imponitur</span> <span class='ocrx_word' id='word_1_341' title='bbox 1369 3040 1425 3085; x_wconf 88' lang='lat' dir='ltr'>et</span> <span class='ocrx_word' id='word_1_342' title='bbox 1462 3033 1700 3083; x_wconf 81' lang='lat' dir='ltr'>illuditur</span> <span class='ocrx_word' id='word_1_343' title='bbox 1728 3033 1861 3094; x_wconf 85' lang='lat' dir='ltr'>aliis,</span> <span class='ocrx_word' id='word_1_344' title='bbox 1885 3034 1972 3084; x_wconf 80' lang='lat' dir='ltr'>vel</span> <span class='ocrx_word' id='word_1_345' title='bbox 2008 3034 2286 3098; x_wconf 80' lang='lat' dir='ltr'>prudentia</span> <span class='ocrx_word' id='word_1_346' title='bbox 2305 3031 2446 3085; x_wconf 80' lang='lat' dir='ltr'>civili</span> <span class='ocrx_word' id='word_1_347' title='bbox 2469 3049 2532 3085; x_wconf 87' lang='lat' dir='ltr'>ac</span> <span class='ocrx_word' id='word_1_348' title='bbox 2554 3034 2747 3086; x_wconf 84' lang='lat' dir='ltr'>bellica</span> 
     </span>
     <span class='ocr_line' id='line_1_35' title="bbox 537 3113 2744 3180; baseline 0 -16"><span class='ocrx_word' id='word_1_349' title='bbox 537 3116 854 3178; x_wconf 72' lang='lat' dir='ltr'>postulante,</span> <span class='ocrx_word' id='word_1_350' title='bbox 912 3117 996 3165; x_wconf 80' lang='lat' dir='ltr'>vel</span> <span class='ocrx_word' id='word_1_351' title='bbox 1040 3114 1200 3165; x_wconf 88' lang='lat' dir='ltr'>animi</span> <span class='ocrx_word' id='word_1_352' title='bbox 1245 3120 1449 3165; x_wconf 85' lang='lat' dir='ltr'>tautum</span> <span class='ocrx_word' id='word_1_353' title='bbox 1491 3114 1797 3164; x_wconf 82' lang='lat' dir='ltr'>oblectandi</span> <span class='ocrx_word' id='word_1_354' title='bbox 1836 3113 2231 3180; x_wconf 71' lang='lat' dir='ltr'>innocentisque</span> <span class='ocrx_word' id='word_1_355' title='bbox 2258 3115 2367 3179; x_wconf 90' lang='lat' dir='ltr'>joci</span> <span class='ocrx_word' id='word_1_356' title='bbox 2401 3113 2614 3177; x_wconf 80' lang='lat' dir='ltr'>edendi,</span> <span class='ocrx_word' id='word_1_357' title='bbox 2652 3121 2744 3164; x_wconf 84' lang='lat' dir='ltr'>aut</span> 
     </span>
     <span class='ocr_line' id='line_1_36' title="bbox 532 3194 2741 3262; baseline 0.001 -20"><span class='ocrx_word' id='word_1_358' title='bbox 532 3194 730 3257; x_wconf 78' lang='lat' dir='ltr'>ingenii</span> <span class='ocrx_word' id='word_1_359' title='bbox 768 3197 1077 3247; x_wconf 75' lang='lat' dir='ltr'>ostendendi</span> <span class='ocrx_word' id='word_1_360' title='bbox 1116 3210 1305 3247; x_wconf 67' lang='lat' dir='ltr'>musa:</span> <span class='ocrx_word' id='word_1_361' title='bbox 1360 3210 1461 3262; x_wconf 89' lang='lat' dir='ltr'>quo</span> <span class='ocrx_word' id='word_1_362' title='bbox 1498 3194 1793 3260; x_wconf 81' lang='lat' dir='ltr'>referenda,</span> <span class='ocrx_word' id='word_1_363' title='bbox 1830 3210 1878 3246; x_wconf 79' lang='lat' dir='ltr'>e.</span> <span class='ocrx_word' id='word_1_364' title='bbox 1912 3211 1963 3261; x_wconf 74' lang='lat' dir='ltr'>g.</span> <span class='ocrx_word' id='word_1_365' title='bbox 2008 3195 2150 3246; x_wconf 81' lang='lat' dir='ltr'>furta</span> <span class='ocrx_word' id='word_1_366' title='bbox 2190 3196 2395 3261; x_wconf 74' lang='lat' dir='ltr'>jocosa,</span> <span class='ocrx_word' id='word_1_367' title='bbox 2436 3195 2741 3262; x_wconf 66' lang='lat' dir='ltr'>prestigia,</span> 
     </span>
     <span class='ocr_line' id='line_1_37' title="bbox 533 3275 2738 3343; baseline 0.002 -19"><span class='ocrx_word' id='word_1_368' title='bbox 533 3275 815 3327; x_wconf 85' lang='lat' dir='ltr'>illusiones·</span> <span class='ocrx_word' id='word_1_369' title='bbox 842 3292 1105 3343; x_wconf 83' lang='lat' dir='ltr'>sensuum,</span> <span class='ocrx_word' id='word_1_370' title='bbox 1140 3281 1244 3331; x_wconf 73' lang='grc' dir='ltr'><strong>διο.</strong></span> <span class='ocrx_word' id='word_1_371' title='bbox 1310 3278 1468 3331; x_wconf 81' lang='lat' dir='ltr'>Quod</span> <span class='ocrx_word' id='word_1_372' title='bbox 1504 3279 1795 3329; x_wconf 81' lang='lat' dir='ltr'>uuiversum</span> <span class='ocrx_word' id='word_1_373' title='bbox 1831 3293 1950 3329; x_wconf 87' lang='lat' dir='ltr'>cnm</span> <span class='ocrx_word' id='word_1_374' title='bbox 1980 3278 2155 3329; x_wconf 65' lang='lat' dir='ltr'>Greci</span> <span class='ocrx_word' id='word_1_375' title='bbox 2190 3277 2398 3341; x_wconf 70' lang='grc' dir='ltr'>κλοπὴν,</span> <span class='ocrx_word' id='word_1_376' title='bbox 2428 3277 2603 3328; x_wconf 80' lang='lat' dir='ltr'>Latini</span> <span class='ocrx_word' id='word_1_377' title='bbox 2624 3276 2738 3337; x_wconf 69' lang='lat' dir='ltr'>sur·</span> 
     </span>
     <span class='ocr_line' id='line_1_38' title="bbox 533 3357 2739 3425; baseline 0.002 -19"><span class='ocrx_word' id='word_1_378' title='bbox 533 3361 635 3406; x_wconf 69' lang='lat' dir='ltr'>tauns</span> <span class='ocrx_word' id='word_1_379' title='bbox 669 3357 850 3409; x_wconf 85' lang='lat' dir='ltr'>dicant</span> <span class='ocrx_word' id='word_1_380' title='bbox 880 3360 1098 3424; x_wconf 78' lang='lat' dir='ltr'>ipseque</span> <span class='ocrx_word' id='word_1_381' title='bbox 1140 3360 1435 3412; x_wconf 78' lang='lat' dir='ltr'>Mercurius</span> <span class='ocrx_word' id='word_1_382' title='bbox 1469 3360 1592 3411; x_wconf 83' lang='lat' dir='ltr'>iude</span> <span class='ocrx_word' id='word_1_383' title='bbox 1617 3360 1846 3425; x_wconf 71' lang='grc' dir='ltr'>ληΐπὴρ,</span> <span class='ocrx_word' id='word_1_384' title='bbox 1880 3362 2098 3425; x_wconf 53' lang='lat' dir='ltr'>paam&amp;</span> <span class='ocrx_word' id='word_1_385' title='bbox 2129 3359 2359 3424; x_wconf 72' lang='grc' dir='ltr'>ὄρχαμος,</span> <span class='ocrx_word' id='word_1_386' title='bbox 2396 3359 2512 3424; x_wconf 76' lang='lat' dir='ltr'>sar,</span> <span class='ocrx_word' id='word_1_387' title='bbox 2539 3358 2739 3419; x_wconf 59' lang='lat' dir='ltr'>suibus</span> 
     </span>
     <span class='ocr_line' id='line_1_39' title="bbox 531 3440 2739 3508; baseline 0 -21"><span class='ocrx_word' id='word_1_388' title='bbox 531 3444 689 3505; x_wconf 74' lang='lat' dir='ltr'>aptas,</span> <span class='ocrx_word' id='word_1_389' title='bbox 730 3441 811 3503; x_wconf 55' lang='grc' dir='ltr'>ξι.</span> <span class='ocrx_word' id='word_1_390' title='bbox 845 3440 1060 3502; x_wconf 81' lang='lat' dir='ltr'>audiat3</span> <span class='ocrx_word' id='word_1_391' title='bbox 1102 3440 1339 3504; x_wconf 84' lang='lat' dir='ltr'>fuerunt,</span> <span class='ocrx_word' id='word_1_392' title='bbox 1379 3442 1489 3507; x_wconf 87' lang='lat' dir='ltr'>qni,</span> <span class='ocrx_word' id='word_1_393' title='bbox 1536 3442 1759 3508; x_wconf 65' lang='lat' dir='ltr'>⁸decepti</span> <span class='ocrx_word' id='word_1_394' title='bbox 1811 3443 2198 3501; x_wconf 81' lang='lat' dir='ltr'>vocabulorum,</span> <span class='ocrx_word' id='word_1_395' title='bbox 2238 3455 2453 3507; x_wconf 83' lang='lat' dir='ltr'>quorum</span> <span class='ocrx_word' id='word_1_396' title='bbox 2491 3440 2739 3491; x_wconf 68' lang='lat' dir='ltr'>Graecum</span> 
     </span>
     <span class='ocr_line' id='line_1_40' title="bbox 533 3520 2738 3589; baseline -0 -19"><span class='ocrx_word' id='word_1_397' title='bbox 533 3526 590 3570; x_wconf 89' lang='lat' dir='ltr'>et</span> <span class='ocrx_word' id='word_1_398' title='bbox 611 3521 850 3572; x_wconf 84' lang='lat' dir='ltr'>Latinum</span> <span class='ocrx_word' id='word_1_399' title='bbox 887 3537 1035 3573; x_wconf 86' lang='lat' dir='ltr'>usum</span> <span class='ocrx_word' id='word_1_400' title='bbox 1058 3524 1342 3587; x_wconf 83' lang='lat' dir='ltr'>nescirent,</span> <span class='ocrx_word' id='word_1_401' title='bbox 1371 3524 1591 3589; x_wconf 84' lang='lat' dir='ltr'>speciali</span> <span class='ocrx_word' id='word_1_402' title='bbox 1615 3530 1673 3576; x_wconf 84' lang='lat' dir='ltr'>et</span> <span class='ocrx_word' id='word_1_403' title='bbox 1692 3524 1880 3576; x_wconf 88' lang='lat' dir='ltr'>notiori</span> <span class='ocrx_word' id='word_1_404' title='bbox 1904 3522 2295 3587; x_wconf 76' lang='lat' dir='ltr'>significatione,</span> <span class='ocrx_word' id='word_1_405' title='bbox 2329 3536 2445 3573; x_wconf 87' lang='lat' dir='ltr'>eum</span> <span class='ocrx_word' id='word_1_406' title='bbox 2471 3520 2643 3570; x_wconf 86' lang='lat' dir='ltr'>furum</span> <span class='ocrx_word' id='word_1_407' title='bbox 2677 3534 2738 3569; x_wconf 90' lang='lat' dir='ltr'>ac</span> 
     </span>
     <span class='ocr_line' id='line_1_41' title="bbox 530 3602 2738 3668; baseline 0.001 -19"><span class='ocrx_word' id='word_1_408' title='bbox 530 3602 813 3666; x_wconf 76' lang='lat' dir='ltr'>latronum,</span> <span class='ocrx_word' id='word_1_409' title='bbox 850 3605 985 3654; x_wconf 81' lang='lat' dir='ltr'>malo</span> <span class='ocrx_word' id='word_1_410' title='bbox 1020 3619 1192 3668; x_wconf 87' lang='lat' dir='ltr'>sensu,</span> <span class='ocrx_word' id='word_1_411' title='bbox 1226 3605 1394 3655; x_wconf 85' lang='lat' dir='ltr'>Deum</span> <span class='ocrx_word' id='word_1_412' title='bbox 1427 3603 1687 3657; x_wconf 81' lang='lat' dir='ltr'>facerent.</span> <span class='ocrx_word' id='word_1_413' title='bbox 1753 3606 1988 3655; x_wconf 78' lang='lat' dir='ltr'>Pessime</span> <span class='ocrx_word' id='word_1_414' title='bbox 2020 3604 2149 3655; x_wconf 83' lang='lat' dir='ltr'>hoc!</span> <span class='ocrx_word' id='word_1_415' title='bbox 2239 3603 2346 3656; x_wconf 78' lang='lat' dir='ltr'>Qui</span> <span class='ocrx_word' id='word_1_416' title='bbox 2385 3602 2552 3667; x_wconf 86' lang='lat' dir='ltr'>possit</span> <span class='ocrx_word' id='word_1_417' title='bbox 2595 3603 2738 3651; x_wconf 83' lang='lat' dir='ltr'>Dens</span> 
     </span>
     <span class='ocr_line' id='line_1_42' title="bbox 537 3682 2737 3750; baseline 0 -19"><span class='ocrx_word' id='word_1_418' title='bbox 537 3688 641 3731; x_wconf 89' lang='lat' dir='ltr'>tam</span> <span class='ocrx_word' id='word_1_419' title='bbox 681 3683 867 3734; x_wconf 89' lang='lat' dir='ltr'>nobilis</span> <span class='ocrx_word' id='word_1_420' title='bbox 907 3683 1124 3750; x_wconf 73' lang='grc' dir='ltr'><strong>(κύδιμος</strong></span> <span class='ocrx_word' id='word_1_421' title='bbox 1154 3685 1371 3750; x_wconf 72' lang='grc' dir='ltr'>Ἑρμῆς),</span> <span class='ocrx_word' id='word_1_422' title='bbox 1406 3685 1639 3736; x_wconf 88' lang='lat' dir='ltr'>Deorum</span> <span class='ocrx_word' id='word_1_423' title='bbox 1673 3685 1924 3748; x_wconf 86' lang='lat' dir='ltr'>Nuntius,</span> <span class='ocrx_word' id='word_1_424' title='bbox 1959 3685 2109 3735; x_wconf 89' lang='lat' dir='ltr'>Deus</span> <span class='ocrx_word' id='word_1_425' title='bbox 2141 3684 2295 3734; x_wconf 87' lang='lat' dir='ltr'>Pacis</span> <span class='ocrx_word' id='word_1_426' title='bbox 2327 3697 2389 3733; x_wconf 91' lang='lat' dir='ltr'>ac</span> <span class='ocrx_word' id='word_1_427' title='bbox 2426 3682 2737 3733; x_wconf 84' lang='lat' dir='ltr'>Securitatis</span> 
     </span>
     <span class='ocr_line' id='line_1_43' title="bbox 469 3762 2737 3829; baseline 0 -18"><span class='ocrx_word' id='word_1_428' title='bbox 469 3795 477 3810; x_wconf 60' lang='lat'><em>1</em></span> <span class='ocrx_word' id='word_1_429' title='bbox 529 3762 777 3824; x_wconf 62' lang='lat' dir='ltr'>publicae,</span> <span class='ocrx_word' id='word_1_430' title='bbox 797 3764 884 3829; x_wconf 86' lang='lat' dir='ltr'>qui</span> <span class='ocrx_word' id='word_1_431' title='bbox 905 3772 962 3815; x_wconf 90' lang='lat' dir='ltr'>et</span> <span class='ocrx_word' id='word_1_432' title='bbox 986 3774 1181 3829; x_wconf 77' lang='lat' dir='ltr'>praeest</span> <span class='ocrx_word' id='word_1_433' title='bbox 1203 3766 1502 3817; x_wconf 80' lang='lat' dir='ltr'>civitatibus</span> <span class='ocrx_word' id='word_1_434' title='bbox 1526 3767 1661 3817; x_wconf 76' lang='lat' dir='ltr'>bene</span> <span class='ocrx_word' id='word_1_435' title='bbox 1684 3766 2065 3817; x_wconf 75' lang='lat' dir='ltr'>constituendis</span> <span class='ocrx_word' id='word_1_436' title='bbox 2088 3780 2149 3815; x_wconf 86' lang='lat' dir='ltr'>ac</span> <span class='ocrx_word' id='word_1_437' title='bbox 2167 3764 2436 3828; x_wconf 79' lang='lat' dir='ltr'>regundis,</span> <span class='ocrx_word' id='word_1_438' title='bbox 2452 3765 2539 3829; x_wconf 79' lang='lat' dir='ltr'>qni</span> <span class='ocrx_word' id='word_1_439' title='bbox 2557 3770 2737 3814; x_wconf 84' lang='lat' dir='ltr'>auctor</span> 
     </span>
     <span class='ocr_line' id='line_1_44' title="bbox 536 3844 2738 3913; baseline -0 -19"><span class='ocrx_word' id='word_1_440' title='bbox 536 3852 618 3894; x_wconf 88' lang='lat' dir='ltr'>est</span> <span class='ocrx_word' id='word_1_441' title='bbox 647 3844 949 3909; x_wconf 78' lang='lat' dir='ltr'>Religionis,</span> <span class='ocrx_word' id='word_1_442' title='bbox 971 3860 1087 3896; x_wconf 86' lang='lat' dir='ltr'>esse</span> <span class='ocrx_word' id='word_1_443' title='bbox 1111 3846 1250 3897; x_wconf 87' lang='lat' dir='ltr'>idem</span> <span class='ocrx_word' id='word_1_444' title='bbox 1278 3853 1422 3897; x_wconf 82' lang='lat' dir='ltr'>tutor</span> <span class='ocrx_word' id='word_1_445' title='bbox 1444 3855 1551 3897; x_wconf 79' lang='lat' dir='ltr'>tam</span> <span class='ocrx_word' id='word_1_446' title='bbox 1576 3849 1745 3913; x_wconf 85' lang='lat' dir='ltr'>turpis</span> <span class='ocrx_word' id='word_1_447' title='bbox 1765 3848 1863 3911; x_wconf 89' lang='lat' dir='ltr'>rei,</span> <span class='ocrx_word' id='word_1_448' title='bbox 1882 3853 1989 3897; x_wconf 89' lang='lat' dir='ltr'>tam</span> <span class='ocrx_word' id='word_1_449' title='bbox 2013 3846 2420 3911; x_wconf 80' lang='lat' dir='ltr'>perniciosorum</span> <span class='ocrx_word' id='word_1_450' title='bbox 2443 3845 2738 3895; x_wconf 79' lang='lat' dir='ltr'>hominum?</span> 
     </span>
     <span class='ocr_line' id='line_1_45' title="bbox 533 3925 2734 3992; baseline 0 -19"><span class='ocrx_word' id='word_1_451' title='bbox 533 3925 817 3990; x_wconf 85' lang='lat' dir='ltr'>Nusquam,</span> <span class='ocrx_word' id='word_1_452' title='bbox 855 3941 1026 3992; x_wconf 88' lang='lat' dir='ltr'>neque</span> <span class='ocrx_word' id='word_1_453' title='bbox 1058 3928 1114 3979; x_wconf 88' lang='lat' dir='ltr'>in</span> <span class='ocrx_word' id='word_1_454' title='bbox 1137 3927 1482 3978; x_wconf 82' lang='lat' dir='ltr'>monumentis</span> <span class='ocrx_word' id='word_1_455' title='bbox 1509 3941 1680 3992; x_wconf 78' lang='lat' dir='ltr'>neque</span> <span class='ocrx_word' id='word_1_456' title='bbox 1703 3928 1755 3977; x_wconf 73' lang='lat' dir='ltr'>iu</span> <span class='ocrx_word' id='word_1_457' title='bbox 1781 3927 1963 3978; x_wconf 65' lang='lat' dir='ltr'>Poetis</span> <span class='ocrx_word' id='word_1_458' title='bbox 1986 3927 2233 3992; x_wconf 83' lang='lat' dir='ltr'>antiquis,</span> <span class='ocrx_word' id='word_1_459' title='bbox 2256 3933 2401 3976; x_wconf 85' lang='lat' dir='ltr'>recte</span> <span class='ocrx_word' id='word_1_460' title='bbox 2425 3925 2637 3991; x_wconf 88' lang='lat' dir='ltr'>quidem</span> <span class='ocrx_word' id='word_1_461' title='bbox 2660 3925 2734 3975; x_wconf 88' lang='lat' dir='ltr'>in·</span> 
     </span>
     <span class='ocr_line' id='line_1_46' title="bbox 533 4007 2732 4072; baseline -0 -16"><span class='ocrx_word' id='word_1_462' title='bbox 533 4007 782 4071; x_wconf 88' lang='lat' dir='ltr'>tellectis,</span> <span class='ocrx_word' id='word_1_463' title='bbox 807 4009 944 4059; x_wconf 84' lang='lat' dir='ltr'>hunc</span> <span class='ocrx_word' id='word_1_464' title='bbox 966 4007 1208 4060; x_wconf 80' lang='lat' dir='ltr'>infamem</span> <span class='ocrx_word' id='word_1_465' title='bbox 1231 4011 1589 4061; x_wconf 79' lang='lat' dir='ltr'>characterem</span> <span class='ocrx_word' id='word_1_466' title='bbox 1608 4010 1901 4061; x_wconf 87' lang='lat' dir='ltr'>Mercurius</span> <span class='ocrx_word' id='word_1_467' title='bbox 1922 4009 2109 4059; x_wconf 71' lang='lat' dir='ltr'>habet:</span> <span class='ocrx_word' id='word_1_468' title='bbox 2133 4008 2239 4059; x_wconf 74' lang='lat' dir='ltr'>viti.</span> <span class='ocrx_word' id='word_1_469' title='bbox 2256 4008 2451 4072; x_wconf 87' lang='lat' dir='ltr'>Speuc.</span> <span class='ocrx_word' id='word_1_470' title='bbox 2476 4007 2732 4072; x_wconf 73' lang='lat' dir='ltr'>Polymet.</span> 
     </span>
     <span class='ocr_line' id='line_1_47' title="bbox 534 4088 2741 4156; baseline 0.001 -21"><span class='ocrx_word' id='word_1_471' title='bbox 534 4088 672 4138; x_wconf 85' lang='lat' dir='ltr'>Dial.</span> <span class='ocrx_word' id='word_1_472' title='bbox 695 4101 825 4138; x_wconf 75' lang='lat' dir='ltr'>vnn·</span> <span class='ocrx_word' id='word_1_473' title='bbox 857 4103 910 4153; x_wconf 89' lang='lat' dir='ltr'>p.</span> <span class='ocrx_word' id='word_1_474' title='bbox 932 4093 1046 4140; x_wconf 79' lang='lat'><strong>1⁰8.</strong></span> <span class='ocrx_word' id='word_1_475' title='bbox 1114 4090 1340 4141; x_wconf 77' lang='lat' dir='ltr'>Omnino</span> <span class='ocrx_word' id='word_1_476' title='bbox 1370 4099 1428 4143; x_wconf 85' lang='lat' dir='ltr'>et</span> <span class='ocrx_word' id='word_1_477' title='bbox 1458 4093 1513 4141; x_wconf 91' lang='lat' dir='ltr'>in</span> <span class='ocrx_word' id='word_1_478' title='bbox 1548 4090 1734 4142; x_wconf 62' lang='lat' dir='ltr'>frasse</span> <span class='ocrx_word' id='word_1_479' title='bbox 1756 4093 1913 4154; x_wconf 86' lang='lat' dir='ltr'>mala,</span> <span class='ocrx_word' id='word_1_480' title='bbox 1935 4090 2181 4156; x_wconf 78' lang='lat' dir='ltr'>furtoque</span> <span class='ocrx_word' id='word_1_481' title='bbox 2205 4090 2393 4153; x_wconf 81' lang='lat' dir='ltr'>vetito,</span> <span class='ocrx_word' id='word_1_482' title='bbox 2414 4089 2643 4139; x_wconf 60' lang='lat' dir='ltr'>solertia</span> <span class='ocrx_word' id='word_1_483' title='bbox 2665 4089 2741 4138; x_wconf 89' lang='lat' dir='ltr'>lo-.</span> 
     </span>
     <span class='ocr_line' id='line_1_48' title="bbox 531 4167 2730 4238; baseline -0 -22"><span class='ocrx_word' id='word_1_484' title='bbox 531 4182 626 4226; x_wconf 71' lang='lat' dir='ltr'>cus</span> <span class='ocrx_word' id='word_1_485' title='bbox 651 4174 761 4229; x_wconf 83' lang='lat' dir='ltr'>est;</span> <span class='ocrx_word' id='word_1_486' title='bbox 790 4168 881 4218; x_wconf 87' lang='lat' dir='ltr'>sed</span> <span class='ocrx_word' id='word_1_487' title='bbox 907 4170 1024 4234; x_wconf 85' lang='lat' dir='ltr'>quis</span> <span class='ocrx_word' id='word_1_488' title='bbox 1047 4170 1257 4222; x_wconf 80' lang='lat' dir='ltr'>tandem</span> <span class='ocrx_word' id='word_1_489' title='bbox 1280 4173 1636 4224; x_wconf 75' lang='lat' dir='ltr'>characterem</span> <span class='ocrx_word' id='word_1_490' title='bbox 1657 4172 1933 4237; x_wconf 72' lang='grc' dir='ltr'><strong>Ιιοιιιίιιιιιιι,</strong></span> <span class='ocrx_word' id='word_1_491' title='bbox 1954 4174 2039 4222; x_wconf 79' lang='lat' dir='ltr'>vel</span> <span class='ocrx_word' id='word_1_492' title='bbox 2063 4170 2475 4238; x_wconf 75' lang='lat' dir='ltr'>pmclarissimis</span> <span class='ocrx_word' id='word_1_493' title='bbox 2495 4167 2730 4221; x_wconf 86' lang='lat' dir='ltr'>Numinis</span> 
     </span>
     <span class='ocr_line' id='line_1_49' title="bbox 531 4247 2730 4319; baseline 0.001 -24"><span class='ocrx_word' id='word_1_494' title='bbox 531 4247 751 4311; x_wconf 82' lang='lat' dir='ltr'>alicujus</span> <span class='ocrx_word' id='word_1_495' title='bbox 772 4249 920 4304; x_wconf 88' lang='lat' dir='ltr'>dunis</span> <span class='ocrx_word' id='word_1_496' title='bbox 955 4252 1299 4318; x_wconf 82' lang='lat' dir='ltr'>abutentium,</span> <span class='ocrx_word' id='word_1_497' title='bbox 1335 4254 1390 4306; x_wconf 87' lang='lat' dir='ltr'>in</span> <span class='ocrx_word' id='word_1_498' title='bbox 1427 4255 1601 4310; x_wconf 83' lang='lat' dir='ltr'>Deum</span> <span class='ocrx_word' id='word_1_499' title='bbox 1627 4254 1798 4319; x_wconf 87' lang='lat' dir='ltr'>ipsum</span> <span class='ocrx_word' id='word_1_500' title='bbox 1833 4253 2153 4306; x_wconf 81' lang='lat' dir='ltr'>transferat?</span> <span class='ocrx_word' id='word_1_501' title='bbox 2220 4253 2415 4303; x_wconf 81' lang='lat' dir='ltr'>Verum</span> <span class='ocrx_word' id='word_1_502' title='bbox 2438 4250 2577 4301; x_wconf 80' lang='lat' dir='ltr'>idem</span> <span class='ocrx_word' id='word_1_503' title='bbox 2599 4247 2730 4300; x_wconf 83' lang='lat' dir='ltr'>acci·</span> 
     </span>
    </p>
   </div>
  </div>
 </body>
</html>
