3059 4909
610 672 738 769 Q.
816 635 1580 763 'HOR'ATII
1684 629 2432 754 FLA·CCI‘'

1030 919 1157 1034 V
1276 918 1407 1036 Ι·
1472 918 1612 1035 Τ·
1702 917 1863 1051 Α,

1223 1207 1687 1277 AUCTORE

660 1435 751 1513 C.
831 1429 1401 1512 SUETONIO
1487 1363 2276 1516 TRA-NQmLLffl

1149 1671 1898 1721 π“’

359 1865 488 1959 Q·
522 1881 943 1966 HoRATms'
975 1885 1353 1969 Fucens,
1382 1879 1790 1964 Venusinae,
1835 1882 2048 1969 patre,
2094 1881 2169 1952 u‘t
2213 1886 2364 1970 ipse
2412 1877 2571 1971 qui-⁸

358 1992 508 2060 dem
552 1994 784 2075 tradit,
824 1995 1174 2062 libertino*
1217 1998 1288 2060 et
1330 1987 1852 2058 exauctionum⁶
1897 1993 2252 2070 coactore;
2298 1993 2374 2055 ut
2402 2005 2558 2055 vero

421 2180 445 2227 t
477 2172 782 2227 Suetonium
817 2174 1168 2243 Tranquillum
1207 2178 1419 2226 constat

354 2247 617 2327 {fibellum
659 2252 932 2317 scripsisse
973 2252 1040 2303 de
1079 2250 1281 2316 Poetis,
1314 2263 1418 2316 quo

357 2338 537 2376 eornm
580 2327 730 2378 Vitas
765 2329 1229 2393 complecteretur.
1295 2325 1419 2378 vid.

356 2399 487 2454 laid.
510 2400 659 2467 Orig.
680 2417 807 2455 vm.
834 2408 885 2456 7.
948 2404 1031 2455 Ex
1059 2417 1123 2455 eo
1145 2408 1419 2454 servarunt

354 2476 455 2526 viri
477 2477 620 2529 docti
642 2480 798 2531 Vitas
819 2481 1035 2546 Lucani,
1050 2480 1299 2543 Terentii,
1315 2481 1418 2534 διο.

354 2553 477 2605 Jam
499 2555 553 2605 in
575 2555 843 2607 codicibus
861 2557 1087 2625 antiquis
1103 2562 1316 2622 reperta
1335 2560 1419 2605 est

357 2631 468 2686 vita
504 2632 738 2699 Horatii,
771 2649 889 2700 quai
924 2634 1122 2685 diserte
1163 2631 1418 2683 tribuere·

358 2715 444 2759 tur
464 2708 735 2760 Suetonio.
798 2711 928 2761 Eam
960 2708 1158 2775 primus
1180 2707 1246 2759 P.
1273 2705 1417 2757 Nan·

358 2784 475 2835 nius
518 2799 549 2836 e
582 2784 700 2838 cod.
740 2786 1052 2837 Buslidiano
1083 2783 1417 2850 Miscellane-

345 2875 506 2923 ,orum
551 2877 763 2913 suorum
809 2864 932 2915 libri
966 2876 1056 2914 ιιι.
1098 2876 1220 2928 cap,
1262 2865 1310 2912 1.
1341 2861 1420 2911 in·

359 2945 615 2989 sex-uerat·
680 2939 883 2991 Deinde
915 2955 948 2991 e
979 2939 1099 2992 cod.
1121 2937 1422 2990 Bland.an·‘

356 3014 558 3080 tiquiss·
572 3030 624 3066 ‘a
654 3013 983 3070 Bernardino
1005 3015 1313 3067 Lauredano
1333 3029 1419 3066 ac·

359 3100 565 3156 ceptam
577 3093 816 3144 Muretus
833 3092 1066 3144 Editioni
1083 3106 1191 3143 snm
1207 3106 1258 3143 a.
1275 3095 1421 3141 1655.

361 3168 681 3232 praefixerat,
699 3170 901 3237 sibique
917 3169 1112 3233 primus
1125 3168 1285 3221 edere
1304 3182 1422 3233 per·

359 3259 541 3309 peram
560 3244 704 3295 visus
720 3253 852 3296 erat.
906 3246 1039 3295 Post
1059 3251 1117 3295 et
1139 3245 1335 3310 Cruqu.
1354 3258 1422 3294 ex

361 3320 543 3372 eodem
598 3321 745 3373 cod:
775 3321 964 3372 edidit.
1027 3318 1420 3371 Mendosissima

359 3396 511 3448 initio
531 3403 666 3453 erat,
697 3397 786 3448 sed
817 3395 914 3448 viri
948 3396 1092 3447 docti
1124 3402 1245 3461 post
1275 3409 1306 3447 e
1331 3410 1420 3445 ve-

362 3473 517 3524 tustis
555 3473 690 3523 Mas.
731 3480 788 3524 et
826 3473 1131 3536 conjectura
1173 3473 1420 3537 pleraque

360 3548 727 3611 emendarunt,
778 3548 1015 3613 inprimis
1089 3546 1421 3612 Rutgersius,

362 3624 678 3687 Gronovius,
689 3623 1040 3687 casaubonus,
1053 3622 1280 3673 Vossius.
1314 3623 1420 3674 Sed

355 3708 564 3753 essetne
580 3714 644 3751 ea
655 3701 783 3753 Vita
803 3701 1011 3752 omnino
1025 3699 1284 3764 Suetonii,
1300 3713 1420 3751 uec·

360 3793 446 3842 ne,
462 3778 758 3831 dubitatum
781 3786 881 3831 est.
944 3778 1051 3833 Qui
1074 3777 1214 3830 istud
1237 3777 1420 3831 defen·

360 3854 512 3918 dunt,
533 3863 722 3920 urgent
753 3855 867 3907 fere
894 3853 1285 3908 similitudinem
1309 3855 1421 3906 dic-

358 3933 517 3984 tionis
557 3949 674 3986 cum
708 3934 846 3999 stylo
874 3934 1129 3986 Suetonii.
1196 3934 1326 3987 Qum
1350 3935 1421 3984 li·

359 4018 445 4060 cet
466 4012 647 4075 negari
667 4018 912 4077 nequeat,
930 4020 1107 4062 tamen
1145 4010 1423 4063 admodum

359 4085 617 4139 infirmum
638 4101 670 4137 e
688 4087 777 4138 tali
797 4087 1135 4140 similitudine
1146 4102 1421 4151 argumen-

363 4168 472 4213 tum
493 4170 594 4213 est.
660 4163 800 4214 Illud
830 4171 1006 4216 autem
1032 4164 1260 4230 gravius,
1282 4166 1420 4232 qnod

363 4235 690 4306 Porphyrion
724 4239 789 4293 ad
829 4240 997 4305 Epist.
1034 4254 1097 4292 ιι.
1118 4244 1165 4294 l.
1185 4255 1273 4307 pr.
1293 4240 1421 4296 scri·

1496 2169 1614 2223 bit:
1662 2173 1680 2203 ⁸
1701 2172 1944 2240 Apparet
1977 2176 2113 2227 bunc
2140 2174 2328 2226 librum
2349 2172 2564 2225 hortatu

1498 2248 1719 2322 Caesaris
1769 2252 2026 2317 scriptum
2077 2264 2210 2303 csse.
2275 2250 2439 2316 Cujus
2486 2249 2566 2300 rei

1493 2327 1660 2377 etiam
1714 2328 1997 2396 Suetonius
2042 2335 2228 2380 auctor
2266 2334 2390 2389 est;
2445 2341 2564 2377 nam

1499 2405 1640 2467 apud
1663 2417 1781 2454 eum
1814 2405 2054 2470 Epistola
2077 2406 2340 2457 invenitur
2362 2403 2566 2468 Augus·

1501 2479 1563 2542 ti,
1600 2479 1922 2544 increpantis
1962 2481 2263 2543 Horatium,
2285 2479 2425 2546 quod
2457 2491 2565 2532 non

1497 2555 1565 2604 ad
1583 2570 1638 2604 se
1661 2570 1867 2621 quoque
1891 2556 2118 2620 plurima
2140 2554 2379 2606 scribat-³
2442 2554 2566 2604 Hoc

1500 2633 1718 2697 inquam
1745 2632 1862 2696 plus
1886 2632 2134 2683 momenti
2156 2633 2353 2693 babet3
2405 2642 2566 2695 quan·

1494 2723 1652 2773 quam
1676 2718 1751 2774 et,
1774 2708 1817 2759 si
1850 2708 2033 2760 durior
2066 2709 2152 2772 sis,
2170 2708 2353 2760 dicere
2377 2706 2566 2772 possis,

1499 2798 1602 2835 non
1624 2784 1744 2837 ideo
1761 2800 1979 2837 necesse
2014 2800 2149 2850 esse,
2179 2791 2235 2836 ut
2256 2784 2391 2849 baec,
2410 2797 2567 2850 quam

1496 2860 1654 2916 hodie
1687 2863 1959 2926 habemus,
1981 2862 2195 2913 Horatii
2217 2860 2344 2914 Vita
2375 2874 2405 2910 a
2437 2860 2567 2911 Sue-

1498 2939 1642 2988 tonio
1686 2939 1774 3004 sit,
1825 2954 1943 2991 nam
1999 2953 2148 3004 posse
2188 2938 2350 2989 nihilo
2399 2936 2567 2988 secius

1499 3015 1911 3068 Grammaticum
1948 3015 2195 3066 seriorem
2234 3014 2350 3078 ejus
2388 3017 2566 3064 aucto·

1502 3107 1614 3143 rem
1635 3106 1773 3151 esse,
1794 3100 1851 3143 et
1871 3091 2025 3143 modo
2046 3090 2173 3141 illud
2214 3090 2284 3144 de
2321 3089 2564 3153 Angusto

1502 3183 1534 3218 e
1557 3169 1805 3220 Suetonio
1827 3169 2088 3220 sumsisse.
2154 3165 2260 3218 Sed
2284 3166 2367 3215 vel
2391 3166 2466 3215 sic
2486 3163 2566 3215 fa-

1502 3243 1604 3295 cile
1657 3245 1953 3297 inducimur
2007 3245 2071 3296 ad
2113 3243 2457 3296 rectissimum
2496 3242 2565 3302 de

1500 3320 1598 3372 bac
1616 3322 1741 3374 Vita
1750 3320 2041 3386 judiciumz
2077 3334 2194 3371 esse
2216 3334 2330 3370 eam
2355 3317 2565 3370 omnino

1501 3414 1535 3449 a
1566 3399 1841 3464 Suetonio,
1871 3399 1963 3452 sed
1998 3397 2381 3452 Grammaticos
2415 3401 2473 3445 et
2502 3395 2566 3445 li-

1501 3474 1704 3526 brarios
1727 3476 2029 3539 Monachus,
2050 3474 2139 3540 qui
2161 3473 2302 3523 iliam
2318 3470 2564 3523 transcri-

1502 3550 1712 3614 berent,
1733 3552 1818 3606 vel
1840 3551 2098 3613 omisisse,
2122 3550 2173 3599 in
2197 3564 2288 3600 suo
2308 3561 2567 3614 quemque

1502 3629 1762 3694 exemplo,
1801 3627 2060 3694 quaedam,
2099 3627 2183 3678 vel
2216 3625 2316 3675 alia
2337 3623 2418 3673 -de
2456 3623 2564 3680 suis

1501 3704 1885 3768 interpolasse3
1920 3703 2057 3770 quod
2081 3702 2318 3753 ultimum
2339 3699 2408 3751 de
2433 3698 2567 3751 infa-

1499 3784 1573 3834 mi
1619 3783 1710 3832 illo
1754 3783 1870 3832 loco
1907 3780 1976 3832 de
2018 3779 2292 3845 speculato
2325 3777 2568 3832 cubiculo

1500 3857 1849 3910 certissimum
1882 3862 1981 3908 est.
2047 3855 2292 3906 Ceterum
2327 3854 2567 3928 Porphy-

1501 3935 1703 3986 rionem
1734 3934 1893 3986 etiam
1931 3932 2107 3986 Vitam
2151 3932 2366 3983 Horatii
2402 3934 2567 3997 scripg

1502 4011 1656 4076 sisse,
1678 4010 1792 4078 ipse
1829 4016 2055 4063 testatur
2094 4009 2160 4060 ad
2198 4023 2241 4061 1.
2277 4009 2392 4060 Sat.
2410 4013 2460 4060 6.
2480 4014 2565 4061 41.

1498 4087 1642 4139 anni.

1523 4197 1528 4203 ι
1568 4171 1593 4198 ⁸
1623 4161 1897 4228 Libertina]
1929 4162 2067 4214 Vide
2091 4176 2131 4214 ι.
2153 4161 2263 4213 Sat.
2280 4164 2329 4213 6.
2350 4164 2432 4211 45.
2456 4162 2562 4224 qui-

1478 4243 1609 4295 ‘dem
1630 4240 1784 4296 deest
1804 4241 1856 4293 in
1879 4238 2187 4305 quibusdam
2218 4236 2408 4300 editis,
2455 4238 2568 4289 eie·
