3059 4909
995 375 1412 459 cinnamum
1466 409 1613 459 ma.
1660 410 1706 460 ι.
1748 396 1857 467 37.

677 553 996 620 Tractare
1026 562 1417 640 serpentes,
1436 560 1760 623 ntatrum

762 656 1062 742 Corpore
1093 659 1501 724 combiberet
1530 660 1896 741 venenum3

594 757 983 827 Deliberaia
1011 768 1218 827 morte
1245 755 1531 826 ferocior
1564 782 1579 826 ε

590 864 810 934 Saevis
840 863 1156 930 Liburnis
1189 864 1455 931 scilicet
1482 864 1816 930 invidens.

676 966 959 1066 Priyata
988 967 1236 1033 deduci
1267 969 1561 1053 superbo

759 1069 923 1169 Non
952 1071 1224 1136 humilis
1254 1072 1488 1137 mulier
1516 1071 1874 1158 triumpho.

323 1247 368 1291 et
389 1244 610 1291 constans
628 1254 778 1290 soevas
800 1240 988 1303 aspides
1007 1241 1304 1303 attrectavit,
1326 1244 1380 1290 ut
1409 1240 1606 1303 nigrum
1637 1240 1774 1290 ciras
1793 1236 2235 1303 commeminerint,
2254 1241 2403 1287 morte
2423 1254 2533 1290 con·

321 1308 492 1356 stitata
508 1305 748 1355 audacior.
813 1306 998 1370 Nempe
1007 1306 1210 1367 foemina
1224 1307 1350 1355 haud
1369 1305 1596 1369 ignobilis
1609 1306 1672 1355 ad
1692 1306 1993 1371 magnificum
2008 1302 2222 1366 Augusti
2242 1303 2532 1368 triumphum

323 1372 553 1422 Liburnis
567 1370 812 1431 ferocibus
833 1373 960 1421 veliet
976 1371 1168 1436 privata
1191 1371 1354 1422 devehi
1373 1371 1671 1422 abhorrebat.
1715 1421 1720 1429 ,

1242 1500 1301 1519 θ’

324 1602 485 1666 Cruq.
499 1602 739 1651 Torrent.
761 1600 833 1650 H.
849 1606 903 1650 et
921 1601 984 1650 R.
1005 1595 1217 1665 Stephh.
1235 1598 1419 1651 Heius.
1442 1599 1655 1651 Fabi-ic.
1674 1598 1801 1649 Fab.
1817 1599 2008 1648 Dacer.
2031 1598 2207 1648 Burm.
2225 1597 2528 1649 Clin.Baxt.

324 1668 494 1717 Bond.
512 1666 707 1730 Delph.
723 1666 989 1716 Scbrevei.
1013 1674 1068 1716 et
1093 1666 1276 1716 Comb.
1321 1665 1426 1716 Sed
1449 1666 1584 1716 valta
1604 1680 1784 1727 sereno,
1796 1664 1947 1725 fortis
1968 1670 2015 1713 et
2035 1664 2246 1712 Venett.
2284 1662 2401 1713 Asc.
2427 1665 2524 1714 Lo-

323 1733 465 1782 cher.
489 1732 670 1783 Bentl.
692 1732 813 1782 San.
828 1732 950 1784 Jon.
968 1731 1182 1782 Mitsch.
1198 1732 1412 1795 Bipont.
1429 1732 1648 1781 Wetzel.
1674 1727 2132 1781 Wakef.et·Kidd.
2165 1727 2302 1779 Vide
2319 1729 2527 1780 Wakef.

322 1798 387 1848 ad
409 1799 562 1861 Virg.
585 1797 747 1847 Geor.
772 1810 861 1848 111.
887 1800 969 1847 80.
1036 1804 1050 1826 ⁴
1069 1798 1139 1847 Et
1176 1797 1253 1846 sic
1279 1803 1423 1846 recte
1448 1796 1713 1862 dispungi,
1746 1794 2002 1860 quomodo
2042 1809 2144 1844 non
2179 1793 2405 1843 viderint
2445 1803 2526 1844 tot

322 1861 557 1913 editores
577 1876 644 1911 ex
668 1864 828 1913 totius
847 1863 1127 1912 sententiae
1153 1869 1434 1922 structura,
1458 1875 1563 1911 non
1591 1860 1871 1925 assequor.’
1903 1859 2042 1909 Jani.
2086 1859 2239 1920 fortis
2259 1864 2306 1909 et

2327 1860 2523 1923 aspidas

320 1928 448 1978 Var.
475 1929 627 1978 Lect.
650 1943 735 1991 ap.
754 1928 1072 1980 Janes.—28
1107 1927 1330 1977 Mentel.
1356 1927 1552 1976 Pectore
1572 1926 2004 1975 combiberet—29
2038 1924 2267 1973 Delibata
2295 1939 2356 1974 m.
2384 1926 2520 1985 fero-

320 1994 424 2042 cior
446 1992 604 2042 Sacis
635 1992 861 2042 Liburnis
884 1994 1118 2057 jungunt
1150 1992 1343 2042 Scholl.
1377 1999 1432 2041 et
1471 1992 1593 2042 edd.
1633 1990 1745 2040 fere
1786 2005 1959 2039 omnes
1996 1997 2128 2039 vett.
2162 1990 2286 2038 item
2320 1989 2524 2040 Marcii.

321 2059 569 2108 Nostram
593 2058 980 2108 distinctionem
1007 2065 1219 2107 servant
1244 2056 1422 2107 Lamb.
1447 2058 1607 2123 Cruq.
1625 2058 1870 2107 Torrent-
1892 2061 1947 2105 et
1968 2061 2191 2105 recentt.
2216 2060 2270 2105 et
2295 2054 2525 2105 vindicat

317 2121 380 2172 Ρ.
405 2123 675 2173 Victorius
697 2124 851 2173 Varr.
876 2124 1046 2174 Lectt.
1070 2128 1194 2173 x.9.

1317 2220 1537 2272 NOTAE

320 2324 399 2370 lo.
435 2325 451 2349 ‘
472 2318 792 2385 Cleopatra‚'
822 2319 1007 2385 inquit,
1027 2321 1044 2351 ‘
1063 2336 1164 2371 non
1180 2321 1293 2385 jam
1317 2321 1384 2370 de

317 2399 447 2459 vita,
487 2412 605 2469 quae
643 2396 983 2461 offerebatur,
1017 2398 1112 2448 sed
1146 2399 1210 2448 de
1236 2404 1383 2463 parte

319 2475 464 2540 regni
494 2471 782 2525 laborabat.
850 2475 1004 2528 Quod
1026 2476 1116 2526 ubi
1140 2477 1384 2540 despera-

315 2549 392 2601 v'it
428 2566 459 2600 a
493 2550 765 2615 Principe,
802 2552 1099 2616 servarique
1124 2566 1182 2601 sc
1203 2552 1384 2602 trium-

316 2631 420 2694 pho
449 2628 621 2690 vidit3
657 2630 1000 2680 incautiorem
1033 2636 1188 2680 nacta
1209 2637 1383 2680 custo·

316 2705 481 2767 diam,
500 2705 553 2754 in
579 2706 905 2756 Mausoleum
927 2720 983 2755 se
1011 2707 1284 2771 (sepulcra
1305 2720 1384 2756 re·

318 2796 440 2845 gum
465 2781 542 2831 sic
565 2780 782 2847 vocant)
820 2783 1058 2847 recepit:
1095 2782 1185 2833 ubi
1222 2783 1385 2832 maxi-

316 2872 446 2920 mos,
469 2866 528 2907 nt
552 2859 773 2918 solebat,
797 2859 978 2909 induta
1001 2860 1189 2924 cultus,
1212 2859 1265 2909 in
1288 2854 1385 2909 dis,

314 2934 455 2986 ferto
495 2936 739 2987 odoribus
770 2937 918 3000 solio,
950 2938 1107 3003 juxta
1142 2954 1290 2989 suum
1327 2954 1384 2989 se

317 3012 596 3063 collocavit
636 3014 939 3076 Antonium,
973 3015 1296 3081 admotisque
1317 3016 1384 3067 ad

315 3101 478 3141 venas
498 3091 846 3153 serpentibus,
874 3092 1023 3157 quasi
1044 3106 1222 3143 somno
1248 3094 1384 3143 solu-

319 3168 406 3217 ta.'
451 3168 701 3218 Similiter
727 3169 1037 3220 Plutarchus
1060 3168 1244 3233 refert,
1276 3184 1386 3221 om·-

316 3246 459 3294 ninm
495 3259 689 3309 genera
711 3260 1025 3295 venenorum
1047 3246 1101 3295 in
1126 3245 1384 3297 damnatis

318 3334 590 3389 expertam
631 3340 644 3372 ε
702 3324 909 3373 anxiam
973 3328 1147 3373 autem
1202 3322 1387 3387 fnisse,

318 3405 456 3472 qnod
484 3419 598 3469 quae
615 3406 722 3454 cito
737 3404 1123 3468 extinguerent,
1147 3410 1387 3454 crearent

318 3485 584 3533 dolorem:
620 3497 737 3547 quae
773 3495 897 3531 vero
941 3482 1053 3531 sine
1088 3480 1270 3533 dolore
1311 3496 1386 3531 es·

317 3567 454 3617 sent,
475 3559 750 3610 celeritate
768 3568 1011 3609 carerent
1033 3575 1047 3607 ε
1068 3558 1279 3608 tandem
1294 3565 1384 3609 vc:-

316 3651 375 3687 ro
409 3636 813 3704 deprehendisse
854 3635 1048 3700 aspidis
1086 3643 1309 3687 morsum
1332 3641 1388 3685 et

317 3714 426 3764 cito
449 3722 507 3764 et
529 3712 643 3763 sine
681 3712 857 3763 dolore
891 3725 1134 3770 enecare,
1169 3720 1386 3775 gravato

316 3803 381 3840 cx
405 3804 590 3840 somno
625 3788 823 3853 capite,
861 3795 918 3837 et
953 3790 1054 3838 leni
1081 3787 1417 3852 sudore-perr

316 3868 516 3918 vultum
538 3864 738 3916 diffuso.
775 3867 1020 3917 Ceterum
1036 3866 1227 3916 nemini
1246 3880 1384 3915 com·

316 3950 526 4009 pei-tum
553 3953 634 3992 est
658 3956 757 4009 quo
793 3943 972 3992 mortis
1008 3955 1199 4006 genere
1229 3943 1383 3993 Cleo-

316 4031 472 4085 patra
515 4020 738 4071 obierit:
773 4027 1056 4084 puncturas
1092 4028 1290 4071 tantum
1330 4021 1382 4071 in

316 4097 531 4149 brachio
569 4102 775 4146 constat
818 4096 1029 4157 exiguas
1064 4096 1384 4160 apparuisse.

317 4174 463 4224 Hinc
507 4171 776 4236 Augustus
809 4171 925 4235 ejus
967 4170 1295 4221 simulacrum
1331 4173 1383 4222 in

319 4248 582 4312 triumpho
612 4246 796 4303 duxit,
839 4246 1078 4296 admorso
1116 4248 1383 4311 aspidibus

1462 2324 1544 2371 63.
1576 2320 1593 2349 ‘
1611 2320 1835 2371 Brachia
1852 2318 2087 2383 spectavi
2107 2320 2268 2368 sacris
2291 2319 2531 2369 admorsa

1463 2398 1708 2454 colubris,
1749 2398 1819 2446 Et
1854 2397 2060 2446 trahere
2083 2397 2343 2446 occultum
2369 2411 2527 2446 mem-

1463 2473 1559 2523 bra
1581 2474 1782 2536 soporis
1806 2470 1943 2521 iter!

1526 2554 1595 2600 29
1626 2550 1909 2600 Deliberata
1928 2553 2081 2599 morte
2090 2546 2326 2611 ferocior]
2348 2548 2427 2597 Eo
2450 2546 2527 2597 fe-

1463 2627 1652 2690 rocior,
1685 2626 1824 2692 quod
1852 2627 1982 2675 mori
2021 2638 2228 2689 quoquo
2250 2624 2403 2674 modo
2425 2633 2528 2675 sta-

1465 2711 1660 2754 tuerat.
1680 2702 1912 2753 Adverte
1930 2699 2162 2765 pluribus
2180 2701 2361 2751 extolli
2379 2701 2529 2751 Cleo-

1463 2788 1633 2848 patrae
1678 2779 2084 2844 generositatem
2140 2792 2295 2841 supra
2350 2779 2530 2827 mulie·

1464 2860 1608 2910 brem
1632 2872 1832 2918 sexum,
1855 2863 1916 2906 ut
1951 2855 2071 2904 hinc
2102 2853 2292 2905 victori
2314 2855 2530 2905 accedat

1466 2944 1522 2986 et
1544 2940 1752 2986 crescat
1773 2933 1957 2998 gloria.
1997 2930 2319 2981 *Alias-enim
2334 2931 2529 2982 habere

1466 3014 1636 3065 locum
1662 3012 1935 3076 potuisset,
1976 3010 2121 3075 qnod
2139 3010 2328 3060 scribit
2347 3009 2530 3074 Vin-gil.

1466 3088 1674 3141 AEneid.
1696 3102 1773 3139 lv,
1807 3092 1891 3137 93.
1928 3089 1942 3115 ‘
1970 3085 2241 3150 Egregiam
2268 3100 2392 3136 vero
2415 3086 2529 3135 lau-

1466 3166 1583 3217 dem
1610 3203 1624 3217 .
1650 3202 1664 3216 .
1692 3199 1706 3214 .
1730 3165 1773 3214 si
1797 3162 2008 3214 foemina
2031 3162 2170 3213 victa
2191 3162 2309 3212 est?

1531 3248 1597 3294 8⁰
1622 3244 1780 3295 Soecis
1800 3240 2050 3304 Liburnis]
2100 3241 2219 3291 Non
2243 3254 2424 3305 parum
2441 3242 2529 3306 ju·

1464 3328 1652 3371 verant
1681 3320 1973 3383 Augustum
2010 3318 2059 3367 in
2101 3317 2419 3381 reportanda
2439 3332 2530 3367 na-

1462 3397 1568 3447 vali
1614 3396 1834 3446 victoria
1878 3393 2092 3444 Liburni
2127 3393 2292 3457 Illyrii
2331 3394 2531 3458 populi,

1465 3473 1811 3538 Liburnaeque
1822 3485 1981 3521 naves
1997 3470 2268 3522 celeritate
2282 3470 2530 3535 insignes.

1466 3552 1549 3601 Ex
1573 3566 1673 3616 quo
1693 3556 1859 3615 -patet
1893 3564 1996 3598 non
2035 3547 2250 3611 cymbas
2278 3546 2530 3612 quasdam

1469 3636 1560 3677 aut
1603 3627 1867 3676 naviculas
1922 3624 2061 3675 bello
2105 3625 2310 3687 ineptas
2354 3622 2532 3686 fuisse,

1465 3711 1525 3754 nt
1567 3710 1818 3768 putarunt
1855 3701 2065 3765 quidam
2087 3716 2101 3749 ε
2150 3698 2338 3750 Suidas
2383 3706 2530 3750 certe

1466 3789 1719 3832 rostratas
1745 3787 1802 3829 et
1833 3785 2126 3829 constratas
2165 3776 2400 3826 extitisse
2424 3785 2529 3827 tra·-

1466 3858 1562 3920 dit,
1579 3858 1683 3907 alia
1706 3867 1874 3906 tamen
1893 3869 2046 3920 quam
2083 3854 2323 3904 triremes
2344 3852 2529 3905 forma.

1462 3934 1601 3985 Vide
1642 3935 1831 3997 Veget.
1873 3932 1941 3981 de
1989 3931 2073 3981 Re
2110 3931 2272 3981 Milit.
2314 3931 2407 3983 lib.
2448 3945 2526 3984 iv.

1462 4009 1695 4076 Appian.
1720 4009 1812 4060 lib.
1836 4022 1917 4059 ιν.
1941 4009 2041 4059 ὅτε.
2397 4039 2400 4044 -

1527 4087 1712 4151 Saevis]
1744 4087 1801 4138 Si
1841 4085 2051 4152 quidem
2069 4085 2304 4137 Romam
2339 4085 2530 4151 depor-

1464 4171 1669 4216 tassent
1689 4163 1857 4213 vivam
1881 4161 1947 4212 ad
1971 4161 2134 4211 hostis
2150 4161 2484 4226 triumphum.

1529 4242 1728 4293 Scilicet
1749 4241 1983 4300 invidens,
2004 4239 2212 4288 Privata
2243 4238 2412 4287 deduci
2447 4254 2529 4289 sa·

321 4326 552 4376 brachio.
621 4322 704 4373 De
749 4336 850 4388 quo
886 4322 1132 4387 Propert,
1177 4337 1267 4374 nr.
1304 4328 1381 4374 10.
1456 4322 1604 4385 ,parba
1651 4322 1765 4372 Non
1815 4319 2009 4371 hemme
2048 4317 2217 4369 mulier
2268 4316 2529 4382 mumplw]
