3059 4909
974 354 1391 406 mammon
1442 356 1591 406 Lis.
1638 357 1721 409 ιι.
1771 342 1880 410 18.

676 495 958 566 Limites
985 500 1329 569 clientium

763 601 941 669 Salis
972 608 1262 671 avarus?
1306 607 1575 691 pellitur
1600 615 1915 693 paternos

679 703 760 768 In
790 708 941 771 sinu
973 707 1195 774 ferens
1230 710 1425 777 Deos

763 809 851 876 Et
878 830 1073 887 uxor,
1105 819 1172 878 et
1199 813 1322 892 vir,
1352 813 1798 899 sordidosque
1830 821 2049 881 natos,

672 913 880 980 Nulla
909 918 1149 981 certior
1178 922 1420 997 tamen,

757 1017 1065 1103 Rapacis
1099 1010 1261 1085 Orci
1289 1020 1444 1098 fine,
1475 1020 1812 1089 destinata

671 1118 851 1186 Aula
883 1121 1158 1187 divitem
1190 1133 1418 1189 manet

759 1223 1043 1291 Herum.
1134 1226 1321 1308 Quid
1349 1229 1525 1294 ultra
1551 1228 1826 1294 tendis?
1871 1229 2108 1315 AEqua
2135 1229 2336 1297 tellus

669 1326 964 1412 Pauperi
992 1330 1379 1411 recluditur,

755 1431 1159 1518 Regumque
1192 1436 1457 1521 pueris;
1500 1456 1624 1503 nec
1653 1439 1933 1505 satelles
1962 1436 2122 1503 Orci

317 1602 396 1662 lis,
425 1616 516 1666 per
536 1602 811 1654 avaritiam.
884 1600 1095 1665 Ejioitur
1114 1609 1161 1656 et
1184 1604 1403 1666 maritus,
1437 1611 1486 1655 et
1512 1605 1686 1668 conjux
1718 1610 1918 1668 portam
1943 1604 1995 1654 in
2029 1604 2211 1667 gremia
2240 1603 2463 1664 Penates,
2481 1606 2530 1654 et

314 1682 487 1731 pueros
521 1669 772 1732 squalidos.
842 1670 1070 1720 Attamen
1088 1674 1328 1734 potentem
1349 1672 1587 1721 dominum
1611 1672 1736 1721 haud
1771 1674 1988 1734 expectat
2022 1671 2121 1719 alla
2152 1669 2531 1719 basilica‘melior

313 1738 488 1796 parata
503 1736 613 1783 sede
640 1733 904 1794 Inserorum
927 1735 1083 1784 omnia
1102 1735 1468 1786 absai-betilium.
1540 1736 1671 1792 Quia
1690 1737 1893 1801 amplius
1910 1736 2117 1799 quoert's?
2183 1734 2331 1784 Terra
2342 1735 2530 1798 pariter

317 1800 452 1864 inopi
471 1798 631 1849 sinum
650 1802 825 1862 aperit,
839 1804 981 1865 atque
1002 1800 1438 1867 Principwnfiliis.
1504 1802 1673 1865 Neque
1684 1802 1955 1863 Inserorum
1973 1807 2131 1850 custos
2149 1815 2268 1851 auro
2284 1804 2532 1864 corruptus

1244 1930 1273 1950 O
1277 1930 1332 1951 00
1338 1930 1422 1950 ΝΟ
1427 1930 1453 1950 O
1457 1930 1609 1951 ‘CN‘

317 2018 382 2066 25
418 2014 646 2064 Limitem
664 2015 829 2067 Brod.
856 2016 999 2080 Lips.
1035 2020 1085 2067 2.
1123 2015 1232 2067 Att.
1251 2020 1300 2067 2.
1335 2031 1368 2068 a
1391 2033 1458 2067 m.
1483 2032 1564 2082 pr.
1586 2023 1642 2068 et
1665 2015 1812 2067 Harl.
1830 2019 1881 2066 6.
1922 2013 2180 2080 probante
2202 2013 2527 2064 Gesnero.-

316 2080 382 2130 2¹7
417 2080 481 2129 In
514 2081 623 2131 siaa
667 2082 797 2132 Deos
819 2083 988 2143 serem
1011 2082 1365 2146 Cuniug.—30
1404 2083 1606 2147 Capacis
1650 2082 1768 2132 Orci
1807 2082 1946 2146 conj.
1989 2081 2163 2130 Bentl.
2198 2080 2526 2143 improbante

269 2161 279 2173 ¹
317 2145 439 2199 Jaui
460 2161 476 2207 ;
510 2161 631 2196 nam
658 2147 830 2197 Orcus
852 2149 903 2197 h.
926 2149 959 2196 l.
988 2158 1210 2211 persona
1234 2156 1332 2199 est.
1368 2149 1479 2215 fine
1501 2148 1692 2198 babent
1716 2147 1866 2197 Harl.
1891 2152 1939 2198 1.
1959 2151 2011 2197 2.
2033 2149 2082 2196 8.
2101 2149 2152 2196 4.
2172 2151 2220 2196 5.
2244 2151 2295 2196 6.
2329 2145 2527 2196 Scholl.

316 2212 1217 2329 ffzssaemefiazzixssztetre?
1241 2222 1450 2331 533⁰&
1469 2214 1606 2330 ⁰1²?ss
1613 2251 1661 2328 ‘u
1686 2220 1876 2330 Ἓῖξὲἷίἰὶ
1895 2209 2526 2344 θῖἒὶῗιίξίῗέξὶῗξὲιῗὲἱ·

319 2341 416 2392 sed
436 2357 555 2392 eum
576 2346 686 2393 sede
706 2345 972 2408 scripsisse
996 2295 1237 2410 appareff,
1271 2336 1409 2411 quod
1453 2346 1676 2411 probare
1714 2347 1844 2408 vult,
1875 2345 2032 2394 sedem
2049 2342 2116 2393 de
2140 2344 2380 2406 sepulcro
2401 2342 2527 2393 dici.

315 2409 446 2458 Tum
471 2410 545 2459 sic
567 2409 729 2460 Mart.
753 2410 921 2461 Mald.
961 2410 1054 2460 Sil·
1076 2426 1159 2474 ap.
1187 2410 1348 2477 Cruq.
1369 2411 1599 2461 Bentleii
1622 2410 1823 2460 Zulich.
1857 2408 2147 2460 Edideruut
2167 2407 2346 2458 Bentl.
2368 2409 2528 2458 Baxt.

318 2473 452 2524 Cun-
489 2476 612 2525 San.
634 2475 817 2526 Jones.
841 2476 977 2526 Sivr.
1018 2475 1230 2527 Wakef.
1270 2487 1326 2527 et
1364 2475 1527 2527 Kidd.
1596 2475 1835 2526 Probaut
1866 2487 2071 2539 quoque
2104 2474 2211 2523 Bos
2250 2472 2425 2523 Anim.
2458 2471 2525 2521 ad

318 2539 453 2593 Hor.
476 2554 528 2611 ι).
545 2544 628 2590 40.
664 2540 737 2591 H.
760 2542 943 2606 Steph.
966 2542 1141 2593 Diatr.
1161 2556 1246 2594 ιιι.
1272 2557 1323 2606 p.
1344 2545 1427 2592 64.
1495 2540 1712 2591 Απίᾶεῑ
1747 2546 1803 2590 et
1842 2538 2092 2589 Lambino
2127 2554 2189 2589 ae
2225 2538 2527 2588 Torrentio.

316 2608 332 2634 ‘
356 2605 463 2657 Sed
486 2621 656 2670 neque
678 2608 868 2664 Servii,
905 2622 1057 2673 quem
1097 2622 1164 2657 ex
1197 2607 1444 2658 memoria
1478 2606 1693 2656 laudato
1732 2607 1848 2656 loco
1887 2606 2088 2671 lapsum
2112 2618 2228 2654 esse
2254 2602 2525 2671 probabile

316 2678 418 2732 est,
436 2686 534 2721 nec
560 2681 665 2721 tam
689 2687 970 2735 paucorum
996 2673 1148 2723 codd.
1170 2672 1274 2723 tide
1300 2674 1580 2738 quicquam
1615 2670 1933 2721 mutandum.
2002 2670 2242 2734 Denique
2281 2676 2338 2717 et
2361 2669 2525 2718 lectio

301 2736 413 2803 flue
437 2735 569 2787 bene
593 2737 769 2803 habet,
792 2745 950 2803 atque
975 2739 1181 2790 doctior
1203 2739 1363 2789 etiam
1382 2739 1521 2788 haud
1554 2738 1709 2788 dubie
1746 2735 1863 2786 est?
1894 2735 2168 2785 danie—32
2204 2733 2336 2791 Quid
2359 2734 2486 2782 ultra
2502 2731 2530 2785 2

317 2803 476 2853 undis
519 2803 723 2854 Fabi-ic.
794 2806 956 2861 Quid?
986 2806 1118 2855 ultra
1140 2805 1333 2855 tendis?
1364 2805 1644 2866 enning.-—
1657 2807 1723 2853 34
1756 2803 2034 2865 Regumque
2069 2800 2202 2851 natis
2237 2814 2329 2851 sex
2369 2797 2524 2849 codd.

316 2867 576 2927 Lambini,
601 2884 732 2920 unus
757 2870 1085 2936 Bersmanni,
1115 2881 1267 2922 vetus
1291 2871 1424 2923 liber
1443 2870 1686 2935 canteri,
1709 2868 1847 2920 Nov.
1869 2869 2045 2947 Igectt.
2064 2880 2142 2917 vr.
2163 2869 2244 2915 14.
2279 2864 2365 2931 qui
2390 2879 2523 2928 prae·

1314 3003 1533 3056 NOTAE

381 3107 449 3154 26
485 3103 693 3155 Pellitur
711 3105 1072 3170 patmos,⁸5⁴c.]
1095 3105 1385 3170 Expulitio,
1464 3105 1656 3155 stinata
1670 3108 1681 3130 ’
1704 3109 1803 3153 est.
1871 3101 1990 3152 Non
2012 3114 2119 3150 sors
2143 3098 2214 3149 ibi
2232 3102 2325 3148 aut
2351 3097 2530 3148 condi-

306 3182 383 3241 ‚ad
425 3182 712 3245 augendam
744 3182 1020 3233 invidiam·
1058 3183 1144 3234 Sic
1187 3198 1387 3249 posses·
1467 3185 1543 3238 tio
1582 3184 1764 3234 melior
1808 3181 2061 3248 opulento
2105 3178 2341 3240 cuilibet,
2375 3192 2528 3242 quam

316 3262 464 3312 sione
487 3262 722 3322 legitima
742 3261 1052 3312 deturbatur
1072 3261 1292 3312 cliens.a
1311 3269 1383 3320 te,
1465 3262 1629 3326 inopi.
1688 3260 1830 3314 Quid
1849 3273 1974 3323 ergo
2005 3258 2143 3307 ultra
2161 3255 2351 3317 tendis,
2374 3269 2528 3320 quam

317 3346 372 3388 et
419 3337 487 3389 ad
531 3338 760 3404 inopiam
807 3337 1050 3389 redactus
1090 3338 1219 3401 abit,
1264 3353 1383 3403 cum
1462 3340 1720 3389 sancitum
1756 3338 2131 3400 decretumque
2161 3333 2257 3383 tibi
2290 3341 2369 3383 est
2393 3331 2530 3381 fato-

317 3430 480 3466 uxore
502 3416 846 3480 gemebunda,
868 3416 958 3467 sed
982 3417 1244 3482 religiosa,
1265 3432 1380 3483 quae
1465 3431 1580 3466 rum
1617 3431 1679 3466 ac
1719 3414 1997 3466 Numinum
2038 3413 2153 3474 lege
2191 3409 2532 3461 immutabili?

317 3500 500 3558 portat
523 3492 576 3542 in
600 3494 713 3542 sinu
750 3494 892 3545 Deos
928 3492 1232 3560 familiares,
1257 3509 1381 3560 pue·

316 3583 505 3635 rosque
527 3570 597 3620 ob
620 3578 912 3633 egestatem
934 3569 1186 3620 sordidos.

383 3652 452 3698 29
488 3648 642 3699 Nulla
671 3649 846 3699 certior
877 3656 1054 3710 tamen,
1083 3647 1194 3712 ξω]
1227 3647 1383 3699 Quod

315 3727 357 3775 si
379 3724 568 3790 opibus
586 3731 804 3775 mortem
825 3726 1043 3776 eluctari
1065 3726 1269 3789 liceret,
1292 3733 1385 3777 aut

314 3804 359 3852 si
384 3804 638 3867 potiorem
668 3803 807 3868 apud
831 3801 1038 3853 Inferos
1058 3803 1234 3853 sedem
1257 3817 1383 3869 opu-

315 3881 491 3931 lentus
512 3882 730 3947 quiaque
752 3890 1057 3947 occuparet,
1089 3880 1258 3931 libens
1285 3895 1384 3947 ego

265 4015 276 4033 ⁸
315 3957 413 4008 tibi
438 3972 564 4009 sane
586 3959 958 4022 condonarem,
987 3959 1125 4025 quod
1141 3973 1243 4024 qua
1257 3959 1382 4023 jure

316 4051 421 4101 qna
443 4035 634 4102 injuria
666 4035 878 4087 divitias
912 4038 1225 4089 accumules.
1277 4037 1382 4086 Ve-

316 4128 430 4165 rum
455 4114 658 4180 nonita
693 4130 748 4164 se
783 4129 867 4165 res
899 4114 1089 4166 habet:
1125 4131 1222 4166 uec
1244 4115 1381 4166 enim

310 4192 328 4220 ‘
351 4191 569 4242 divitem
616 4199 790 4249 manet
823 4194 1005 4243 herum
1049 4192 1155 4243 ulla
1189 4194 1384 4244 certior

317 4271 438 4320 aula
471 4278 560 4320 aut
596 4268 750 4336 finis,’
773 4286 928 4337 quam
950 4286 1067 4337 quae
1090 4273 1105 4300 ‘
1125 4271 1269 4323 Orco
1293 4273 1382 4323 de-

1462 3496 1653 3546 Horat.
1674 3508 1740 3545 ιι.
1776 3492 1947 3557 Epist.
1980 3495 2031 3542 2.
2088 3500 2102 3521 ‘
2122 3488 2263 3542 Quid
2287 3488 2388 3539 vici
2413 3500 2529 3551 pro·

1462 3579 1601 3635 sunt,
1651 3579 1740 3622 aut
1791 3570 1996 3627 horrea,
2040 3565 2232 3631 quidve
2292 3563 2529 3615 Calabris

1459 3649 1689 3701 Saltibus
1712 3646 1907 3711 adjecti
1942 3643 2162 3707 Lucani,
2184 3643 2227 3692 si
2251 3642 2403 3691 metit
2424 3641 2529 3693 Or-

1464 3741 1559 3779 cus
1583 3724 1824 3776 Grandia
1853 3737 1972 3774 cum
1997 3720 2197 3787 parvis,
2215 3733 2318 3771 uon
2342 3732 2528 3768 exora-

1462 3804 1583 3857 bilis
1605 3817 1733 3852 auro
1750 3799 1797 3851 2’

1528 3887 1594 3932 32
1628 3883 1786 3945 AEqua
1823 3879 1966 3929 tellus
2000 3875 2213 3941 Pauperi
2250 3874 2529 3934 recluditur,

1461 3961 1570 4026 qe]
1609 3958 1722 4008 Lib.
1764 3971 1803 4006 1.
1842 3955 1945 4006 od.
1988 3959 2039 4006 4.
2103 3956 2119 3984 ‘
2146 3952 2353 4003 Pallida
2390 3965 2528 3999 mors

1465 4049 1617 4101 aequo
1644 4033 1819 4100 pulsat
1857 4030 1993 4098 pede
2033 4045 2319 4097 pauperum
2357 4027 2530 4078 taber·
2590 4097 2594 4101 .

1463 4128 1558 4163 nas
1582 4114 1887 4177 Regumque
1910 4107 2115 4160 turres?
2246 4136 2251 4143 ·

1528 4197 1595 4244 34
1630 4192 1731 4243 Nec
1750 4191 1940 4242 satelles
1965 4188 2221 4252 Ouika]
2255 4185 2371 4237 Nec
2391 4198 2528 4232 mors

1458 4271 1757 4325 muneribus
1784 4285 1845 4321 ac
1878 4268 2025 4320 donis
2064 4264 2435 4328 corrumpitur,
2470 4267 2540 4310 ut.
