3059 4909
1293 404 1359 465 Q.
1406 406 1722 455 HORATII
1775 409 2039 458 abaco}

914 504 1140 609 Penes
1171 524 1466 631 Iaesmbis3
1513 507 1658 645 si‘vp
1685 514 1971 631 fltsmmffl

993 618 1152 714 Siire
1179 617 1358 715 mars
1363 651 1536 717 libet
1564 627 1883 719 Adriosn0.

821 747 980 814 Non
1010 741 1449 838 Dindymene,
1476 774 1607 820 non
1638 757 1861 842 adytis
1888 759 2100 842 quatit
2486 826 2491 830 ,
2710 759 2752 823 5

824 851 1116 918 Mentem
1147 857 1578 922 sacerdotum
1605 860 1825 924 incola
1855 859 2168 944 Pythiae,
2347 861 2355 869 '

910 955 1073 1020 Non
1104 957 1305 1024 Liber
1332 980 1547 1043 aeque,
1577 981 1710 1026 non
1740 968 1939 1026 acuta

999 1058 1115 1124 Sic
1144 1062 1476 1143 geminant
1506 1060 1915 1148 Cory'bantes
1947 1067 2104 1141 aera,

573 385 698 449 140

558 1263 647 1300 Seu
666 1218 797 1316 igne,
819 1269 902 1304 seu
921 1257 1045 1306 mori
1059 1260 1214 1322 placet
1246 1261 1516 1310 Adriatico.
1585 1264 1689 1311 Nec
1714 1261 1903 1326 Cybele,
1924 1279 2011 1316 nec
2030 1263 2201 1327 Apollo
2231 1262 2521 1312 inhabitator
2546 1263 2750 1311 animum

564 1318 929 1382 sacrificulorum
948 1323 1002 1371 in
1020 1324 1242 1373 mercuriis
1260 1325 1334 1374 ita
1355 1333 1627 1384 commovet,
1646 1342 1729 1377 nec
1752 1328 1967 1378 Bacchus
1980 1345 2001 1386 ;
2032 1343 2180 1392 neque
2205 1328 2499 1392 Corybantes
2520 1334 2619 1377 tam
2652 1340 2749 1376 cre·

1475 1486 1840 1509 oeeueeueo‘

492 1628 497 1633 ⁴
564 1580 595 1624 4
619 1576 809 1629 Sanad.
829 1582 973 1632 lubet.
1004 1584 1262 1636 Hadriano
1282 1588 1523 1638 Torrent.
1558 1590 1736 1640 Bentl.
1762 1591 1980 1654 Cuning.
2002 1591 2280 1654 San.Jani,
2304 1591 2520 1642 wetzel.
2535 1592 2751 1641 Mitsch.

567 1648 621 1689 et
646 1642 851 1694 Wakef.
918 1649 1135 1699 Adriano
1168 1652 1221 1700 in
1256 1653 1429 1716 vulgg.
1495 1654 1633 1704 Vide
1670 1654 1792 1706 JoV.
1826 1655 2049 1706 Pontan.
2091 1657 2155 1704 de
2194 1655 2527 1720 Aspiratione
2551 1670 2590 1706 ι.
2625 1656 2748 1707 Ald.

565 1705 770 1757 Manut.
805 1711 857 1758 in
893 1711 1145 1779 Orthogr.
1185 1717 1381 1768 Brouk.
1422 1718 1487 1767 ad
1528 1719 1774 1782 Propert.
1797 1734 1834 1770 1.
1858 1726 1906 1770 6.
1927 1726 1975 1771 1.
2015 1728 2070 1770 et
2098 1720 2366 1770 Drakenb.
2403 1722 2466 1771 ad
2497 1721 2591 1770 Sil.
2629 1721 2750 1771 Ital.

565 1783 692 1820 vm.
727 1777 939 1826 439.—5
976 1777 1087 1828 Alt.
1111 1785 1159 1830 2.
1197 1782 1303 1831 Nec
1338 1783 1408 1833 D.
1435 1797 1542 1833 nec.
1607 1785 1725 1834 Tib.
1748 1786 2108 1836 HemsterbuS.
2144 1787 2284 1849 conj.
2307 1787 2461 1850 adyti,
2489 1785 2744 1850 probante

563 1835 818 1889 Valcken.
843 1843 909 1890 ad
934 1842 1132 1895 Herod.
1156 1860 1210 1897 V.
1233 1851 1383 1898 5.-6
1402 1846 1514 1897 Alt.
1538 1853 1585 1898 2.
1607 1850 1796 1899 Mente-s
1813 1852 2124 1901 sacerdotnm.
2169 1851 2423 1900 Sanadon.
2447 1852 2599 1913 legit:
2636 1851 2748 1899 Non

558 1898 706 1949 Liber
726 1919 874 1967 coque,
895 1922 989 1956 non
1009 1925 1057 1960 a.
1075 1926 1121 1973 q.
1145 1911 1223 1960 Μ.
1246 1927 1289 1960 s.
1312 1913 1348 1961 i.
1366 1912 1432 1964 P.
1465 1914 1574 1962 Non
1608 1914 1931 1979 Dindymene,
1967 1931 2078 1975 non,
2109 1917 2191 1978 85⁶·-
2224 1916 2314 1964 sed
2353 1924 2539 1965 contra
2571 1929 2746 1963 omnes

561 1965 715 2015 codd.
737 1979 793 2017 et
816 1971 1037 2023 edd—8
1071 1977 1087 2003 ‘
1106 1974 1191 2025 Sic
1207 1979 1455 2038 geminant
1475 1979 1685 2043 vulgata
1705 1981 1862 2029 lectio
1882 1996 1897 2040 ;
1930 1980 2023 2028 sed
2043 1995 2158 2043 quae
2178 1994 2381 2029 sensum
2401 1981 2551 2028 valde
2574 1980 2753 2029 obscu-

550 2030 727 2080 ‘ratac
748 2035 942 2084 turbat.
1009 2038 1142 2089 Nam
1171 2056 1246 2090 vs.
1269 2046 1320 2090 9.
1344 2043 1412 2091 ob
1437 2044 1751 2093 antecedens
1771 2060 1865 2093 non
1897 2044 1966 2093 sie
1999 2045 2152 2093 aliter
2191 2045 2359 2108 accipi
2398 2059 2605 2109 prorsus
2644 2058 2747 2094 non

560 2099 757 2159 potest,
791 2115 851 2149 ac
867 2117 891 2149 z·
916 2102 1080 2153 tristes
1099 2110 1155 2153 ut
1175 2105 1265 2154 iroe
1279 2109 1528 2168 geminant
1547 2123 1665 2158 (ενα.
1732 2109 1864 2159 Quae
1884 2111 2021 2159 enim
2040 2124 2105 2159 ex
2126 2109 2313 2173 virgil.
2336 2110 2452 2160 AEn.
2473 2123 2536 2159 11.
2556 2110 2672 2159 496.
2696 2123 2748 2158 v.

1536 2254 1750 2306 No'rAE

623 2359 652 2404 3
691 2358 892 2422 Iambis]
927 2362 1062 2412 Sunt
1095 2366 1229 2414 enim
1254 2366 1469 2418 Iambici
1493 2385 1607 2419 ver-

559 2445 644 2480 sus
668 2431 1162 2490 ad,maledicendum
1179 2443 1446 2506 aptissimi.
1467 2447 1607 2497 ‘Sic-

556 2517 617 2557 ut
654 2510 864 2562 Iambus
905 2530 970 2564 ex
1010 2516 1157 2568 brevi
1196 2529 1251 2571 et
1290 2523 1442 2586 longa
1485 2540 1606 2575 con-

553 2594 678 2651 stat,
710 2591 786 2639 ita
823 2597 1139 2645 contumelia
1159 2611 1224 2646 ex
1250 2592 1423 2663 parvis
1443 2600 1606 2652 initiis

555 2664 621 2712 ad
638 2679 826 2730 magna
850 2672 1121 2731 procedit?
1153 2674 1339 2727 Snidas.
1402 2677 1606 2741 Ἰαμβίζ-

552 2758 623 2789 ειν
673 2743 873 2794 Graecis
919 2756 1002 2796 est
1054 2752 1319 2802 maledictis
1366 2755 1607 2808 innectar-i.

553 2817 744 2868 Horat.
787 2819 854 2868 ad
898 2822 1147 2874 Pisonesz
1204 2827 1605 2881 ‘Archilochum

549 2894 761 2955 proprio
783 2895 954 2946 rabies
975 2903 1193 2951 armavit
1216 2903 1429 2955 lambo?

502 3022 507 3029 ,
613 2968 728 3018 Sive
754 2970 974 3037 flamma,
1005 2975 1120 3025 Sive
1155 2981 1280 3026 mori
1309 2979 1447 3043 libet]
1482 2980 1605 3044 Ipse

546 3058 694 3093 suum
728 3060 938 3098 carmen
963 3052 1272 3103 maledicum
1303 3055 1512 3105 damnat
1536 3058 1606 3122 ig-

549 3120 622 3181 ni,
655 3121 738 3169 vel
775 3136 928 3188 aqua,
968 3132 1026 3176 ut
1062 3129 1336 3191 placuerit.
1403 3118 1603 3185 Tibull.

548 3207 587 3244 1.
609 3198 658 3246 9.
678 3200 762 3250 49.
791 3203 808 3227 ‘
826 3199 925 3249 Illa
956 3203 1110 3253 velim
1135 3206 1318 3268 rapida
1338 3209 1606 3260 Vulcanus

548 3275 779 3325 carmina
807 3275 1014 3330 flamma
1034 3283 1280 3348 Torreat3
1315 3295 1370 3338 et
1405 3289 1606 3354 liquida

545 3347 719 3401 deleat
743 3355 908 3404 amnis
933 3357 1100 3421 aqna.’

608 3430 642 3475 4
672 3429 912 3495 Adriano]
954 3433 1276 3497 Synecdoch.
1314 3456 1410 3505 pro
1442 3444 1605 3508 quoli-

542 3502 637 3553 bet
656 3506 807 3557 mari.
1328 3552 1333 3561 .

608 3586 638 3629 6
676 3582 790 3632 Non
811 3583 1130 3653 Dindymene,
1147 3591 1255 3655 esa]
1277 3591 1380 3642 Irae
1403 3594 1601 3645 descri-

543 3656 623 3709 bit
660 3658 761 3709 vim
796 3668 852 3710 et
890 3663 1272 3731 impotentiam,
1306 3669 1358 3719 in
1382 3685 1601 3736 eamque

541 3733 745 3796 culpam
767 3749 970 3787 omnem
993 3753 1134 3790 suam
1158 3741 1440 3795 transferre
1463 3752 1600 3797 sata-

544 3812 640 3873 git,
659 3822 714 3862 ut
737 3814 911 3866 odium
936 3826 992 3868 et
1007 3829 1342 3886 contemtum,
1363 3839 1465 3889 quo
1483 3840 1601 3890 gra-

546 3887 657 3934 vius
679 3887 801 3937 nihil
825 3890 890 3939 ad
914 3891 1185 3959 offensam,
1218 3899 1425 3949 omnino
1457 3900 1601 3950 abfu-

542 3960 647 4010 isse
668 3964 989 4024 comprobet.

608 4036 936 4101 Dindymene]
952 4040 1255 4109 APhrygiae
1277 4055 1451 4100 monte
1472 4050 1603 4101 Din-

543 4112 699 4176 dymo
720 4113 865 4164 dicta
902 4116 1120 4183 Cybele,
1156 4123 1302 4184 cujus
1342 4125 1415 4174 ibi
1452 4140 1603 4176 sacra

542 4188 943 4253 peragebantur,
979 4193 1393 4263 sacerdotesque
1426 4200 1601 4254 furore

542 4265 730 4331 perciti
751 4267 983 4323 membra
1006 4271 1104 4324 sihi
1131 4273 1449 4334 incidebant.

1757 2373 1872 2421 Non
1891 2373 2051 2436 adytis
2072 2374 2246 2437 quatit,
2274 2371 2379 2436 ξω]
2421 2372 2746 2436 conglobata

1689 2451 2072 2512 comparatione
2115 2450 2205 2497 irae
2238 2450 2613 2499 vehementiam
2657 2464 2745 2498 ex-

1690 2531 1924 2588 aggerat.
1994 2525 2108 2574 Nec
2151 2524 2367 2588 Cybele,
2408 2526 2593 2590 inquit,
2630 2541 2745 2582 suos

1688 2600 2024 2663 sacrificulos,
2068 2615 2163 2650 nec
2207 2601 2397 2665 Apollo
2454 2601 2745 2651 Phoebades

1689 2679 1900 2727 oracula
1943 2692 2290 2742 responsaque
2344 2677 2593 2739 editurae,
2648 2692 2746 2750 pec

1686 2752 1927 2804 Bacchus
1948 2753 2218 2803 Maenadas
2247 2761 2302 2803 et
2335 2754 2656 2804 Bacchautes
2689 2754 2742 2801 in

1688 2827 1871 2893 orgiis
1908 2837 2055 2879 tanto
2092 2828 2267 2881 furore
2291 2831 2529 2894 implent,
2553 2839 2746 2896 quanto

1685 2905 1917 2954 irritatus
1941 2921 2083 2956 amor
2106 2914 2382 2958 amantem.

1751 2987 1785 3031 6
1847 2983 2011 3032 Incola
2077 2984 2301 3047 Pythius]
2366 2985 2557 3050 Apollo
2612 2987 2741 3036 Del·

1685 3061 1837 3124 phos,
1875 3076 1991 3126 quae
2036 3062 2158 3111 urbs
2187 3064 2348 3124 ,etiam
2382 3064 2551 3128 Pytho
2586 3064 2764 3126 dicta,-

1683 3139 1932 3204 iucolens,
1967 3139 2141 3205 ibique
2183 3142 2447 3204 praecipue
2486 3143 2661 3192 cultus
2688 3148 2744 3191 et

1685 3216 1937 3265 celebris:
1974 3217 2058 3267 vel
2098 3218 2171 3266 ita
2217 3218 2388 3268 dietus
2426 3234 2455 3268 a
2500 3221 2741 3283 Pythone

1681 3299 1931 3354 serpente
1971 3291 2271 3344 interfecto.
2337 3296 2425 3344 De
2470 3310 2572 3359 quo
2622 3295 2741 3345 vide

1683 3367 1920 3417 Macrob.
1957 3368 2218 3418 saturnal.
2264 3384 2304 3420 1.
2345 3364 2422 3420 17.
2454 3371 2584 3423 Coel.
2606 3373 2739 3422 Rho-

1684 3442 1793 3506 dig.
1819 3457 1937 3494 xvr.
1973 3447 2055 3494 19.
2099 3444 2252 3495 Alex.
2287 3445 2354 3496 ab
2387 3447 2537 3497 Alex.
2572 3463 2652 3499 vr.
2690 3453 2740 3499 2.

1686 3520 1874 3583 Incola]
1909 3520 2165 3582 Insessor,
2196 3522 2443 3573 invadens
2478 3532 2534 3574 et
2558 3523 2739 3573 afflans

1680 3604 1906 3647 mentem
1947 3598 2156 3663 Pythiae
2196 3600 2394 3663 tripodi
2434 3601 2740 3665 insistentis,

1679 3671 1736 3719 in
1767 3672 1941 3735 adytis
1973 3689 2033 3722 ac
2065 3676 2416 3737 penetralibus
2448 3679 2650 3740 templi,
2683 3683 2743 3727 ut

1681 3755 1830 3797 extra
1850 3762 1908 3798 se
1930 3757 2102 3814 rapta,
2110 3750 2326 3815 jamque
2343 3753 2549 3816 enthea,
2567 3753 2744 3803 divina

1679 3825 1939 3888 loquatur.

1747 3903 1777 3947 7
1813 3901 1928 3949 Non
1959 3901 2105 3950 Liber
2142 3901 2298 3965 aeque]
2330 3903 2411 3951 De
2433 3904 2739 3956 Bacchana-

1681 3976 1805 4024 lium
1851 3977 2073 4041 origine,
2116 3978 2334 4035 insania,
2385 3979 2741 4044 abrogatione,

1683 4053 1802 4104 vide
1826 4054 1938 4104 Liv.
1963 4068 2164 4105 xxxtx.
2188 4059 2236 4105 8.
2258 4064 2314 4106 et
2335 4071 2463 4122 seq.-

1747 4129 1862 4178 Non
1899 4136 2040 4180 acuto
2072 4132 2156 4180 Sic
2182 4134 2428 4194 geminant
2450 4135 2745 4199 Corybantes

1680 4206 1807 4269 oern]
1852 4206 2035 4271 Neque
2069 4213 2175 4257 tam
2197 4210 2393 4258 crebris
2414 4211 2604 4265 ictibus
2627 4215 2741 4278 pnl-

1681 4286 1798 4332 sant
1821 4281 2141 4355 Corybantes
2164 4298 2303 4336 aerea
2324 4287 2585 4354 cymbala,
2619 4305 2738 4345 cum
