3059 4909
983 368 1399 421 cARMmuM
1452 370 1601 419 ιω.
1647 368 1695 418 1.
1742 355 1850 423 10.

2386 355 2514 423 109

576 511 933 594 Callidum,
964 512 1286 599 quicquid
1315 515 1593 601 placuit,
1615 515 1858 600 jocoso

576 704 603 714 ..
649 614 655 619 ”
744 686 749 693 ‚
1084 615 1387 683 Condere
1411 618 1610 684 furto,

572 714 698 799 Tc,
731 718 938 786 boves
967 719 1124 801 olim
1152 720 1289 785 nisi
1314 720 1738 789 reddidisses

316 917 660 983 surriperejoci
674 923 840 986 gratia
860 924 1171 990 quodcumque
1189 904 1346 977 libuit.
1422 923 1698 990 Te‘puerum
1718 929 1947 992 quondam
1961 944 2066 979 cum
2082 930 2239 983 uerbis
2259 929 2517 981 minacibus

1307 1054 1522 1106 No'rAE

375 1154 409 1199 Β
447 1147 707 1216 Cumque
747 1155 865 1218 lyroe
912 1152 1177 1218 parentem]
1230 1154 1372 1209 Mer·

316 1227 439 1278 curii
475 1229 746 1281 inventum
792 1244 907 1280 esse
945 1232 1109 1295 lyram
1149 1239 1372 1295 constat,

315 1319 466 1370 quam
509 1314 683 1357 tamen
726 1307 955 1373 Apollini
1002 1309 1236 1360 tribuunt
1278 1310 1371 1361 ali-

314 1383 540 1446 quando,
580 1385 818 1449 quoniam
858 1387 990 1437 hanc
1033 1387 1078 1436 ei
1121 1388 1374 1438 concessit

312 1458 627 1525 Mercurius,
659 1468 718 1512 ut
749 1460 883 1511 infra
918 1463 1150 1514 dicemus
1187 1464 1250 1514 ad
1286 1477 1373 1515 vo·

313 1549 442 1599 cem,
462 1538 479 1566 ‘
508 1537 684 1602 virga!
728 1539 815 1589 Sic
837 1545 1009 1590 autem
1035 1540 1247 1591 inventa
1267 1539 1372 1591 fer·

311 1619 417 1662 tur.
481 1614 615 1664 Post
637 1614 1030 1666 inundationem
1063 1616 1176 1667 Nili
1210 1623 1371 1667 testu·

311 1686 486 1739 dinem
511 1692 707 1756 reperit
738 1698 1015 1756 mortuam,
1036 1708 1194 1744 exesa
1218 1695 1372 1745 etiam

311 1772 485 1817 tractu
522 1767 770 1831 temporis
808 1783 994 1820 carnea
1030 1769 1175 1820 ner'vi
1198 1777 1370 1821 autem

311 1843 397 1910 qui
422 1846 734 1908 superstites
757 1852 907 1896 erant
929 1847 1086 1909 tensi,
1107 1861 1222 1898 cnm
1246 1848 1373 1913 digi-

311 1919 378 1969 tis
397 1928 578 1970 essent
599 1922 753 1987 pulsi,
770 1938 947 1974 sonum
963 1924 1184 1990 aliquem
1200 1922 1374 1976 reddi-

312 1993 522 2047 derunt.
592 1997 781 2064 Itaque
825 2000 890 2051 ad
935 2001 1047 2065 ejus
1082 2002 1375 2055 similitudi-

310 2072 426 2121 uem
437 2073 605 2137 lyram
623 2076 913 2126 construxit
928 2077 1242 2142 Mercurius,
1256 2093 1372 2145 quae

312 2149 504 2204 exinde
549 2152 757 2202 testudo
806 2160 988 2204 vocata
1039 2161 1136 2205 est.
1203 2154 1374 2208 Aliter

314 2226 468 2295 paule
491 2228 581 2277 alii
600 2244 708 2278 rem
732 2228 975 2296 afferunt,
995 2231 1245 2297 aiuntque
1268 2240 1371 2284 tes·

311 2296 545 2354 'tudinem
566 2314 800 2357 vocatam
841 2322 873 2358 a
907 2315 1047 2359 testa
1078 2310 1226 2361 istius
1264 2306 1371 2362 ani-

210 2387 219 2393 '
314 2383 476 2447 malis,
495 2392 553 2434 ut
575 2399 695 2444 mox
716 2384 876 2436 fusius
900 2386 1193 2451 explicabo.

376 2460 543 2526 Lyrae]
581 2462 766 2527 Lyram
798 2474 914 2513 cum
939 2464 1140 2514 cithara
1158 2454 1372 2517 confun-

316 2537 444 2589 dunt
468 2538 809 2589 Grammatici
834 2541 1008 2606 vulgo,
1027 2541 1247 2606 ipseque
1272 2544 1372 2593 Eu·

316 2615 554 2681 stathius,
588 2617 675 2681 qni
710 2617 803 2681 ait,
845 2618 860 2644 ‘
893 2617 1077 2683 chelyn
1122 2617 1375 2669 citharam

316 2693 509 2744 dictam
550 2707 682 2759 esse,
726 2693 863 2759 quod
910 2695 1184 2746 testudinis
1236 2702 1374 2748 testa

306 2771 434 2837 jugo
457 2770 660 2831 addita,
688 2770 976 2836 fidibusque
1015 2780 1183 2838 tensa,
1207 2775 1372 2839 lyram

315 2845 628 2897 deformavit
648 2846 690 2897 ε’
724 2854 780 2897 et
818 2861 1022 2899 rursus:
1063 2852 1080 2879 ‘
1105 2850 1289 2915 chelyn
1321 2851 1374 2903 id

316 2932 395 2975 est
433 2925 598 2990 lyram
622 2939 651 2973 e
677 2924 950 2976 testudinis
983 2931 1124 2977 testa
1148 2925 1378 2978 factam!

316 3001 468 3055 Quod
494 3016 651 3066 porro
671 3002 809 3054 inter
828 3002 942 3053 illas
968 3001 1261 3068 discrimen,
1293 3006 1378 3054 vix

314 3085 543 3129 statuas:
604 3093 892 3144 quanquam
945 3077 1108 3130 fnisse
1152 3094 1251 3130 non
1297 3092 1379 3133 est

316 3153 678 3209 dubitandum.
769 3155 1025 3207 Diodorus
1077 3157 1377 3210 trichordon

316 3232 477 3296 lyram
507 3232 752 3283 extitisse
777 3240 960 3284 auctor
982 3241 1090 3286 est:
1131 3242 1186 3286 at
1207 3236 1378 3287 Hora-

317 3308 420 3358 tius
442 3306 697 3358 ‘citharam
722 3324 815 3358 seu
840 3309 1154 3360 testudinem
1176 3318 1377 3377 septem

318 3385 489 3434 nervis
525 3392 724 3435 tensam
764 3393 819 3435 et
856 3385 1159 3437 instructam
1182 3387 1382 3453 scribit,

315 3460 606 3513 imitatione
641 3460 879 3518 Pindari,
913 3463 1000 3528 qui
1032 3461 1382 3526 ἑπτάγλωσσον

317 3536 574 3602 φόρμιγγα,
605 3536 657 3586 id
690 3546 788 3602 est,
822 3545 1034 3603 septenos
1060 3544 1272 3592 edentem
1300 3558 1376 3592 so-

315 3627 415 3677 nos,
430 3614 521 3665 ait.
556 3615 610 3665 S.
630 3615 851 3666 Hieron.
868 3617 1069 3674 scribit,
1093 3621 1108 3645 ‘
1126 3618 1377 3670 citharam

318 3688 450 3741 effici
476 3692 530 3741 in
566 3693 776 3742 modum
814 3693 981 3743 literae
1004 3701 1065 3745 Δ.
1089 3709 1205 3744 cum
1228 3697 1374 3746 chor-

317 3764 396 3815 dis
417 3767 868 3833 vigintiquatuor,
891 3778 945 3819 et
963 3784 1057 3833 per
1075 3771 1264 3836 digitos
1292 3788 1376 3820 va-

320 3841 407 3891 riis
425 3843 656 3907 vocibus,
681 3844 993 3910 tinnulisque
1013 3845 1204 3896 ictibus
1227 3848 1278 3896 in
1304 3848 1378 3896 di-

317 3918 481 3971 versis
508 3919 676 3969 modis
709 3921 999 3971 concitari.'
1049 3922 1167 3972 Hoc
1205 3930 1379 3973 autem

320 3994 597 4047 observare
633 3996 780 4056 licet,
816 3997 921 4047 dici
954 3997 1138 4062 chelyn
1163 4005 1380 4048 sentes-

321 4070 546 4122 tudinem
572 4078 628 4121 et
651 4072 903 4124 citharam
928 4072 1104 4136 digitis
1137 4081 1226 4124 aut
1258 4086 1380 4138 pec·

319 4147 423 4197 tine
454 4149 680 4213 pulsari:
727 4149 945 4207 Seneca,
993 4152 1008 4177 ‘
1031 4150 1214 4214 chelyn
1242 4152 1381 4215 plec-

320 4230 399 4273 tro
439 4223 744 4288 verberaris
785 4226 873 4276 ait.
930 4226 1195 4277 Lucanus:
1236 4232 1251 4259 ⁴
1275 4229 1379 4280 Seu

1448 1153 1635 1219 chelyn
1657 1154 1836 1220 digitis
1857 1162 1913 1206 et
1935 1157 2131 1208 eburno
2156 1159 2369 1210 verbere
2395 1159 2508 1223 pul-

1453 1229 1574 1281 sas!
1629 1230 1702 1281 At
1735 1233 1846 1296 lyra
1873 1234 1998 1297 pelli
2029 1235 2329 1286 dicebatur-³
2374 1236 2511 1286 idem

1452 1305 1677 1357 ibidem:
1712 1315 1726 1337 ⁶
1756 1308 1871 1358 Nec
1911 1310 2104 1376 pudeat
2141 1313 2405 1378 pepulisse
2442 1314 2514 1377 ly·

1452 1383 1597 1434 rama’
1645 1384 1805 1436 Ovid.
1827 1386 1961 1438 Met.
2000 1400 2055 1437 x.
2086 1392 2203 1440 205.
2269 1390 2284 1418 ‘
2305 1390 2379 1439 Te
2401 1390 2513 1451 lyra

1455 1460 1606 1523 pulsa
1628 1475 1803 1526 manu,
1839 1469 1893 1513 te
1922 1465 2150 1516 carmina
2168 1472 2348 1516 nostra
2368 1479 2514 1515 sona-

1452 1534 1619 1586 bunt)
1684 1538 1940 1605 Cruquius
1970 1542 2042 1591 ita
2085 1542 2136 1592 in
2175 1543 2309 1593 hunc
2343 1543 2510 1594 locum

1453 1614 1651 1673 scribit,
1681 1629 1747 1665 ex
1777 1617 2022 1669 idiomate
2044 1618 2249 1683 Italico,
2274 1619 2516 1670 Aleman-

1452 1694 1590 1752 nico,
1627 1695 1927 1761 Flandrico,
1957 1697 2182 1762 Gallico,
2216 1699 2331 1763 lyra
2353 1712 2513 1770 'snum

1420 1765 1431 1774 ’
1456 1770 1624 1822 adhuc
1647 1788 1835 1823 nomen
1856 1768 2012 1826 habet
2029 1776 2306 1840 integrum.
2342 1777 2419 1826 Ea
2436 1776 2514 1824 ni-

1453 1848 1639 1898 mirum
1665 1857 1764 1914 est,
1786 1866 1886 1916 qua
1925 1852 2151 1902 mendici
2175 1853 2385 1902 vicatim
2424 1852 2515 1902 sti-

1455 1930 1574 1989 pem
1594 1927 1870 1989 quaeritare
1888 1935 2063 1976 uotum
2082 1935 2190 1989 est3
2220 1943 2338 1978 nam
2361 1935 2416 1978 et
2440 1929 2515 1977 in·

1453 2015 1612 2052 curva
1636 2009 1735 2066 est,
1769 2011 1825 2054 et
1845 2006 2084 2055 δελτωτοῦ
2099 2004 2319 2059 formam
2349 2003 2517 2061 refert

1453 2079 1671 2143 propius
1702 2079 1940 2132 intuenti·
2005 2081 2215 2131 Cithara
2255 2096 2377 2133 vero
2410 2088 2515 2132 tes·

1454 2154 1582 2205 tudo
1617 2163 1802 2208 vocata
1840 2172 1871 2206 a
1903 2155 2069 2208 form-i
2100 2164 2251 2209 testae
2276 2159 2385 2224 ejus
2408 2158 2515 2208 ani·

1452 2232 1621 2294 malis,
1641 2234 1740 2283 ἅτε.

1516 2313 1547 2357 7
1588 2310 1843 2375 Callidum,
1893 2311 2115 2375 quicquid
2165 2312 2365 2376 placuit,
2406 2310 2514 2376 ἔγω]

1453 2383 1620 2447 Clam,
1643 2386 1924 2451 ingeniose,
1946 2388 2150 2452 jocose,
2182 2387 2387 2438 furandi
2411 2404 2515 2438 ma·

1452 2459 1689 2523 gistrum.
1758 2463 1969 2524 Duplex
2004 2465 2241 2512 nimirum
2274 2473 2354 2513 est
2385 2463 2514 2514 furti

1449 2534 1678 2597 species,
1700 2549 1791 2584 seu
1824 2533 2031 2586 furandi
2053 2552 2155 2586 ars.
2223 2539 2342 2589 Una
2363 2540 2517 2596 seria,

1452 2607 1706 2673 improba,
1729 2610 1994 2675 injuriosa,
2011 2613 2220 2677 legibus
2244 2604 2436 2664 vetita}
2461 2621 2517 2665 et

1454 2690 1521 2741 de
1559 2691 1654 2742 hac
1693 2705 1794 2742 non
1834 2698 1916 2742 est
1955 2693 2165 2742 mentio.
2234 2692 2307 2743 At
2351 2693 2517 2744 altera
2617 2731 2626 2739 ,

1455 2774 1538 2819 est
1581 2768 1960 2833 oblectationis,
1984 2771 2117 2836 joci,
2156 2778 2213 2821 et
2247 2770 2514 2822 industria

1458 2844 1694 2909 ludicrae,
1731 2847 1784 2898 in
1806 2860 1908 2912 qua
1930 2847 2179 2905 excelluit
2202 2848 2513 2901 Mercurium.

1462 2921 1606 2975 Hinc
1636 2929 1692 2973 et
1723 2923 2012 2990 Lycurgus,
2046 2924 2111 2974 ad
2146 2925 2407 2977 acuendos
2440 2923 2517 2974 fn.

1462 2999 1612 3050 randi
1650 3002 1862 3051 solertia
1892 3002 2265 3067 Spartanorum
2301 3002 2515 3066 animos,

1460 3076 1715 3141 impunita
1746 3093 1860 3129 esse
1895 3076 2037 3128 furta
2062 3086 2322 3131 sanxerat.
2390 3080 2516 3130 Phi-

1457 3152 1663 3203 lostrat.
1686 3153 1905 3218 Imagin.
1943 3154 2034 3203 lib.
2069 3168 2108 3202 ι.
2140 3152 2283 3204 furta
2308 3153 2519 3203 Mercu·

1458 3231 1519 3280 rii
1545 3231 1733 3296 jocosa
1756 3237 1912 3283 vocat
1941 3230 2098 3292 ἡδείας
2130 3230 2330 3282 κλοπάς.
2397 3231 2516 3280 Ful-

1457 3308 1664 3370 gentius
1702 3308 1821 3359 ideo
1856 3309 2261 3372 negotiatoribus
2293 3320 2518 3372 praeesse

1460 3385 1593 3434 dicit
1622 3386 1963 3450 Mercurium,
1987 3385 2124 3452 quod
2148 3386 2223 3436 illi
2250 3386 2335 3436 vix
2358 3399 2388 3433 a
2410 3382 2517 3433 fur-

1459 3468 1515 3511 to
1540 3461 1790 3515 immunes
1823 3464 1947 3513 sint.
2012 3461 2129 3513 Alii·
2148 3464 2326 3513 volunt
2348 3461 2519 3524 desig*

1459 3540 1571 3601 nari
1615 3540 1716 3590 vim
1760 3541 2020 3602 orationiS,
2053 3552 2165 3605 quae
2196 3539 2383 3590 sensim
2408 3538 2517 3587 anio

1458 3629 1569 3664 mos
1602 3622 1783 3680 captat
1815 3630 1877 3665 ac
1910 3616 2065 3680 rapit.
2131 3616 2250 3666 Huc
2273 3616 2426 3663 etiam
2452 3612 2517 3662 ab

1458 3694 1572 3743 aliis
1597 3692 1820 3743 refertur
1847 3693 2038 3756 Magire
2057 3706 2119 3741 ac
2136 3690 2516 3755 p?aestigiorum

1457 3768 1709 3830 inventio,
1754 3782 1868 3832 quae
1924 3769 2172 3817 tribuitur
2219 3767 2515 3817 Mercurio}

1461 3859 1546 3892 ars
1569 3856 1756 3907 nempe
1778 3845 1853 3892 sic
1887 3848 2165 3894 astantium
2188 3845 2361 3895 oculos
2386 3856 2519 3910 praez

1460 3921 1771 3985 stringendi,
1807 3929 1869 3970 ut
1906 3921 2077 3971 dolum
2113 3936 2212 3972 non
2238 3923 2518 3972 advertant

1460 4006 1635 4046 coram
1658 3997 1783 4061 ipsis
1807 4004 2179 4062 perpetratum.

1525 4078 1559 4123 9
1594 4075 1678 4138 Te,
1698 4073 1834 4125 bores
1856 4076 1987 4139 olim,
2018 4073 2125 4139 ξιπ]
2160 4074 2515 4125 calliditatem

1463 4151 1734 4215 Mercurii,
1773 4162 1828 4203 et
1852 4153 2085 4219 peritiam
2102 4152 2287 4216 jocose
2310 4149 2516 4198 furandi

1460 4232 1665 4294 probat.
1711 4231 1844 4282 Haec
1869 4238 2043 4281 autem
2059 4238 2139 4280 est
2157 4229 2386 4285 historia,
2421 4241 2516 4276 seu
